4040 6166
250 303 393 360 1141

251 507 425 562 vivere
458 505 694 564 Christus
714 551 728 574 ,
756 520 802 562 et
837 518 864 546 ⁸
896 509 1030 564 mori
1057 511 1283 566 lucrum.
1311 509 1497 580 Itaque
1516 516 1634 585 jam
1673 531 1774 568 non
1803 515 1860 568 in

248 615 436 666 carne,
466 601 557 654 sed
582 603 634 654 in
663 600 766 670 fide
795 602 1008 656 vivimus
1037 600 1232 656 Christi
1254 602 1478 675 (Philip.
1506 619 1543 668 ι,
1567 604 1683 676 21).
1714 607 1859 677 Apo-

243 693 426 748 stolus
455 692 587 748 dicit
614 713 626 749 :
661 693 811 750 Unde
834 695 1123 767 colligimus
1141 697 1263 766 quia
1284 698 1556 754 conclusus
1575 709 1648 754 est
1675 699 1859 755 mundi

244 787 358 842 dies
386 785 590 858 (Galat.
620 803 682 855 ll,
712 786 791 860 2).
828 789 1067 859 Denique
1094 789 1384 846 novissima
1413 791 1543 846 hora
1573 796 1717 848 venit
1746 793 1854 847 Do-

243 882 432 936 minus
449 881 631 950 Jesus,
655 893 708 937 et
731 897 827 952 pro
842 883 996 938 nobis
1014 893 1260 939 mortuus
1281 898 1384 951 est,
1403 896 1459 942 et
1481 902 1670 942 omnes
1691 887 1744 940 in
1764 887 1856 942 illo

242 975 454 1031 mortui
485 989 706 1044 sumus,
741 986 798 1032 ut
828 978 1068 1033 vivamus
1097 979 1210 1036 Deo
1239 978 1280 1050 (l
1309 980 1468 1035 Joan.
1501 997 1558 1048 tt,
1594 981 1706 1051 18).
1735 981 1852 1036 Νοιι

244 1082 380 1137 ergo
415 1083 513 1122 nos
540 1072 628 1140 qui
660 1085 899 1136 eramus,
931 1071 1162 1126 vivimus
1194 1090 1206 1125 :
1240 1072 1334 1128 sed
1368 1074 1498 1128 vivit
1523 1073 1771 1129 Christus
1800 1076 1851 1128 in

245 1161 410 1216 nobis
437 1160 505 1229 (Il
537 1159 654 1216 Cor.
685 1178 738 1228 v,
764 1164 878 1234 15).

320 1256 410 1309 15.
455 1255 599 1310 Abiit
620 1270 752 1326 ergo
782 1255 1096 1323 hebdomas,
1125 1258 1276 1313 venit
1299 1269 1510 1314 octava.
1534 1259 1681 1314 Abiit
1709 1260 1847 1326 beri,

243 1349 395 1404 venit
447 1348 609 1404 hodie
643 1367 656 1402 :
695 1349 827 1404 illud
857 1348 1018 1406 hodie
1063 1351 1207 1421 quod
1242 1351 1564 1423 promissum
1595 1362 1709 1417 est,
1742 1369 1850 1420 quo

241 1443 510 1498 admoniti
533 1458 718 1498 sumus
746 1459 936 1499 vocem
960 1445 1050 1500 Dei
1073 1445 1393 1500 audiendam
1419 1456 1474 1502 et
1494 1446 1845 1516 sequendam.

240 1536 395 1591 Abiit
428 1552 557 1607 ergo
602 1537 692 1592 ille
737 1537 853 1592 dies
905 1537 1234 1594 Testamenti
1269 1541 1496 1604 veteris,
1539 1540 1685 1594 venit
1730 1539 1848 1597 dies

240 1646 446 1695 novus,
476 1645 586 1700 quo
615 1630 1021 1686 Testamentum
1047 1643 1478 1688 consummatum
1509 1642 1593 1687 est
1619 1648 1844 1700 novum,

237 1723 308 1780 de
338 1739 455 1796 quo
483 1723 612 1780 dicit
642 1742 654 1778 :
686 1723 817 1779 Ecce
841 1726 951 1779 dies
995 1727 1222 1792 veniunt,
1255 1727 1382 1780 dicit
1426 1724 1704 1792 Dominus,
1733 1718 1763 1760 δ
1798 1736 1848 1780 et

1468 304 1952 364 EPISTOLARUM
1990 306 2277 364 CLASSIS
2318 309 2362 364 l.

253 420 424 473 vitam
468 425 740 486 nostram,
776 417 872 473 sed
909 416 1186 473 Christum
1209 417 1483 475 vivimus:
1529 419 1696 476 Nobis
1723 423 1860 476 enim
1885 425 1939 485 Α

3430 312 3570 367 illi

2473 421 2490 461 τ
2513 423 2852 480 EPISTOLA
2893 423 3054 479 XLV.

1965 514 2163 570 Sabino
2214 517 2498 570 sciscitanti
2539 534 2606 570 an
2633 517 2696 571 de
2739 516 2983 588 paradiso
3010 517 3299 587 scripsisset
3347 520 3563 575 Ambro-

2031 609 2156 672 sius,
2188 624 2363 679 quteve
2390 610 2557 678 ipsius
2585 609 2649 663 de
2677 609 2770 663 illo
2797 619 2925 664 esset
2956 610 3227 675 sententia,
3253 612 3562 679 respondet;

2033 701 2310 771 leviterque
2357 704 2630 772 perstricta
2674 702 2959 757 secundum
3009 702 3278 757 historiam
3333 704 3434 758 loci
3475 705 3565 758 dc-

2031 797 2340 865 scriptione,
2359 797 2429 851 ad
2459 799 2732 867 mysticam
2754 797 2939 851 transit
2967 798 3354 866 expositionem.
3379 796 3563 870 Itaque

2029 886 2117 939 ubi
2143 887 2318 941 docuit
2362 889 2415 941 in
2445 889 2731 958 principali
2778 888 2968 944 anima:
2998 891 3234 959 portione
3259 890 3563 961 paradisum

2029 994 2155 1044 esse,
2187 979 2313 1048 quid
2341 997 2433 1050 per
2473 997 2534 1034 ea
2564 995 2680 1050 qua:
2706 980 2815 1034 illic
2847 982 3176 1050 exstiterunt,
3205 982 3560 1052 significetur;

2027 1070 2213 1137 quidve
2281 1071 2332 1124 in
2381 1083 2620 1141 serpente
2664 1072 2895 1126 homines
2952 1073 3215 1126 imitentur
3256 1072 3465 1139 edocet;
3513 1084 3560 1129 et

2026 1172 2218 1234 quanta
2255 1165 2320 1218 sit
2348 1164 2575 1219 humana
2619 1165 2923 1234 inﬁrmitas,
2954 1177 3206 1233 quantove
3237 1166 3292 1219 in
3317 1183 3434 1220 eum
3463 1163 3562 1220 Dei

2027 1257 2256 1311 charitas
2284 1273 2484 1326 semper
2512 1261 2692 1326 fuerit,
2723 1259 3007 1325 declarato,
3041 1275 3134 1312 nos
3159 1258 3228 1312 ad
3258 1259 3559 1330 fugiendam

2024 1367 2267 1406 sensuum
2293 1351 2682 1406 delectationem
2707 1351 2962 1406 hortatur.

2475 1444 2782 1498 Auen051us
2809 1442 3026 1499 SABINO.

2026 1537 2075 1590 1.
2117 1535 2286 1591 Lecto
2338 1535 2707 1602 Hexaemero,
2753 1547 2934 1592 utrum
2985 1536 3293 1606 paradisum
3368 1534 3556 1591 subte-

1953 1631 2163 1686 xuerim
2185 1671 2198 1693 ,
2230 1629 2619 1700 requirendum
2667 1633 2865 1700 putaSti
2887 1671 2900 1694 ,
2933 1639 2987 1686 et
3013 1647 3170 1702 quam
3203 1631 3269 1686 de
3296 1646 3362 1686 eo
3392 1630 3558 1686 habe-

1951 1738 2064 1776 rem
2117 1724 2476 1788 sententiam,
2507 1721 2949 1792 signiﬁcandum,
2979 1723 3145 1792 idque
3180 1723 3321 1780 velle
3353 1734 3406 1778 te
3438 1732 3555 1777 stu-

234 1815 562 1884 conﬁrmabo
608 1815 783 1869 domui
816 1815 984 1871 Israel
1010 1828 1058 1871 et
1088 1819 1269 1871 domui
1295 1815 1437 1872 Iuda
1471 1818 1848 1873 Testamentum
1878 1822 1926 1882 Β
1952 1813 2105 1868 diose
2129 1829 2482 1882 cognoscere.
2516 1814 2626 1883 ligo
2652 1824 2834 1869 autem
2859 1816 2968 1883 jatn
2996 1815 3198 1870 dudum
3225 1815 3293 1871 de
3325 1830 3392 1871 eo
3421 1816 3558 1871 scri-

235 1925 432 1964 novum
460 1925 479 1962 :
513 1924 614 1962 non
657 1908 943 1962 secundum
992 1909 1380 1964 Testamentum
1403 1951 1418 1976 ,
1450 1910 1586 1980 quod
1614 1911 1714 1981 feci
1753 1926 1847 1979 pa-

233 1999 404 2056 tribus
432 2001 642 2055 illorum
674 2001 726 2056 in
752 2001 856 2068 die,
890 2017 993 2071 qua
1023 2001 1344 2071 apprehendi
1373 2017 1579 2055 manum
1613 2002 1845 2072 ipsorum

235 2095 460 2149 educere
486 2093 607 2147 illos
635 2096 697 2147 de
721 2103 858 2148 terra
904 2092 1126 2164 ngypti
1158 2091 1348 2162 (Hebr.
1381 2107 1502 2158 vni,
1533 2089 1610 2158 8).
1637 2091 1702 2146 Et
1739 2107 1842 2161 qua

233 2187 455 2242 ratione
484 2187 506 2215 °
536 2196 802 2241 mutatum
847 2189 919 2240 sit
967 2185 1376 2241 Testamentum
1426 2185 1611 2254 adjicit
1647 2203 1658 2236 :
1702 2183 1845 2251 Quo-

233 2279 377 2333 niam
406 2279 506 2350 ipsi
539 2293 639 2333 non
671 2288 992 2342 manserunt,
1023 2279 1226 2348 inquit,
1255 2279 1309 2330 in
1342 2275 1664 2332 Testamento
1707 2292 1840 2331 meo.

231 2382 280 2426 et
307 2389 406 2444 ego
433 2373 634 2444 neglexi
662 2389 769 2438 eos,
793 2371 922 2425 dicit
951 2368 1203 2425 Dominus
1233 2368 1422 2439 (Ibid.,
1448 2369 1528 2437 9).

307 2463 402 2520 16.
431 2461 457 2500 ιι
477 2465 746 2520 Abierunt
774 2463 1086 2518 sacerdotes
1117 2462 1296 2530 Legis,
1325 2461 1482 2530 Legis
1510 2461 1799 2516 tribunalia
1825 2480 1840 2517 :

230 2559 563 2614 accedamus
593 2558 660 2612 ad
686 2556 1025 2614 sacerdotem
1075 2571 1273 2610 novum
1307 2553 1493 2626 (llebr.
1525 2569 1598 2620 tv,
1633 2555 1745 2622 14),
1772 2553 1840 2608 ad

230 2651 424 2706 sedem
453 2649 663 2720 gratim,
694 2649 1026 2704 visitatorem
1059 2649 1360 2703 animarum
1395 2655 1726 2713 nostrarum,
1755 2660 1841 2700 sa-

229 2746 515 2804 cerdotetn
569 2762 675 2800 non
729 2744 1028 2800 secundum
1069 2743 1267 2813 Legem
1319 2741 1556 2796 mandati
1604 2739 1840 2796 carnalis

230 2847 516 2903 creatum,
549 2843 643 2892 sed
677 2837 976 2892 secundum
1007 2845 1028 2872 ε
1058 2835 1312 2889 virtutem
1349 2832 1698 2903 infatigabilis
1726 2833 1840 2888 ele-

231 2940 383 2985 ctum
415 2928 606 3002 (Hebr.
640 2944 739 2993 vn,
773 2928 885 3000 16).
915 2928 1032 2983 Non
1064 2929 1207 2983 enim
1257 2926 1372 2995 ipse
1425 2925 1526 2980 sibi
1576 2927 1838 2979 honorem

232 3024 549 3092 praeripuit,
580 3021 677 3077 sed
708 3021 916 3076 electus
944 3036 973 3074 a
1003 3020 1161 3075 Patre
1187 3029 1268 3074 est
1292 3017 1478 3091 (Hebr.
1511 3033 1566 3084 v,
1600 3016 1675 3088 4),
1699 3016 1841 3072 sicut

231 3115 350 3185 ipse
383 3115 544 3170 Pater
571 3114 647 3169 ait
675 3133 686 3164 :
718 3111 798 3167 Tu
827 3130 878 3168 es
906 3113 1146 3166 sacerdos
1182 3111 1235 3165 in
1260 3121 1511 3165 azternum
1554 3109 1832 3163 secundant

1953 1908 2058 1976 psi,
2090 1907 2330 1962 nondum
2366 1917 2656 1962 veteranus
2680 1907 2963 1962 sacerdos.

2019 1997 2072 2050 2.
2118 1996 2432 2053 Sententias
2456 2011 2632 2054 autem
2677 1998 2745 2052 de
2773 2014 2840 2054 eo
2866 1998 3110 2055 diversas
3139 2015 3260 2056 esse
3298 2001 3559 2071 plurimo-

1948 2107 2065 2145 rum
2089 2091 2351 2156 comperi.
2381 2089 2518 2144 Nam
2548 2090 2821 2160 Josephus
2853 2090 2988 2162 (Lib.
3014 2107 3030 2146 ι
3062 2093 3296 2163 Antiqq.,
3327 2111 3443 2164 cap.
3469 2094 3552 2161 2),

1947 2193 2006 2238 ut
2033 2195 2159 2253 pote
2188 2183 2681 2253 historiographus,
2733 2187 2909 2239 locum
2936 2185 3072 2240 dicit
3109 2187 3368 2242 refertum
3396 2189 3556 2242 arbo-

1945 2277 2098 2331 ribus
2125 2275 2484 2345 virgultisque
2518 2276 2800 2345 plurimis,
2830 2278 3037 2347 irrigari
3087 2280 3250 2332 etiam
3285 2278 3510 2335 ﬂumine
3533 2319 3550 2346 ,

1946 2367 2092 2437 quod
2141 2367 2412 2422 dividatur
2460 2368 2512 2420 in
2564 2381 2796 2438 quatuor
2823 2368 3036 2422 ﬂuvios.
3069 2367 3309 2424 Collecta
3347 2371 3550 2425 etenim

1947 2460 1999 2512 in
2032 2476 2194 2514 unum
2225 2461 2639 2530 congregatione
2662 2476 2946 2530 aquarum,
2979 2478 3082 2515 non
3111 2476 3170 2517 se
3197 2463 3412 2532 penitus
3437 2464 3549 2518 exi-

1946 2553 2153 2606 nanivit
2187 2563 2351 2614 terra,
2399 2565 2452 2607 et
2482 2552 2755 2606 fraudavit
2792 2553 3008 2623 irriguis
3035 2556 3190 2608 suis:
3223 2555 3318 2609 sed
3366 2555 3551 2611 hodie-

1943 2661 2050 2716 que
2096 2646 2147 2699 in
2197 2645 2375 2700 fontes
2409 2646 2748 2715 prorumpit,
2784 2658 2839 2701 et
2867 2647 3085 2701 deducit
3133 2656 3342 2702 meatus
3373 2650 3553 2704 itumi-

1946 2740 2173 2804 minum,
2201 2738 2398 2809 quibus
2427 2740 2652 2809 pignora
2684 2753 2805 2806 sua,
2839 2739 2992 2809 quasi
3039 2741 3124 2811 pia
3155 2751 3351 2805 mater,
3375 2741 3551 2812 plenis

1945 2833 2108 2888 lactat
2136 2833 2414 2889 uberibus.

2016 2928 2072 2982 5.
2114 2925 2218 2980 Alii
2250 2927 2417 2992 alias,
2459 2941 2652 2981 ontnes
2698 2933 2882 2980 tamen
2929 2936 3231 2996 congruunt
3278 2927 3331 2980 in
3390 2942 3548 2996 para-

1943 3020 2061 3077 diso
2094 3019 2248 3092 (Gen.
2281 3037 2341 3086 tt,
2370 3021 2450 3091 9),
2484 3028 2539 3076 et
2585 3019 2790 3090 lignum
2837 3019 2963 3074 vita:
3011 3019 3310 3074 radieatum
3339 3062 3355 3086 ,
3399 3032 3453 3077 et
3483 3021 3545 3076 li.

1943 3132 2106 3185 gnum
2136 3116 2401 3182 scientias,
2432 3132 2552 3184 qua:
2576 3115 2851 3170 discernat
2886 3114 3085 3168 bonum
3110 3125 3162 3168 et
3191 3114 3418 3180 malum,
3439 3131 3546 3169 ca:-

230 3208 467 3262 ordittem
497 3206 876 3261 Melchisedech
905 3205 1077 3277 (Ρδαι-
1108 3219 1193 3259 CIX
1215 3248 1228 3267 .
1263 3205 1338 3270 4)-
1373 3203 1553 3257 NWUS
1584 3217 1713 3272 01‘80
1739 3217 1829 3256 8³·
1857 3206 1902 3267 C
1938 3221 2051 3267 tera
2081 3226 2298 3282 quoque
2331 3211 2470 3281 ligna
2506 3209 2663 3278 plena
2694 3209 2919 3279 vigoris,
2953 3209 3106 3276 plena
3138 3207 3540 3275 vivilicationis,

228 3301 430 3356 cerdos
476 3299 724 3356 videmus
769 3297 895 3367 quid
945 3297 1219 3352 obtulerit.
1253 3296 1358 3352 Alii
1397 3295 1706 3350 sacerdotes
1739 3309 1835 3364 pro

230 3408 290 3449 se
321 3392 645 3458 oﬂ‘erebant,
671 3392 834 3463 981
857 3400 910 3446 et
932 3406 1030 3461 pro
1057 3390 1258 3461 popqu
1288 3405 1386 3445 suo
1419 3407 1432 3445 :
1465 3389 1552 3444 hic
1573 3389 1696 3460 quia
1729 3401 1834 3442 non

231 3487 419 3541 habuit
475 3499 750 3556 peccatum
777 3527 791 3553 ,
823 3493 878 3540 ut
925 3500 1021 3556 pro
1052 3500 1110 3541 se
1154 3482 1407 3551 otierrct,
1445 3498 1542 3554 pro
1574 3483 1834 3538 universo

229 3580 436 3637 mundo
482 3597 542 3638 se
568 3581 797 3649 obtulit,
831 3591 887 3637 et
918 3597 1012 3652 per
1061 3581 1381 3650 sanguinem
1426 3596 1584 3635 suum
1613 3580 1834 3635 intravit

228 3675 283 3731 in
313 3685 519 3732 sancta.

301 3772 390 3826 17.
436 3769 531 3825 Hic
559 3779 647 3826 est
697 3783 827 3838 ergo
871 3767 1130 3823 sacerdos
1166 3782 1370 3833 novus,
1401 3776 1456 3822 et
1485 3782 1622 3821 nova
1656 3766 1829 3820 hostia

228 3878 341 3918 non
367 3878 434 3917 ex
467 3862 639 3929 Lege,
687 3861 782 3914 sed
812 3874 976 3928 supra
1008 3857 1245 3928 Legem;
1282 3859 1576 3912 advocatus
1607 3857 1827 3924 mundi,

228 3959 321 4014 lux
353 3955 538 4009 sreculi
561 3994 575 4016 ,
608 3953 700 4022 qui
729 3952 862 4007 dixit
899 3972 910 4006 :
941 3951 1080 4008 Ecce
1129 3952 1288 4006 venio
1310 3995 1324 4015 ,
1352 3962 1404 4006 et
1449 3951 1596 4005 venit
1643 3950 1826 4021 (Apoc.

227 4063 372 4112 nu,
394 4045 471 4117 7).
493 4043 575 4100 Ad
598 4053 758 4114 quem
775 4045 1098 4099 accedamus
1118 4043 1170 4097 in
1194 4041 1519 4096 abundantia
1545 4040 1668 4096 lidei
1693 4040 1825 4095 ado-

228 4151 417 4196 rantes
443 4148 498 4194 et
523 4138 872 4194 obsecrantes
893 4148 946 4190 ct
973 4146 1255 4204 sperantes
1285 4135 1338 4190 in
1362 4151 1510 4204 eum,
1534 4151 1691 4205 quem
1721 4153 1826 4191 non

228 4236 478 4290 videmus
508 4230 833 4298 ocnlis,.sed
877 4230 1069 4286 allecto
1099 4239 1346 4286 tenemus
1377 4248 1390 4285 :
1422 4232 1507 4286 cui
1534 4242 1618 4287 est
1647 4231 1828 4288 omnis

230 4329 404 4383 honor
447 4342 660 4397 semper
703 4336 757 4382 et
801 4325 992 4397 gloria.
1027 4325 1190 4392 Vale,
1225 4326 1332 4394 liii,
1377 4335 1432 4382 et
1479 4341 1577 4382 nos
1619 4326 1822 4397 dilige;

229 4421 353 4492 quia
385 4435 484 4476 nos
516 4428 566 4476 te
595 4419 884 4490 diligimus.

302 4672 326 4700 σι
359 4659 430 4716 lla
475 4671 580 4717 vet.
615 4661 744 4718 edit.
793 4676 855 4715 ac
885 4675 1014 4715 mss.
1047 4677 1152 4714 non
1203 4662 1360 4729 pauci
1394 4681 1406 4716 :
1456 4661 1612 4717 Rom.
1645 4671 1822 4718 autem
1852 4667 1905 4726 D

231 4734 387 4799 edit.,
417 4733 546 4788 mori
595 4735 812 4788 lucrum.
848 4731 913 4784 Et
953 4733 1078 4785 alibi
1127 4733 1315 4800 itaque,
1349 4743 1456 4788 etc.
1492 4751 1505 4786 :
1535 4750 1666 4788 mss.
1696 4750 1825 4788 vero

229 4807 317 4860 alii
352 4807 488 4862 bene
517 4805 692 4867 multi,
727 4805 858 4858 mori
882 4803 1100 4867 lucrum,
1133 4821 1164 4858 a
1195 4816 1407 4873 peccato
1433 4815 1505 4859 est
1529 4806 1674 4874 fuga.
1710 4805 1822 4860 Ita-

417 4890 425 4930 ι
473 4918 485 4930 .

229 4893 516 5002 φιξἸῗοῗη.
564 4947 721 5012 edit.,
750 4957 798 5001 et
841 4947 1224 5002 consummabo.
1273 4987 1285 4999 .
1335 4983 1348 4998 .
1396 4986 1407 4998 .

228 5021 368 5084 illos,
401 5031 506 5074 etc.

303 5101 325 5130 ο
363 5092 580 5146 Amer-b.
604 5106 728 5147 cum
753 5107 879 5146 mss.
912 5105 1018 5144 non
1042 5091 1246 5161 paucis,
1272 5097 1524 5142 mutatam
1547 5091 1611 5142 sit
1635 5097 1826 5156 tanien,

229 5163 430 5216 adiicit.

289 5182 488 5288 Iliad.
516 5233 660 5290 Prat.
694 5244 749 5289 et
796 5233 978 5296 Gem.,
1009 5233 1261 5287 Adierunt
1307 5230 1599 5285 sacerdotes
1641 5230 1827 5304 Legis;

228 5305 410 5367 Gem.,
444 5307 580 5377 regis
605 5306 905 5360 tribunalia.

302 5387 325 5414 ι’
361 5372 520 5430 Βίην.
548 5377 678 5430 edit.
715 5377 860 5440 snla,
891 5376 1128 5428 virtutem
1164 5372 1524 5438 insolubilem;
1550 5383 1661 5428 vet.
1692 5375 1823 5429 edit.

229 5463 350 5501 cum
408 5463 535 5500 mss.
584 5452 824 5514 aliquot,
887 5446 1121 5498 virtutem
1178 5445 1583 5513 infatigabilem;
1641 5447 1831 5515 reliqui

229 5518 350 5573 eod.
383 5529 437 5571 ut
490 5518 541 5569 in
575 5523 830 5570 contextu
852 5555 864 5576 ,
914 5517 1013 5568 nisi
1047 5515 1189 5582 quod
1225 5517 1369 5569 Prat.
1403 5525 1459 5569 et
1487 5516 1641 5571 Gem.
1674 5518 1830 5572 exhi-

229 5589 393 5651 bent,
429 5591 667 5639 virtutem
709 5586 1052 5654 infatigabilis
1080 5588 1228 5650 t'itte;
1275 5587 1368 5641 sed
1399 5587 1452 5640 in
1479 5587 1599 5641 aliis
1641 5590 1836 5643 melius

232 5657 656 5728 sabinteiligitnr
706 5658 1026 5728 testamenti,
1070 5673 1191 5728 quae
1248 5673 1347 5711 vox
1399 5657 1449 5711 in
1489 5658 1831 5714 antecedenti

234 5727 484 5786 membro
515 5727 855 5796 exprimitur,
890 5728 1142 5782 mandati.

310 5799 328 5838 ί
363 5798 574 5870 Scripta
615 5799 760 5854 circa
793 5813 992 5853 annum
1016 5800 1141 5856 589.

1458 4953 1512 4998 ut
1558 4945 1827 5002 educerem

1939 3315 1963 3351 κ
2020 3307 2320 3376 spirantia,
2376 3315 2431 3360 et
2476 3303 2846 3359 rationabilia.
2900 3303 2977 3356 Ex
3030 3304 3229 3373 quibus
3270 3302 3546 3373 colligitur

1937 3393 1964 3431 ιι
1994 3397 2301 3467 paradisum
2323 3397 2496 3466 ipsum
2527 3411 2635 3450 non
2661 3405 2936 3449 terrenum
2963 3392 3130 3448 videri
3158 3407 3336 3462 posse,
3363 3409 3468 3448 non
3490 3395 3542 3449 in

1935 3487 2055 3542 solo
2092 3488 2296 3557 aliquo,
2325 3489 2420 3543 sed
2449 3487 2500 3540 in
2534 3496 2724 3540 nostro
2756 3485 3063 3556 principali.
3093 3488 3236 3556 quod
3265 3488 3544 3542 animatur

1932 3587 1988 3634 et
2015 3579 2316 3634 vivilicatur
2345 3580 2538 3632 animae
2572 3579 2887 3644 virtutibus,
2921 3585 2977 3631 et
3005 3577 3279 3633 inlusione
3305 3577 3542 3648 Spiritus

1932 3675 2051 3731 Dei.
3397 3684 3402 3690 “

2003 3766 2057 3821 4.
2101 3765 2345 3834 Denique
2383 3764 2644 3820 Salomon
2677 3766 2730 3819 in
2773 3765 2966 3834 spiritu
3001 3763 3311 3832 paradisum
3346 3765 3400 3818 in
3443 3763 3539 3819 bo-

1933 3857 2078 3910 mine
2121 3870 2242 3909 esse
2294 3855 2584 3909 evidenter
2625 3856 2946 3910 declaravit.
3000 3853 3067 3906 Et
3107 3855 3230 3920 quia
3278 3856 3538 3924 mysteria

1930 3947 2186 4016 exprimit
2210 3945 2290 3998 vel
2315 3944 2514 4000 inuitum
2543 3957 2597 4000 et
2629 3947 2810 4012 Verbi,
2839 3946 2925 4002 vel
2954 3945 3156 4000 Christi
3178 3953 3233 4014 et
3256 3947 3534 4010 Ecclesiae,

1931 4040 2052 4096 ideo
2077 4039 2154 4093 ait
2180 4039 2247 4094 de
2276 4038 2481 4108 virgine
2509 4040 2714 4105 anima,
2747 4041 2830 4095 vel
2864 4039 3105 4095 Ecclesia
3138 4059 3295 4110 quam
3320 4045 3538 4101 volebat

1930 4133 2194 4203 virginem
2227 4140 2432 4186 castam
2476 4133 2759 4202 assignare
2808 4132 3028 4187 Christo
3075 4133 3143 4205 (ll
3174 4133 3292 4188 Cor.
3325 4152 3399 4201 XI,
3428 4136 3484 4207 ἓ)
3518 4155 3532 4192 :
3617 4127 3630 4134 ’

1933 4225 2218 4283 Paradisus
2248 4223 2486 4291 clausus,
2515 4241 2662 4279 soror
2691 4242 2803 4279 mea
2834 4240 3044 4296 sponsa,
3076 4225 3350 4294 paradisus
3389 4228 3538 4283 clau-

1927 4339 2036 4386 sus,
2068 4321 2183 4390 fons
2206 4320 2439 4390 signatus
2469 4318 2642 4390 (Cant.
2675 4335 2749 4385 tv,
2781 4319 2892 4388 12).

1999 4417 2053 4472 5.
2100 4412 2386 4468 Paradisus
2415 4411 2625 4478 Graece,
2651 4412 2842 4467 Latine
2873 4412 3064 4467 hortus
3116 4410 3334 4468 dicitur.
3373 4413 3536 4469 Deni-

1928 4525 2033 4580 que
2073 4508 2316 4566 Susanna
2365 4507 2419 4561 in
2448 4506 2700 4577 paradiso
2739 4514 2882 4573 erat,
2925 4512 2982 4560 et
3011 4507 3090 4560 sic
3113 4505 3309 4577 legitur
3339 4505 3534 4564 Latine

2004 4676 2026 4712 κ
2059 4664 2212 4719 Philo
2256 4662 2474 4719 Indicus
2521 4664 2614 4737 lib.
2649 4663 2717 4720 de
2767 4653 2950 4737 Mundi
2999 4663 3191 4730 Opilic.
3245 4667 3365 4737 pag.
3415 4669 3528 4723 ὅδε

1934 4737 2220 4812 κατάλδέκτὸ
2248 4740 2396 4812 θεῖον-
2413 4735 2728 4812 παράδειᾳον
2755 4735 2977 4809 ἔμψυχα
2997 4742 3083 4791 καὶ
3110 4737 3283 4810 λοίγικὰ
3303 4735 3368 4793 ’ἑὰ
3395 4739 3529 4812 φυτά

1934 4810 2084 4865 πάντ’
2109 4805 2236 4863 εἶναι
2255 4805 2573 4878 συμϐέϐγίκε.
2600 4819 2704 4861 etc.

2007 4878 2033 4914 h
2065 4879 2222 4952 llam.
2256 4879 2385 4933 adit.
2415 4883 2562 4945 sola,
2595 4880 2892 4945 paradisum
2929 4881 3196 4952 inknostro
3217 4881 3528 4952 principali,

1935 4949 2073 5021 quod
2103 4952 2382 5021 animatur.
2431 4991 2442 5004 .
2489 4991 2501 5003 .
2549 4991 2560 5002 .
2603 4960 2650 5004 et
2676 4952 2934 5019 infusione
2975 4948 3240 5021 Spiritus,
3285 4948 3432 5019 posse
3457 4955 3532 5006 vi-
3599 5013 3601 5018 η

1936 5019 2070 5075 deri.
2107 5019 2363 5090 Denique,
2408 5031 2514 5075 etc.
2547 5021 2662 5074 Non
2712 5033 2787 5074 est
2823 5031 2999 5076 autem
3041 5020 3260 5074 dubium
3292 5023 3416 5086 quin
3448 5025 3530 5077 ln-

1939 5102 2086 5146 vecta
2133 5091 2290 5146 fuerit
2339 5093 2529 5146 isthmc
2581 5092 2835 5154 mutatio,
2870 5107 2936 5145 ne
2988 5091 3218 5156 paradisi
3255 5096 3530 5147 terrestris

1938 5165 2219 5216 veritatem
2273 5165 2591 5218 Ambrosius
2640 5178 2836 5230 nugare
2887 5162 3179 5216 videretur.
3218 5163 3414 5216 Verum
3462 5163 3525 5220 eti

1937 5234 2075 5288 nihil
2104 5251 2239 5301 Opus
2285 5235 2493 5298 fuerat;
2528 5234 2764 5286 histor-im
2796 5234 3062 5302 siqnidom
3096 5235 3374 5288 veritatem
3409 5237 3530 5290 ubi-

1935 5319 2040 5376 que
2068 5315 2160 5359 aut
2188 5307 2454 5374 agnoscit,
2487 5319 2572 5358 aut
2598 5305 2850 5376 supponit
2874 5308 3060 5358 beatus
3083 5303 3279 5376 Doctor
3304 5323 3315 5358 :
3341 5322 3531 5375 quem-

1936 5375 2225 5430 admodum
2269 5377 2364 5429 lib.
2417 5393 2452 5430 ll
2497 5377 2563 5430 de
2613 5375 2890 5438 Par-:zdiso,
2923 5391 3042 5443 cap.
3073 5375 3129 5435 2,
3164 5391 3312 5431 num.
3351 5381 3400 5438 t,
3429 5379 3530 5431 ob-

1936 5459 2203 5501 servatum
2249 5456 2350 5500 est.
2383 5447 2513 5500 Nam
2545 5447 2742 5514 alioqui
2773 5461 2880 5512 quo
2910 5459 3065 5512 parto
3113 5447 3198 5499 hic
3234 5447 3532 5502 afﬁrmaret

1937 5532 2125 5572 omnes
2174 5532 2470 5585 congrui-iro
2503 5520 2641 5584 ligna
2677 5519 2844 5570 fuisse
2887 5519 3137 5588 spirantia
3169 5530 3214 5570 et
3248 5520 3532 5572 rationabi-

1937 5590 2008 5643 lia
2035 5631 2049 5653 ,
2085 5589 2126 5641 si
2181 5588 2283 5642 hoc
2327 5590 2652 5658 intelligeret
2681 5588 2901 5642 excluso
2931 5588 3160 5642 naturali
3191 5605 3350 5645 sensa
3377 5631 3391 5651 ,
3426 5606 3533 5658 quo

1935 5675 1963 5713 a
2017 5661 2262 5728 pluribus
2314 5661 2441 5714 illttd
2493 5660 2718 5725 ἰιιιυΙΙίκί
2773 5675 2874 5712 non
2912 5660 3234 5728 ignorabat?
3267 5660 3332 5714 Et
3383 5671 3531 5716 certe

1937 5735 2102 5786 multa
2149 5741 2270 5785 Sunt
2317 5733 2418 5785 sub
2451 5736 2607 5785 llnt-m
2638 5730 2797 5796 hujus
2826 5729 3069 5799 cpistolm
3095 5773 3108 5795 ,
3139 5747 3257 5799 qua!
3286 5750 3312 5785 τι
3342 5741 3531 5787 sancto

1939 5801 2174 5864 Deatore
2203 5803 2500 5860 Secundum
2525 5800 2807 5856 historiam
2836 5802 2942 5858 dici
2974 5803 3263 5862 obscurum
3291 5818 3395 5860 non
3427 5814 3533 5860 est.
