4042 6174
515 299 648 354 1145

1847 294 2096 350 SANCTI
2136 295 2458 353 AMBllOSll

3673 297 3812 354 11M

501 413 668 486 (Dan.
699 429 813 478 xm,
847 412 923 483 7).
954 411 1021 467 Et
1043 410 1216 466 Adam
1246 412 1301 464 in
1333 410 1583 481 paradiso
1610 419 1746 476 erat,
1775 420 1828 465 et
1854 410 1933 464 sic
1962 410 2093 478 legi-
2121 414 2171 472 Α
2199 409 2422 464 humani
2466 409 2688 480 generis
2736 409 3050 478 luereditas,
3104 409 3130 448 δ
3169 411 3221 466 in
3260 426 3328 466 eo
3378 413 3640 468 astutiam
3694 427 3812 468 sero

503 522 622 561 mus
651 505 802 576 (Gen.
830 519 889 570 tt,
917 503 994 573 8).
1023 503 1190 575 982
1220 502 1366 573 Ergo
1391 517 1499 558 non
1523 512 1576 558 te
1597 512 1811 558 moveat
1836 500 1979 571 quod
2006 501 2099 556 alii

495 594 711 656 codices
742 599 919 654 Latini
950 598 1170 653 hortum
1200 598 1422 664 habent,
1457 598 1550 656 alii
1585 597 1915 668 paradisum.

573 692 626 746 6.
668 690 744 748 lbi
775 706 906 762 ergo
937 701 1021 747 est
1046 700 1194 746 casta
1223 705 1380 756 uxor,
1411 690 1500 745 ubi
1548 691 1718 760 virgo.
1747 688 1901 745 Licet
1946 688 2100 758 virgo

499 793 726 855 excepta
760 783 958 839 haheat
999 786 1240 839 claustra
1272 790 1330 836 et
1373 782 1647 854 signacula
1675 796 1796 846 sua,
1824 779 1921 836 sed
1953 789 2101 834 utra-

496 893 604 949 que
635 879 686 932 in
719 878 999 948 paradiso;
1029 888 1089 932 ut
1118 877 1408 933 adversum
1430 887 1596 932 aestus
1626 876 1874 946 corporis
1900 884 1950 931 et
1983 890 2103 930 car-

499 973 582 1027 nis
609 973 948 1041 flagrantiam
983 972 1337 1044 refrigeretur
1368 971 1625 1026 virtutum
1657 970 2009 1025 umbraculis.

571 1067 621 1119 7.
668 1065 814 1133 Ergo
848 1066 1131 1136 paradisus
1159 1067 1210 1120 in
1249 1065 1532 1136 principali
1562 1074 1750 1120 nostro
1780 1073 1883 1127 est,
1914 1063 2102 1118 silves-

498 1174 629 1214 ccns
659 1158 1016 1229 plurimarum
1044 1159 1360 1228 opinionum
1389 1156 1672 1230 plantariis
1705 1173 1717 1209 :
1747 1156 1797 1208 in
1821 1169 1928 1223 quo
1951 1153 2099 1224 prin-

501 1251 752 1323 cipaliter
783 1252 984 1322 lignum
1027 1251 1149 1306 vita:
1180 1251 1463 1306 constituit
1503 1251 1641 1305 Deus
1661 1291 1674 1311 ,
1706 1248 1757 1302 id
1786 1255 1890 1310 est,
1933 1246 2101 1316 pieta-

501 1346 571 1398 tis
603 1345 879 1409 radiccm;
933 1360 994 1399 ca
1028 1355 1113 1399 est
1149 1343 1297 1398 enim
1350 1343 1471 1397 vita:
1515 1350 1714 1395 nostra:
1763 1338 2100 1401 substantia,

502 1437 546 1491 si
584 1436 813 1491 Domino
837 1444 892 1491 et
933 1437 1042 1490 Deo
1073 1445 1260 1490 nostro
1305 1433 1518 1489 deditos
1544 1433 1725 1487 cultus
1767 1430 2098 1484 deferamus.

573 1533 627 1586 8.
667 1530 962 1586 Constituit
991 1529 1152 1583 etiam
1185 1528 1428 1584 scientiae
1467 1526 1592 1581 boni
1623 1535 1678 1580 et
1709 1524 1835 1578 mali
1864 1522 2101 1577 semina-

498 1625 670 1688 rium;
705 1623 867 1678 homo
898 1623 1042 1678 enim
1086 1622 1234 1676 solus
1265 1622 1319 1676 in
1349 1619 1565 1676 czctcris
1595 1617 1961 1672 animantibus
1989 1625 2100 1670 ter-

499 1719 648 1773 renis
677 1718 842 1772 habet
874 1716 1158 1772 scientiam
1193 1715 1324 1770 boni
1348 1723 1402 1769 et
1430 1712 1576 1767 mali.
1610 1713 1725 1767 Alia
1756 1725 1969 1782 quoque
1999 1709 2106 1764 illic

503 1811 776 1881 plantaria
806 1810 1042 1874 diversa,
1086 1792 1318 1877 quorum
1348 1806 1556 1862 fruetus
1586 1805 1813 1860 virtutes
1836 1814 1980 1859 sunt.

576 1904 631 1960 9.
675 1901 782 1959 Sed
813 1904 937 1971 quia
971 1902 1214 1956 scientiae
1261 1915 1428 1970 capax
1481 1899 1713 1953 hominis
1757 1895 1983 1952 affectus
2013 1911 2104 1951 co-

502 1997 683 2067 gnitus
709 2005 793 2051 est
825 1995 958 2060 Deo,
992 1995 1134 2065 quod
1160 1996 1318 2050 citius
1344 1993 1411 2049 ad
1440 1991 1693 2047 astutiam
1727 1992 2100 2056 inclinaretur,

503 2102 665 2156 quam
698 2086 764 2141 ad
789 2101 1064 2141 summum
1098 2085 1398 2156 prudentia:
1431 2085 1632 2156 (neque
1655 2083 1799 2139 enim
1825 2083 2062 2154 judicem
2086 2125 2098 2149 ,

501 2182 593 2252 qui
641 2181 774 2235 lines
827 2191 1008 2236 certos
1054 2181 1106 2235 in
1133 2180 1312 2235 anima
1347 2187 1533 2234 nostra
1570 2178 1890 2244 constituit,
1922 2177 2104 2247 operis

502 2275 585 2330 sui
615 2275 846 2345 qualitas
869 2273 1039 2329 latere
1068 2272 1320 2343 poterat),
1345 2272 1631 2327 eliminare
1651 2270 1822 2326 voluit
1849 2271 2102 2325 astutiam

499 2367 568 2424 de
599 2367 872 2438 paradiso,
905 2368 1060 2439 quasi
1085 2367 1344 2439 providus
1370 2375 1558 2422 auctor
1586 2378 1784 2420 nostra:
1808 2366 2024 2431 salutis,
2052 2374 2106 2419 ct

501 2461 626 2515 vitze
655 2461 918 2528 studium,
937 2469 996 2515 ,ει
1017 2461 1357 2530 disciplinam
1381 2457 1594 2529 pietatis
1615 2457 1928 2522 infundere;
1956 2456 2106 2512 ideo-

497 2570 612 2626 que
631 2555 889 2626 praecepit
920 2555 1124 2610 homini
1148 2555 1222 2609 'ab
1253 2554 1402 2608 omni
1433 2554 1602 2624 ligno,
1633 2552 1776 2624 quod
1805 2561 1889 2608 est
1921 2553 1971 2607 in
2006 2567 2104 2622 pa-

498 2645 718 2713 radiso,
760 2661 882 2701 esse
934 2645 1292 2716 gustandum,
1343 2645 1412 2700 de
1443 2646 1589 2712 ligno
1633 2655 1815 2700 autem
1859 2644 2105 2700 scientiat

503 2738 629 2792 boni
659 2746 714 2793 et
744 2737 870 2792 mali
905 2753 1013 2792 non
1037 2753 1159 2794 esse
1184 2736 1510 2808 gustandum
1542 2736 1700 2808 (Gen.
1732 2752 1811 2802 ιιι,
1842 2737 1900 2800 2,
1928 2736 2008 2808 5).

573 2832 660 2886 10.
704 2831 812 2887 Sed
859 2831 985 2902 quia
1038 2840 1294 2886 creatura
1340 2831 1518 2885 omnis
1547 2831 1785 2901 passioni
1823 2829 2059 2884 obnoxia
2088 2873 2102 2897 ,

501 2922 626 2978 ideo
667 2923 983 2989 delectatio,
1031 2924 1174 2978 sicut
1221 2921 1544 2993 serpentino
1589 2922 1823 2992 illapsu,
1854 2921 2105 2978 humanis

503 3014 724 3085 irrepsit
775 3013 1080 3070 affectibus.
1135 3014 1321 3084 Itaque
1379 3030 1486 3069 non
1550 3015 1828 3070 immerito
1885 3026 2104 3070 sanctus

502 3107 717 3179 Moyses
766 3106 1186 3163 delectationem
1232 3109 1501 3177 serpentis
1556 3109 1801 3178 figuravit
1850 3107 2106 3163 similitu-

2205 504 2386 573 pentis
2411 517 2744 574 sequamur;
2774 512 2832 557 ut
2857 511 3025 573 caput
3050 511 3298 558 nostrum
3328 519 3435 558 non
3465 505 3813 575 projiciamus

2203 597 2258 652 in
2287 596 2551 666 pericula,
2584 595 2679 651 sed
2714 610 2826 666 pra:
2851 596 3067 650 caeteris
3096 595 3366 666 integrum
3395 597 3768 653 custodiamus
3797 616 3811 652 :

2203 687 2374 759 Caput
2400 699 2571 742 autem
2605 692 2838 742 nostrum
2867 687 3106 744 Christus
3135 699 3208 743 est
3233 689 3277 762 (Ι
3309 687 3432 744 Cor.
3473 706 3549 756 xl,
3585 692 3663 758 3).
3699 691 3816 748 Hoc

2204 791 2418 836 maneat
2445 781 2758 847 incolume,
2801 791 2860 836 ut
2911 782 3184 851 serpentis
3227 796 3435 837 venena
3466 783 3631 855 933
3658 783 3816 841 nobis

2203 890 2310 928 non
2354 875 2566 944 possint
2613 889 2855 931 nocere:
2887 874 3038 930 Bona
3081 885 3157 931 est
3208 876 3357 932 enim
3405 879 3662 946 sapientia
3697 897 3814 935 cum

2203 968 2498 1021 hwreditate
2519 966 2694 1037 (Eccl.
2726 983 2825 1033 vn,
2859 967 2970 1039 12),
3002 969 3054 1023 id
3078 976 3184 1033 est,
3216 985 3342 1023 cum
3375 968 3480 1026 fide
3510 986 3525 1035 ;
3552 973 3811 1042 quoniam

2203 1068 2289 1113 εει
2316 1059 2609 1114 ιιειιιεᾱίιειε
2637 1060 2986 1115 credentibus
3009 1062 3060 1114 in
3091 1061 3343 1117 Domino.

2278 1151 2364 1204 15.
2405 1150 2562 1219 Quod
2607 1153 2653 1206 si
2692 1153 2900 1222 primus
2928 1151 3024 1208 ille
3056 1152 3257 1220 homo,
3302 1153 3393 1224 qui
3429 1168 3552 1209 cum
3591 1155 3702 1210 Deo
3733 1155 3816 1211 lo-

2203 1244 2471 1314 quebatur
2498 1245 2549 1299 in
2579 1244 2828 1315 paradiso
2858 1245 3070 1316 positus
3110 1244 3266 1317 (Gen.
3313 1263 3373 1315 ιι,
3421 1247 3536 1319 15),
3561 1248 3672 1303 labi
3706 1257 3813 1304 tam

2203 1337 2362 1392 facile
2401 1338 2606 1408 potuit,
2651 1353 2716 1393 ex
2759 1347 2902 1394 terra
2945 1348 3164 1394 creatus
3192 1342 3427 1411 virgine,
3447 1357 3569 1412 qua:
3597 1341 3665 1396 ad
3691 1357 3816 1397 vcr-

2203 1418 2331 1485 bum
2376 1431 2471 1486 Dei
2514 1431 2751 1487 formata
2791 1444 2847 1488 et
2895 1442 3079 1488 creata
3123 1433 3336 1489 recenti
3381 1434 3559 1490 fuerat
3598 1445 3810 1501 exortu,

2207 1525 2447 1581 nondum
2491 1542 2552 1582 ea
2599 1527 2916 1598 parricidali
2947 1539 2968 1566 ο
2999 1528 3348 1599 mediumque
3393 1540 3648 1586 concreta
3687 1547 3813 1586 san-

2203 1617 2368 1688 guine
2393 1658 2408 1683 ,
2452 1616 2670 1688 flagitiis
2709 1628 2767 1674 et
2802 1618 3077 1675 dedecore
3119 1620 3343 1689 polluta,
3377 1620 3620 1677 nondum
3651 1637 3814 1678 carne

2207 1720 2393 1765 nostra
2463 1710 2716 1765 damnata
2783 1711 3075 1767 maledicto
3128 1712 3380 1768 obnoxia:
3440 1714 3808 1782 haereditatis;

2136 1805 2414 1873 Bquanto
2460 1803 2672 1859 facilius
2719 1813 2902 1874 postea
2953 1803 3161 1859 lubrica
3225 1805 3292 1860 ad
3342 1806 3678 1874 peccandum
3729 1810 3813 1864 via

2209 1896 2382 1966 majus
2409 1895 2624 1951 advexit
2649 1897 2887 1952 humano
2911 1898 3097 1968 generi
3131 1897 3492 1967 prmcipitium
3519 1940 3534 1966 ,
3567 1914 3689 1954 cum
3718 1900 3814 1956 de-

2210 1991 2376 2046 terior
2428 1990 2790 2046 tolcrabiliori
2841 2006 2940 2062 per
2989 1992 3133 2046 vices
3177 1991 3551 2063 generationis
3596 2006 3814 2048 succes-

2207 2083 2342 2138 serit
2363 2082 2387 2135 ?

2282 2173 2368 2228 14.
2412 2175 2626 2230 Etenim
2652 2175 2679 2212 ά
2706 2175 2752 2231 si
2782 2178 3048 2248 magnetis
3071 2177 3210 2248 lapis
3239 2185 3446 2234 tantam
3474 2185 3676 2232 natura:
3700 2177 3809 2232 vim

2208 2266 2403 2333 habet,
2447 2277 2506 2322 ut
2546 2267 2750 2324 ferrum
2785 2269 2854 2324 ad
2891 2284 2950 2324 se
2983 2269 3184 2336 trahat,
3214 2280 3271 2326 et
3292 2269 3637 2326 transfundat
3660 2285 3720 2326 se
3755 2270 3810 2326 in

2208 2360 2354 2416 illius
2392 2362 2663 2431 speciem,
2701 2363 2775 2418 ita
2814 2371 2871 2418 ut
2911 2364 3184 2434 plerisque
3225 2365 3461 2436 experiri
3501 2365 3810 2421 volentibus

2207 2470 2329 2511 cum
2359 2456 2542 2527 plures
2577 2458 2810 2512 annulos
2841 2458 3047 2514 ferreos
3079 2459 3145 2514 ad
3181 2474 3305 2514 eum
3341 2459 3579 2529 lapidem
3625 2458 3810 2515 admo-

2211 2551 2412 2617 verint,
2445 2565 2636 2606 omnes
2661 2551 2775 2622 pari
2805 2560 2986 2608 teneat
3012 2552 3177 2608 modo
3205 2570 3220 2605 :
3247 2552 3444 2608 deinde
3464 2553 3510 2609 si
3533 2551 3584 2607 ei
3612 2553 3809 2608 annulo

2208 2643 2295 2698 cui
2327 2644 2622 2699 adhzescrit
2653 2644 2820 2715 lapis,
2862 2645 3029 2700 alium
3071 2645 3366 2701 admoveas
3407 2645 3712 2713 annulum,
3752 2653 3806 2700 et

2209 2750 2400 2791 rursus
2459 2751 2554 2807 per
2611 2737 2859 2793 ordinem
2914 2738 3142 2808 singulis
3189 2739 3516 2802 substituas;
3570 2739 3703 2795 licet
3752 2741 3806 2794 in

2209 2843 2399 2884 omnes
2428 2838 2679 2899 penetret
2709 2846 2804 2900 per
2830 2830 3109 2895 ordinem,
3144 2847 3209 2886 ex
3244 2831 3338 2887 illo
3375 2831 3555 2902 lapide
3593 2832 3674 2887 vis
3713 2846 3806 2888 na-

2209 2931 2369 2991 turae,
2405 2933 2583 2980 tamen
2615 2924 2826 2995 priores
2855 2941 3000 2981 nexu
3032 2925 3436 2981 vehementiore
3461 2925 3798 2996 constringit,

2208 3017 2546 3087 posteriores
2588 3017 2900 3073 remissiore
2939 3035 2952 3072 :
2986 3027 3190 3089 quanto
3241 3018 3414 3089 magis
3454 3017 3677 3073 humani
3712 3031 3803 3088 ge-

2210 3110 2356 3166 neris
2379 3109 2621 3165 eonditio
2649 3117 2812 3181 atque
2837 3120 3027 3166 natura
3059 3126 3126 3167 ex
3157 3112 3379 3181 puriore
3403 3119 3545 3166 statu
3574 3111 3628 3166 in
3657 3109 3804 3166 dete-

503 3200 668 3264 dine;
699 3215 868 3270 prona
899 3211 983 3255 εει
1012 3203 1157 3256 ειιῑιιι
1187 3202 1238 3255 ἱιι
1270 3209 1515 3257 ventrem
1542 3203 1686 3257 sicut
1710 3217 1959 3272 serpens,
1997 3218 2104 3258 non
2133 3197 2178 3260 C
2212 3203 2412 3258 riorem
2440 3202 2590 3272 lapsa
2614 3213 2719 3269 est,
2751 3212 2773 3240 ε
2799 3203 3014 3273 quando
3044 3205 3366 3275 nequiorem
3395 3204 3611 3274 attigit!

504 3291 735 3362 pedibus
759 3292 1045 3359 incedens,
1071 3303 1164 3348 aut
1200 3293 1328 3348 ullis
1354 3294 1562 3348 elevata
1593 3295 1845 3350 cruribus
1865 3337 1879 3360 ,
1905 3295 1999 3350 sed
2026 3296 2104 3350 si-

505 3398 680 3440 nuoso
723 3383 868 3439 flexu
924 3386 1090 3440 totius
1138 3386 1286 3440 velut
1331 3387 1578 3457 corporis
1626 3387 1707 3442 sui
1761 3386 1985 3442 lubrica.
2043 3388 2103 3442 Ei

509 3489 656 3535 terra
701 3479 860 3536 cibus
897 3488 982 3536 est
1018 3481 1161 3536 sicut
1189 3483 1466 3551 serpenti,
1501 3483 1758 3551 quoniam
1790 3497 1970 3538 escam
2011 3499 2105 3539 ne-

505 3571 608 3628 scit
636 3573 917 3628 caelestem
945 3588 960 3638 ;
995 3573 1372 3643 corporalibus
1400 3574 1543 3629 enim
1580 3575 1836 3644 pascitur,
1864 3584 2025 3646 atque
2053 3576 2103 3630 in

504 3665 683 3722 varias
730 3674 968 3721 mutatur
1006 3666 1221 3737 species
1255 3665 1649 3737 cupiditatum,
1679 3675 1736 3722 et
1768 3675 1794 3704 λ
1845 3668 2106 3723 tortuosis

503 3756 797 3827 angulatur
826 3757 1179 3814 anfractibus.
1208 3757 1489 3813 Venenum
1537 3758 1590 3812 in
1621 3756 1876 3814 dentibus
1906 3759 2102 3825 habet,

501 3849 699 3920 quibus
730 3851 1102 3922 unusquisque
1133 3866 1193 3906 se
1232 3850 1495 3906 eviscerat
1545 3851 1891 3919 luxuriosus,
1923 3852 2106 3908 helluo

505 3946 848 4011 internecat,
877 3943 1211 4015 abliguritor
1269 3943 1506 4015 perimit.
1553 3943 1797 4012 Quantos
1843 3954 2107 4015 ruperunt

507 4039 632 4092 vina
653 4079 669 4104 ,
703 4038 952 4094 dissolvit
982 4038 1252 4104 ebrietas,
1283 4037 1544 4093 distendit
1573 4038 1856 4093 cruditas?

579 4130 670 4186 11.
711 4130 860 4186 Nunc
888 4131 1130 4202 intelligo
1151 4145 1257 4203 qua
1287 4145 1447 4186 causa
1481 4131 1739 4188 Dominus
1769 4132 1911 4188 Deus
1936 4133 2103 4188 insuf-

502 4221 728 4277 flavltin
754 4223 945 4280 faciem
979 4224 1216 4280 hominis
1248 4242 1260 4279 :
1296 4225 1367 4279 ibi
1401 4225 1543 4280 enim
1569 4240 1761 4280 sensus
1790 4227 1999 4293 omnis,
2031 4227 2104 4284 ibi

502 4315 664 4372 sedes
692 4325 854 4386 atque
898 4317 1154 4373 illecebra
1199 4317 1609 4383 delectationis,
1639 4320 1693 4374 in
1723 4320 1928 4386 oculis,
1958 4321 2106 4376 auri-

503 4407 605 4464 bus
628 4450 643 4476 ,
689 4409 952 4474 naribus,
996 4418 1156 4480 atque
1184 4410 1238 4464 in
1272 4424 1405 4475 ore;
1456 4418 1513 4464 ut
1550 4425 1743 4465 sensus
1770 4421 1986 4467 nostros
2009 4412 2104 4467 ad-

505 4517 696 4559 versus
742 4501 1165 4558 delectationem
1215 4501 1472 4558 fortiores
1519 4501 1726 4559 faceret
1751 4503 1906 4577 (Gen.
1935 4521 1995 4573 ιι,
2021 4503 2096 4578 7).

2251 3296 2368 3352 ‘15.
2411 3295 2544 3351 Nam
2577 3298 2620 3352 si
2645 3312 2742 3367 per
2767 3312 2861 3353 eas
2889 3299 3100 3369 species
3141 3300 3402 3354 tninuitur
3438 3307 3650 3366 natura,
3681 3313 3799 3369 qua:

2207 3403 2315 3444 non
2358 3398 2486 3444 sunt
2520 3390 2695 3460 culpa:
2732 3405 2997 3461 capaces;
3041 3403 3246 3463 quanto
3272 3392 3443 3464 magis
3473 3408 3571 3464 per
3595 3393 3801 3448 animos

2207 3491 2369 3551 atque
2395 3491 2546 3537 artus
2577 3483 2698 3538 labe
2728 3483 2966 3554 pollutos
2989 3485 3259 3540 scelerum
3289 3486 3457 3541 virtus
3482 3485 3603 3556 ejus
3636 3486 3798 3541 hebe-

2211 3573 2389 3627 tatur!
2425 3571 2581 3630 Unde
2628 3576 2754 3645 quia
2797 3589 3115 3634 excreverat
3155 3579 3384 3645 malitia,
3416 3579 3624 3635 abolita
3648 3578 3798 3634 inno-

2209 3665 2389 3722 ccntia
2413 3666 2605 3736 fuerat,
2634 3683 2741 3724 non
2760 3678 2875 3724 erat
2893 3671 2982 3741 qui
3002 3670 3204 3726 faceret
3220 3671 3540 3737 bonitatem,
3560 3687 3669 3727 non
3687 3679 3801 3727 erat

2211 3759 2460 3831 usquead
2479 3776 2642 3815 unum
2662 3760 2834 3832 (Psal.
2862 3778 2976 3826 xui,
3005 3763 3092 3834 1):
3122 3763 3267 3818 venit
3292 3764 3576 3831 Dominus,
3602 3763 3696 3835 qui
3720 3778 3800 3820 re-

2208 3853 2379 3909 forma
2390 3863 2474 3911 ret
2490 3863 2694 3911 natura!
2710 3856 2964 3927 gratiam,
2982 3858 3146 3913 immo
3162 3868 3415 3930 augeret;
3437 3860 3594 3915 utubi
3609 3873 3799 3928 super-

2209 3946 2500 4003 abundavit
2525 3959 2827 4019 peccatum,
2855 3951 3319 4021 superabundaret
3339 3953 3535 4025 gratia.
3566 3953 3709 4025 Ergo
3737 3951 3798 4007 Ii-

2208 4053 2334 4111 quet
2357 4051 2412 4097 et
2433 4043 2557 4113 quia
2580 4051 2768 4098 auctor
2796 4043 3030 4099 hominis
3054 4045 3216 4112 Deus,
3233 4055 3286 4101 et
3304 4045 3449 4116 quod
3471 4045 3616 4102 Deus
3634 4060 3793 4114 unus,

2209 4151 2315 4191 non
2346 4137 2498 4191 multi
2529 4136 2605 4192 dii
2633 4155 2646 4192 :
2671 4137 2765 4193 sed
2786 4153 2924 4193 unus
2943 4139 3034 4209 qui
3055 4139 3312 4194 nmndum
3340 4149 3595 4210 operatus
3613 4149 3719 4204 est;
3743 4147 3798 4194 et

2209 4245 2394 4296 unum,
2426 4245 2531 4284 non
2555 4231 2754 4286 multos
2779 4232 3118 4302 mundosJut
3141 4233 3326 4288 dicunt
3354 4232 3691 4304 philosophi.

2281 4321 2368 4377 16.
2410 4321 2650 4378 Primum
2677 4323 2838 4395 igitur
2871 4325 3131 4380 mundum
3154 4327 3387 4389 creavit.
3415 4326 3615 4382 deinde
3651 4327 3800 4383 babi-

2208 4421 2433 4469 latorem
2460 4414 2671 4482 mundi,
2708 4416 2796 4470 cui
2836 4425 2979 4472 totus
3017 4417 3249 4474 mundus
3274 4417 3445 4488 patria
3474 4418 3635 4475 foret.
3666 4417 3797 4474 Nam

2205 4505 2251 4560 si
2285 4505 2444 4563 hodie
2464 4523 2808 4580 quocumque
2835 4513 3129 4568 accesserit
3159 4511 3410 4583 sapiens,
3435 4512 3638 4584 ubique
3666 4512 3800 4568 civis

502 4595 631 4652 Haec
656 4610 789 4667 ergo
819 4595 999 4662 nobis,
1031 4595 1173 4651 sicut
1198 4610 1427 4666 serpens
1459 4597 1710 4651 asmtiam
1743 4596 1962 4664 infudit;
1992 4614 2100 4655 non
2131 4591 2182 4653 D
2205 4610 2319 4667 est,
2358 4600 2556 4674 ubique
2581 4617 2678 4656 sua
2716 4603 2964 4676 intelligit
2990 4647 3004 4671 ,
3047 4614 3311 4676 nusquam
3343 4620 3402 4661 se
3427 4606 3797 4677 peregrinum,

501 4690 647 4747 enim
669 4689 988 4756 delectatio,
1013 4688 1110 4745 sed
1132 4688 1285 4745 labor
1311 4697 1367 4745 et
1391 4688 1642 4745 diuturna
1671 4689 1950 4747 meditatio
1971 4706 2094 4748 cum

499 4783 598 4841 Dei
626 4785 799 4856 gratia
823 4783 916 4839 dat
945 4783 1240 4856 perfectam
1274 4784 1640 4854 prudentiam.

571 4875 662 4932 12.
703 4875 907 4932 Tamen
933 4877 1057 4948 quia
1105 4875 1376 4946 serpentis
1409 4875 1687 4932 fraudibus
1730 4879 1976 4933 involuta
2008 4891 2092 4936 est

568 5000 594 5028 ⁸
621 4990 867 5064 ᾼΙΙιιειιιιι
901 4991 1002 5048 Ιιοε
1034 4993 1197 5048 verbo
1223 4994 1503 5064 angulalur
1531 4992 1596 5045 ad
1619 5002 1848 5064 etymon
1879 4993 2093 5063 anguis,

492 5061 638 5136 quod
666 5078 725 5116 se
741 5063 1096 5136 circumagat,
1129 5073 1186 5120 et
1214 5061 1578 5136 voluminibus
1603 5061 1874 5136 implicet,
1903 5061 2023 5136 qua)
2063 5079 2092 5118 a

492 5133 789 5218 Prudentio
811 5132 1182 5207 Cicero'tieqtte
1203 5135 1441 5191 Meandri
1461 5132 1821 5205 appellantur.
1853 5132 1931 5189 lta’
1953 5134 2094 5190 Nan-

566 5276 593 5315 δ
622 5276 890 5334 Germana
923 5278 1046 5334 huic
1074 5280 1194 5334 loco
1223 5278 1461 5349 reperies
1488 5275 1547 5332 ln
1578 5292 1660 5348 ps.
1696 5291 1909 5342 xxxvu,
1944 5295 1998 5334 n.
2029 5279 2084 5346 8,

492 5358 548 5405 ct
577 5349 630 5403 in
664 5365 742 5419 ps.
773 5366 958 5416 cxvnt,
988 5351 1110 5408 Ser.
1139 5353 1191 5417 υ,
1221 5367 1276 5404 ιι.
1316 5351 1401 5404 15.

567 5432 589 5458 ο
616 5420 690 5475 lta
714 5436 908 5478 omnes
928 5422 1060 5476 edit.
1077 5439 1092 5486 ;
1110 5432 1298 5477 contra
1317 5435 1446 5476 vero
1467 5434 1598 5475 mss.
1627 5435 1793 5489 prope
1813 5421 1880 5477 ad
1901 5436 2090 5491 unum,

488 5503 887 5565 cwtreroruntque
913 5503 1185 5559 concreta;
1212 5492 1352 5560 duo,
1384 5502 1798 5561 cwterarumque.

561 5564 587 5600 σε
621 5564 982 5631 Βοιη.⁷ειΙίι.,
1035 5567 1080 5618 si
1124 5581 1329 5636 magnes
1373 5565 1506 5636 (apis
1545 5580 1563 5618 :
1604 5571 1709 5617 vet.
1764 5573 1985 5631 autem,
2033 5576 2088 5621 et

483 5637 666 5707 cuncti
705 5651 861 5700 mss.,
893 5637 939 5689 si
984 5635 1263 5707 "regnetis;
1305 5635 1558 5706 quidam,
1600 5644 1860 5704 magnetes
1884 5677 1898 5697 ,
1927 5637 2082 5707 lapis.

485 5706 600 5776 lloc
634 5720 799 5776 porro
824 5706 1097 5774 exemplo,
1127 5707 1272 5776 quod
1302 5709 1439 5761 sicut
1465 5715 1519 5763 et
1547 5720 1652 5763 non
1684 5719 1850 5776 pauca
1877 5706 1988 5765 alia
2015 5721 2082 5774 ex

481 5773 728 5828 Philonis
756 5776 850 5832 lib.
879 5776 947 5831 de
974 5773 1165 5842 Opific'.
1217 5777 1400 5832 mundi
1447 5777 1557 5832 huc
1602 5773 1918 5834 translatum
1961 5787 2073 5846 est,

2205 4711 2470 4768 nusquam
2497 4697 2761 4768 hOSpitem
2778 4698 3020 4768 judicat;
3052 4709 3254 4770 quanto
3277 4701 3446 4772 magis
3474 4699 3570 4756 ille
3590 4703 3800 4771 primus

2204 4788 2367 4844 homo
2393 4789 2558 4846 totius
2582 4801 2702 4847 erat
2733 4793 2917 4847 mundi
2948 4795 3145 4858 incola,
3169 4803 3244 4858 et,
3287 4803 3345 4850 ut
3379 4793 3558 4851 Graeci
3585 4797 3792 4865 dicunt,

2206 4881 2224 4920 τ
2241 4885 2634 4957 κοσμοπολίτης,
2647 4899 2782 4956 opus
2796 4885 2889 4941 Dei
2907 4901 3117 4954 recens,
3131 4886 3509 4943 confabulatur
3519 4889 3792 4958 assiduus,

2199 4996 2481 5073 originalis
2508 4996 2712 5066 peccati
2743 4999 3058 5073 contagium
3076 5015 3172 5070 per
3194 5001 3654 5073 concupiscentiae
3677 5017 3796 5073 pro-

2200 5068 2546 5144 pagatiouetn
2587 5067 2891 5144 transfundi
2911 5067 3060 5144 haud
3078 5067 3354 5144 ambigue?
3368 5067 3615 5144 declarat
3646 5067 3792 5144 {qua

2197 5139 2362 5194 etiam
2405 5139 2620 5212 ratione
2658 5142 2996 5212 Augustinus
3023 5141 3294 5198 funestam
3325 5143 3471 5197 illam
3503 5139 3792 5200 hmrediia-

2198 5218 2323 5286 tem
2353 5223 2541 5286 contra
2571 5209 2844 5286 lulianum
2892 5212 3090 5284 ubique
3143 5214 3397 5281 eathicat,
3451 5214 3519 5268 ad
3578 5226 3790 5286 paetum

2192 5280 2358 5347 illud,
2400 5281 2542 5355 quod
2572 5282 2950 5355 excogitarunt
2983 5280 3225 5355 theologi
3247 5280 3605 5355 recentiores",
3639 5302 3793 5343 num-

2191 5366 2352 5426 quam
2395 5354 2730 5426 confugiens.
2779 5354 2920 5424 Quid
2958 5355 3119 5410 etiam
3161 5354 3304 5426 quod
3344 5355 3500 5426 Philo
3539 5359 3659 5426 ipse
3698 5359 3786 5414 lib.

2195 5425 2308 5504 cita
2331 5425 2578 5516 eamdem
2620 5425 3400 5516 concupiscentiamomnium
3433 5425 3661 5485 humani
3699 5445 3789 5516 ge;

2195 5493 2342 5571 neris
2364 5493 2629 5571 malorum
2655 5493 3041 5571 fonte‘matque
3065 5498 3330 5568 originem
3357 5512 3480 5554 esse
3507 5493 3788 5571 agnoscit?

2191 5564 2370 5638 Ipsum
2401 5565 2624 5638 consule
2652 5581 2774 5638 pag.
2805 5567 2892 5624 35.

2265 5646 2286 5674 ο
2319 5636 2446 5690 Mss.
2472 5636 2698 5706 aliquot,
2722 5636 2912 5709 quanto
2935 5640 3225 5709 nequiorem
3247 5658 3267 5694 :
3287 5641 3633 5698 commodius
3661 5657 3785 5700 vero

2187 5708 2303 5781 alii,
2333 5719 2388 5772 et
2415 5721 2606 5781 omnes
2636 5708 2794 5778 edit_.,
2826 5708 3030 5781 quando
3053 5711 3367 5781 nequiorem.
3628 5769 3630 5772 ,
3686 5743 3710 5763 ιτ
3753 5757 3758 5764 .

2262 5778 2280 5816 l
2314 5779 2709 5849 Κοσμοπολίτης,
2737 5775 2786 5838 id
2807 5775 2912 5851 est,
2934 5775 3115 5838 mtlndi
3130 5775 3292 5848 'eivis,
3317 5779 3495 5853 inquit
3517 5783 3777 5840 Nannius.
