4040 6166
190 296 340 353 1115

1454 292 1946 352 EPISTOLARUM
1985 292 2270 351 CLASSIS
2310 295 2349 350 l.

3374 296 3514 355 1l16

187 414 330 468 civis
353 421 697 479 sanctorum,
722 411 1125 483 eomplantatus
1149 411 1459 480 virtutibus,
1488 412 1813 482 praepositus
1839 415 1890 475 Λ
1919 409 2046 468 licio
2066 425 2392 477 annumero,
2415 411 2461 466 si
2484 412 2605 484 quis
2631 419 2748 469 mea
2775 412 2960 483 legens
2985 412 3209 486 scripta,
3228 413 3374 472 dicat
3393 415 3535 472 mihi

187 507 466 563 omnibus
499 506 732 562 terrenis
768 505 1164 573 animantibus,
1193 505 1448 571 marinis,
1479 505 1810 574 volatilibus,

189 609 374 657 totum
415 599 675 656 mundum
719 613 872 655 suam
912 599 1314 670 possessionem
1354 599 1621 669 putabat:
1651 615 1813 670 quem

192 693 468 750 Dominus
513 694 801 760 tuebatur,
840 702 899 749 ut
935 709 1069 764 opus
1101 708 1256 748 suum
1280 735 1294 758 ,
1326 708 1504 764 neque
1541 701 1598 748 ut
1638 693 1812 750 bonus

189 805 403 861 parens
445 799 607 862 atque
647 799 840 844 auctor
879 788 1208 844 deserebat!
1255 788 1496 859 Denique
1539 803 1605 844 eo
1641 803 1814 859 usque

191 891 447 939 creatum
469 883 630 946 fovit,
660 881 828 956 985
854 893 911 938 ιιι
938 881 1247 938 abdicatum
1271 883 1598 949 redimeret,
1631 883 1814 939 elimi-

193 987 390 1033 natum
439 976 748 1046 reciperet,
791 983 1064 1030 mortuum
1107 973 1359 1046 passione
1400 974 1524 1030 Filii
1564 975 1646 1029 sui
1694 975 1815 1030 uni-

191 1068 370 1141 geniti
403 1068 782 1124 resuscitaret.
805 1068 897 1124 Est
919 1082 1051 1140 ergo
1068 1066 1304 1122 hominis
1333 1075 1524 1140 auctor
1553 1066 1727 1132 Deus,
1757 1075 1816 1122 et

191 1161 379 1232 diligit
421 1177 556 1232 opus
595 1177 755 1216 suum
797 1171 1051 1232 operator
1082 1161 1296 1225 bonus,
1343 1175 1441 1216 nec
1480 1160 1815 1230 derelinquit

191 1256 380 1312 bonus
403 1256 584 1322 Pater,
617 1271 776 1327 quem
814 1255 1002 1322 etiam,
1028 1255 1172 1311 sicut
1203 1254 1358 1311 dives
1398 1253 1808 1326 paterfamilias,

193 1364 370 1405 censu
401 1350 638 1420 propriae
663 1347 1005 1404 hmreditatis
1031 1347 1284 1404 redemit.

267 1443 363 1496 17.
398 1441 702 1497 Careamus
723 1455 853 1512 ergo
878 1457 947 1497 ne
970 1441 1244 1496 hominem
1268 1439 1453 1507 istum,
1474 1440 1528 1496 id
1549 1449 1656 1506 est,
1675 1449 1810 1508 νοῦν,

194 1535 399 1590 mulier
426 1533 515 1588 illa
535 1574 550 1599 ,
585 1533 636 1589 id
668 1543 773 1601 est,
809 1534 989 1604 passio
1017 1549 1273 1590 sensuum
1297 1543 1605 1589 nostrorum
1632 1532 1812 1590 delec-

195 1629 410 1684 latione
430 1637 487 1683 et
508 1630 623 1698 ipsa
644 1627 871 1699 decepta
897 1637 1060 1699 atque
1091 1628 1244 1684 illusa
1273 1626 1579 1694 eﬂ‘eminet,
1617 1637 1674 1682 et
1705 1627 1812 1682 cir-

195 1721 592 1790 cumscriptum
626 1720 680 1774 in
721 1721 870 1792 leges
891 1735 1017 1776 suas
1038 1731 1093 1776 et
1115 1721 1442 1777 sententiam
1473 1720 1670 1776 trahat.
1706 1720 1810 1776 Fu~

1915 519 2026 576 quo
2051 503 2302 560 videatur
2324 506 2551 561 moveri.
2582 505 2824 562 Primum
2851 507 2974 578 quia
2997 515 3053 563 et
3079 506 3132 562 in
3155 506 3221 563 iis
3242 523 3362 579 quin
3389 510 3528 578 scio,

1916 599 2026 656 falli
2059 615 2308 672 possum.
2338 597 2365 638 (ι
2398 600 2563 657 Multa
2599 616 2786 657 aurem
2816 611 3180 672 prtetereunt,
3210 602 3378 657 multa
3407 602 3532 674 qui-

1914 693 2142 750 busdam
2174 694 2334 750 aliter
2355 705 2551 750 sonant
2582 711 2596 748 :
2622 693 2909 765 pulchrum
2941 704 3056 761 est,
3096 694 3142 750 si
3183 694 3298 750 ﬂeri
3329 703 3530 766 potest,

1916 804 2110 846 cavere
2137 789 2339 845 omnia.
2371 789 2576 846 Deinde
2599 789 2723 860 quia
2759 803 2865 844 non
2895 789 3070 846 debeo
3101 789 3330 846 moleste
3359 787 3528 857 ferre,

1915 898 2039 940 cum
2070 883 2140 940 de
2167 883 2480 955 apostolicis
2509 894 2562 940 et
2586 884 2718 954 ipsis
2747 882 3093 954 Evangelicis
3119 883 3530 952 Dominicisque

1917 975 2104 1031 verbis
2147 975 2394 1048 plerique
2438 976 2638 1030 multas
2668 975 3003 1045 qua'stiones
3033 984 3256 1040 serant;
3285 973 3452 1047 985
3483 973 3530 1030 si

1917 1067 2082 1122 etiam
2113 1066 2167 1121 in
2198 1067 2334 1123 meis
2362 1066 2581 1138 scriptis
2615 1069 2926 1138 reperiant,
2976 1067 3046 1122 de
3091 1081 3200 1138 quo
3240 1066 3529 1138 disputan-

1917 1160 2046 1216 dum
2079 1169 2294 1231 putent:
2326 1161 2571 1232 plerique
2603 1163 2750 1218 enim
2785 1161 2967 1216 studio
2996 1159 3278 1233 indulgent
3308 1174 3440 1227 suo,
3469 1168 3530 1216 ut

1917 1255 2022 1311 iste
2046 1255 2136 1326 qui
2167 1267 2453 1327 propterea
2481 1255 2668 1312 orbem
2697 1256 2968 1320 cireuivit,
2994 1265 3053 1310 ut
3073 1265 3342 1327 quarreret
3365 1271 3526 1326 quem

1918 1347 2381 1419 reprehenderet,
2427 1363 2533 1404 non
2580 1363 2739 1419 quem
2782 1349 2885 1405 sibi
2930 1347 3249 1404 imitandum
3292 1347 3525 1404 arbitra.

1916 1450 2087 1498 retur.

1989 1538 2043 1593 5.
2087 1537 2183 1594 Hic
2209 1538 2376 1609 igitur
2401 1550 2457 1594 nt
2481 1539 2766 1595 arroderet
2789 1537 2993 1610 aliquid
3019 1537 3088 1593 de
3119 1536 3255 1592 meis
3281 1535 3523 1606 scriptis,

1915 1648 2034 1688 eam
2066 1633 2169 1689 sibi
2198 1634 2432 1705 amplam
2466 1635 2606 1689 viam
2637 1634 2876 1704 reperit,
2911 1631 3169 1704 quoniam
3198 1644 3266 1687 eo
3295 1630 3399 1686 loci
3430 1629 3523 1687 ubi

1914 1724 2050 1782 dixit
2078 1727 2340 1783 Dominus
2369 1726 2528 1783 Jesus
2560 1745 2572 1782 :
2608 1726 2872 1796 Conﬁteor
2899 1724 3015 1792 tibi,
3062 1723 3255 1788 Pater,
3299 1721 3523 1776 Domine

193 1813 414 1885 giamus
446 1813 865 1870 delectationem
894 1815 1034 1870 sicut
1061 1825 1370 1886 serpentem
1396 1831 1410 1869 :
1445 1815 1642 1870 multas
1664 1823 1809 1870 artes
1840 1825 1886 1885 Β
1914 1821 2028 1876 εωιὶ
2068 1830 2118 1875 et
2155 1832 2305 1876 terra:
2341 1820 2559 1894 (Matth.
2590 1837 2641 1875 xl
2666 1862 2680 1886 ,
2711 1819 2838 1892 25);
2869 1819 3107 1874 diximus
3140 1817 3262 1873 ideo
3291 1814 3522 1881 dictum,

195 1897 424 1976 habet;
453 1917 509 1963 et
540 1908 775 1964 maxime
816 1909 868 1964 in
907 1908 1166 1964 homine.»
1193 1908 1330 1964 Nam
1366 1908 1472 1964 alia
1511 1908 1808 1963 animantia

196 2001 305 2056 cibi
341 2001 609 2073 aviditate
633 2002 956 2073 capiuntur?
993 2004 1155 2058 homo
1184 2013 1387 2072 quanto
1413 2003 1594 2072 plures
1617 2017 1810 2058 sensus

196 2093 490 2148 oculorum
528 2095 849 2165 auriumque
881 2095 1079 2162 habet,
1115 2104 1265 2150 tanto
1295 2095 1497 2166 majora
1543 2095 1805 2166 pericula.

200 2184 338 2241 Vale
361 2227 377 2252 ,
412 2194 468 2241 et
497 2199 599 2241 nos
628 2185 792 2258 dilige
813 2227 828 2253 ,
861 2194 920 2241 ut
948 2185 1114 2252 l'acis;
1147 2187 1271 2257 quia
1303 2202 1404 2241 nos
1434 2195 1485 2242 te
1509 2186 1805 2258 diligimus.

696 2309 720 2336 η
760 2299 1094 2356 EPISTOLA
1135 2299 1318 2390 XLV/1.

197 2412 511 2468 Ambrosius
551 2412 747 2469 Sabino
796 2413 971 2468 scribit
1028 2414 1336 2469 maledicum
1381 2416 1810 2486 Apollinaristam

273 2504 487 2575 publica
511 2507 676 2577 fuisse
701 2510 1025 2578 confutatum
1049 2522 1193 2562 :sese
1215 2525 1331 2560 cum
1355 2524 1434 2574 eo,
1457 2509 1552 2563 etsi
1579 2509 1812 2562 servilem

272 2599 333 2653 in
357 2597 615 2654 Christum
633 2598 854 2668 formam
873 2617 904 2652 η
914 2616 978 2652 on
992 2599 1303 2668 admitteret,
1317 2599 1609 2654 humaniter
1621 2602 1780 2675 egisse
1793 2617 1812 2656 :

274 2702 330 2745 at
364 2691 456 2746 illa
482 2691 652 2759 verba,
676 2689 845 2746 Deum
873 2692 1065 2746 scilicet
1087 2692 1300 2748 Patrem
1334 2692 1454 2749 Filii
1482 2707 1601 2748 esse
1627 2702 1681 2748 et
1705 2695 1810 2748 Do-

277 2780 491 2840 mitium
537 2792 832 2850 creaturas,
865 2800 979 2856 qua:
1005 2785 1085 2839 illi
1117 2786 1416 2856 comprimis
1452 2785 1809 2857 displicebant,

277 2892 402 2932 cum
427 2876 592 2931 verbis
624 2875 892 2932 Davidicis
938 2879 1226 2933 convenire.
1279 2876 1407 2933 Post
1435 2895 1551 2950 qua:
1577 2877 1812 2933 eumdem

277 2971 487 3026 Filium
536 2971 646 3027 sine
700 2973 895 3046 injuria
942 2974 1222 3028 diuinitatis
1267 2975 1462 3045 factum
1511 2991 1611 3028 non
1663 2975 1813 3028 modo

277 3081 509 3132 servum,
538 3081 710 3119 verum
739 3065 892 3119 etiam
922 3066 1274 3132 maledictum,
1308 3065 1638 3138 opprobrium
1664 3075 1814 3135 atque

279 3169 548 3232 peccatum
568 3157 842 3228 multiplici
865 3158 1153 3227 Scriptum
1174 3159 1460 3214 testimonio
1478 3159 1809 3214 demonstrat.

719 3273 746 3312 ι)
767 3275 1070 3330 Alanosms
1091 3273 1306 3330 SABINO.

281 3393 340 3446 1.
381 3389 552 3460 Quem
598 3389 860 3460 scripsisti
907 3389 1156 3445 maledici
1203 3389 1476 3444 sermonis
1517 3389 1815 3444 seminato-

208 3500 356 3552 rem,
389 3496 410 3523 ο
442 3486 749 3540 levissimus
778 3493 882 3551 est,
907 3485 1000 3556 qui
1026 3485 1138 3554 jam
1160 3483 1356 3540 veneni
1386 3483 1467 3538 sui
1503 3483 1808 3539 mercedem

209 3577 444 3648 recepit.
473 3577 750 3647 Siquidem
785 3591 1106 3648 responsum
1135 3587 1216 3632 est
1237 3575 1290 3632 ei
1310 3577 1553 3646 publice;
1583 3585 1638 3632 et
1667 3575 1810 3648 quod

209 3669 464 3740 privatim
493 3679 736 3737 several,
773 3669 950 3739 palam
981 3669 1223 3725 messuit.
1258 3669 1370 3740 Ego
1405 3680 1585 3725 autem
1615 3684 1809 3724 vanum

206 3772 342 3818 ante
358 3770 413 3817 et
437 3761 728 3817 iuvisorem
755 3770 962 3816 tantum
987 3762 1253 3818 habebam
1283 3778 1295 3813 :
1320 3771 1374 3816 at
1397 3761 1484 3815 ubi
1509 3764 1610 3816 iste
1631 3775 1810 3815 sermo

207 3854 276 3910 ad
323 3867 484 3908 aures
523 3851 768 3922 pervenit
805 3867 985 3916 meas,
1017 3852 1197 3906 statim
1229 3851 1479 3922 respondi
1517 3847 1658 3920 quod
1685 3865 1808 3905 eum

207 3947 360 4002 virus
410 3942 658 3998 iniecerit
702 3942 1062 4012 Apollinaris,
1107 3944 1197 4014 qui
1240 3959 1347 3997 non
1401 3951 1578 4011 potest
1623 3941 1810 3997 audire

207 4038 360 4113 quod
408 4037 669 4092 Dominus
725 4047 916 4092 noster.
951 4036 1107 4092 Jesus
1155 4051 1251 4106 pro
1297 4036 1452 4092 nobis
1494 4037 1808 4092 servitutem

208 4128 518 4201 susceperit
543 4128 596 4184 in
629 4129 786 4184 istius
825 4131 1072 4197 corporis
1101 4128 1476 4199 susceptione;
1509 4143 1630 4184 cum
1659 4127 1808 4200 Apo-

209 4228 388 4283 stolus
407 4223 606 4279 clamet
621 4221 765 4294 quod
780 4222 1005 4277 formam
1023 4221 1164 4276 servi
1184 4221 1452 4291 acceperit
1471 4220 1640 4294 (Phil.
1662 4221 1807 4291 ",7).

213 4321 328 4378 Hoc
359 4319 788 4385 munimentum,
828 4317 944 4372 haec
979 4331 1138 4387 sepes
1173 4324 1257 4372 est
1297 4315 1417 4371 lidei
1453 4326 1688 4382 nostra);
1718 4317 1810 4388 qui

214 4414 357 4470 hanc
398 4413 660 4478 destruit,
708 4411 1020 4468 destruetur
1047 4411 1193 4481 ipse,
1227 4410 1366 4465 sicut
1394 4409 1653 4478 scriptum
1682 4420 1806 4482 est;

219 4508 353 4576 Quia
382 4507 722 4561 destruentem
745 4521 912 4576 sepem
939 4503 1189 4558 mordebit
1213 4519 1421 4575 serpens
1448 4501 1616 4574 (Eccl.
1649 4521 1700 4570 ι,
1727 4503 1805 4575 8).

1913 1925 1972 1968 ut
2006 1930 2108 1969 nos
2135 1914 2499 1985 intelligamus
2531 1923 2553 1951 ο
2589 1921 2800 1984 patrem
2834 1910 2926 1966 lilii
2959 1925 3117 1977 esse,
3153 1917 3209 1964 et
3244 1907 3523 1964 dominum

1911 2017 2195 2062 creaturae.
2226 2006 2562 2077 Quamquam
2597 2007 2649 2060 in
2683 2005 2894 2074 psalmo
2925 2003 3205 2060 evidenter
3229 2001 3519 2056 Dominum

1911 2100 2114 2155 dixerit
2156 2100 2366 2155 Patrem
2397 2099 2566 2154 Filius
2596 2117 2609 2152 :
2647 2097 2903 2152 Viderunt
2934 2113 3033 2164 me,
3067 2105 3118 2151 et
3141 2102 3404 2149 mouerunt
3436 2111 3523 2148 ca-

1913 2196 2020 2264 pita
2051 2209 2147 2246 sua
2174 2209 2193 2246 :
2219 2193 2410 2264 adjuva
2440 2208 2541 2259 me,
2567 2190 2806 2256 Domine,
2835 2188 2976 2244 Deus
3001 2204 3142 2243 meus
3171 2185 3343 2260 (Psal.
3367 2203 3516 2253 cvm,

1912 2285 2015 2352 25,
2066 2284 2184 2353 26).
2220 2285 2434 2339 Etenim
2477 2281 2775 2338 secundum
2825 2281 3056 2335 formam
3102 2280 3245 2334 servi
3277 2279 3516 2346 locutus,

1913 2378 2194 2434 dominum
2226 2377 2456 2443 vocavit,
2483 2391 2643 2446 quem
2671 2375 2888 2430 Patrem
2918 2381 3164 2435 noverat,
3197 2372 3421 2442 aequalis
3461 2372 3515 2427 in

1917 2472 2012 2527 Dei
2044 2470 2239 2534 forma,
2273 2485 2489 2525 servum
2519 2465 2816 2523 secundum
2849 2467 3032 2522 carnis
3062 2463 3420 2520 substantiam
3455 2479 3516 2520 se

1917 2565 2249 2636 prtcdicans;
2275 2565 2512 2619 servitus
2543 2561 2685 2618 enim
2724 2561 2938 2627 carnis,
2982 2558 3295 2615 dominatus
3334 2567 3515 2614 autem

1915 2656 2215 2714 divinitatis
2244 2666 2347 2712 est.

1986 2751 2041 2807 4.
2084 2750 2340 2806 Advertis
2364 2749 2527 2821 igitur
2551 2748 2782 2819 primum
2813 2764 2910 2820 pro
2941 2757 3026 2801 tua
3051 2745 3358 2803 admirabili
3391 2759 3518 2815 pru-

1916 2845 2098 2901 dentia
2145 2859 2208 2899 ea
2251 2858 2369 2914 quae
2397 2843 2450 2898 in
2486 2843 2779 2913 Evangelio
2817 2841 3104 2906 dicuntur,
3143 2838 3211 2894 ad
3243 2837 3522 2908 Evangelii

1917 2945 2131 3006 tempus
2173 2935 2401 3001 referri,
2445 2951 2551 3004 quo
2588 2935 2852 2990 Dominus
2896 2933 3056 2989 Jesns
3088 2933 3232 2987 inter
3269 2929 3520 2986 homines

1917 3028 2150 3085 humana
2179 3029 2362 3099 specie
2383 3026 2843 3091 eonversabatur;
2875 3040 3019 3080 nunc
3041 3025 3185 3080 enim
3217 3015 3517 3082 secundum

1918 3123 2195 3179 hominem
2213 3123 2324 3193 jam
2350 3136 2456 3177 non
2481 3121 2730 3176 novimus
2749 3116 3024 3174 Christum
3058 3117 3123 3189 (ll
3161 3114 3281 3170 Cor.
3313 3131 3365 3180 v,
3400 3111 3515 3186 16).

1837 3225 1882 3288 C
1915 3215 1998 3272 Sit
2042 3217 2114 3271 ita
2153 3214 2303 3271 visus
2340 3223 2395 3271 et
2433 3212 2682 3284 c0gnitus
2713 3211 3024 3275 veteribus,
3053 3209 3166 3280 jam
3204 3207 3520 3262 transierunt

1916 3308 2116 3381 veteraf,
2158 3318 2203 3364 et
2245 3309 2417 3363 omnia
2451 3323 2585 3362 nova
2623 3311 2762 3378 {acta
2792 3314 2910 3360 sunt
2947 3302 3143 3377 (Ilsid.,
3181 3302 3294 3373 17).
3326 3299 3519 3356 Omnia

1917 3411 2098 3458 tamen
2126 3417 2193 3457 ex
2225 3401 2369 3466 Deo,
2396 3401 2486 3470 qui
2521 3416 2619 3456 nos
2645 3400 2747 3455 sibi
2773 3415 2869 3470 per
2893 3398 3170 3453 Christum
3199 3395 3518 3452 reconcilia-

1915 3497 2023 3562 vit;
2049 3509 2266 3552 eramus
2291 3496 2436 3550 enim
2473 3495 2708 3558 mortui,
2748 3502 2803 3547 et
2833 3492 2954 3548 ideo
2983 3505 3121 3546 unus
3143 3505 3240 3560 pro
3265 3487 3517 3545 omnibus

1913 3604 2100 3646 servus
2133 3589 2305 3644 factus
2332 3599 2414 3643 est
2441 3585 2664 3660 (Philip.
2701 3602 2776 3650 ιι,
2810 3584 2887 3654 7).
2927 3584 3065 3651 Quid
3108 3583 3316 3647 dicam,
3353 3580 3372 3619 τ
3405 3595 3520 3636 ser-

1913 3682 2050 3736 vus?
2081 3681 2390 3744 Peccatum,
2422 3679 2796 3749 opprobrium,
2835 3676 3180 3730 maledictum
3210 3675 3385 3746 lactus
3408 3684 3512 3729 est.

1916 3772 2056 3826 Dixit
2085 3772 2229 3826 enim
2259 3769 2552 3838 Apostolus
2577 3787 2588 3820 :
2620 3769 2752 3834 Quia
2774 3784 2870 3838 pro
2897 3768 3040 3819 nobis
3060 3775 3322 3837 peccatum
3351 3767 3525 3836 factus

1913 3872 1987 3915 est
2042 3860 2126 3931 (11
2175 3859 2297 3913 Cor.
2348 3875 2418 3925 v,
2477 3857 2628 3928 21),
2680 3859 2802 3927 quia
2854 3857 3182 3910 maledictum
3228 3860 3396 3926 factus
3443 3866 3518 3910 est

1915 3951 2112 4024 (Galat.
2147 3967 2225 4015 Ill,
2253 3948 2343 4018 15)
2377 3949 2637 4002 Dominus
2673 3947 2850 4002 Jesus.
2891 3946 3035 4000 Dixit
3076 3947 3198 4016 quia
3243 3960 3366 4000 cum
3411 3944 3513 4001 sibi

1911 4042 2204 4113 subjecerit
2231 4041 2432 4105 omnia,
2467 4051 2593 4094 tunc
2617 4051 2670 4094 et
2700 4041 2815 4109 ipse
2837 4038 3114 4108 subjectus
3139 4037 3438 4095 eriwDixit
3461 4047 3516 4094 et

1913 4135 2105 4190 Petrus
2135 4151 2147 4187 :
2177 4133 2244 4187 In
2265 4132 2471 4187 nomine
2504 4130 2630 4186 Jesu
2662 4129 2924 4185 Nazareni
2963 4146 3114 4201 surge
3135 4171 3151 4196 ,
3188 4142 3236 4185 et
3259 4131 3513 4199 ambula,

1914 4231 1966 4285 in
2001 4227 2225 4283 Actibus
2253 4227 2624 4298 apostolorum
2655 4225 2852 4298 (Actor.
2883 4241 2961 4290 tu,
2993 4225 3072 4295 6).
3119 4225 3255 4280 Dixit
3295 4226 3365 4280 ibi
3391 4226 3515 4296 quia

1913 4321 2218 4394 glori/icam't
2259 4337 2473 4393 puerum
2504 4335 2653 4374 suum
2685 4318 2864 4373 Iesum
2897 4316 3088 4391 (Ibid.,
3124 4316 3244 4388 15),
3272 4325 3328 4372 et
3357 4332 3517 4372 nemo

1913 4417 2274 4473 calumniatur
2320 4415 2387 4471 de
2436 4423 2702 4484 tempore.
2747 4413 2802 4468 1η
2851 4413 3174 4485 Apocalypsi
3221 4420 3403 4467 autem
3459 4421 3516 4466 et

1915 4525 2084 4581 agnus
2112 4509 2286 4565 dictus
2321 4517 2404 4564 est
2441 4524 2470 4563 a
2500 4507 2712 4564 JOanne
2735 4509 2922 4579 (Apoc.
2957 4524 3012 4574 v,
3041 4508 3166 4577 12);
3213 4505 3391 4561 dictus
3430 4513 3514 4560 est

286 4603 340 4655 2.
384 4599 651 4671 Equidem
698 4597 874 4668 primo
917 4597 1112 4652 leniter
1154 4595 1403 4651 mandati
1447 4597 1534 4652 ei:
1562 4597 1676 4664 Qua
1719 4614 1808 4654 ra-
1839 4615 1892 4676 1)
1917 4604 1971 4658 in
2015 4603 2220 4673 psalmo
2262 4602 2465 4666 vermis,
2489 4611 2537 4654 et
2569 4617 2668 4655 non
2693 4601 2846 4654 homo
2885 4598 3055 4671 (Psal.
3091 4613 3208 4663 ut,
3233 4596 3346 4669 17).
3389 4595 3516 4652 llaec

121 4676 124 4677 1
219 4693 366 4750 tione
391 4694 584 4749 bonam
617 4706 731 4747 rem
761 4689 904 4745 malo
931 4689 1114 4744 animo
1135 4688 1305 4744 lacis?
1338 4687 1451 4759 Ego
1476 4689 1618 4744 enim
1649 4689 1811 4746 bene.

217 4835 290 4890 Ita
323 4831 567 4888 nonnulli
601 4827 908 4901 philosOphi
939 4827 1006 4883 de
1044 4841 1138 4901 sua
1175 4827 1347 4901 patria
1379 4826 1813 4901 responderunt,

220 4905 534 4977 interrogati
560 4897 766 4974 cujates
790 4897 1004 4965 easent;
1028 4899 1170 4954 unde
1191 4906 1250 4954 et
1274 4897 1402 4954 illud
1430 4908 1604 4968 poeta:
1630 4909 1814 4954 natum

218 4986 300 5034 est
331 4995 343 5031 :

313 5069 473 5120 Omne
495 5068 650 5119 solum
673 5067 782 5118 {orti
807 5067 963 5130 patria
989 5071 1084 5124 est,
1104 5070 1158 5114 ut
1181 5062 1396 5126 piscibus
1415 5074 1604 5125 mquor.

220 5195 390 5252 Porro
428 5194 726 5265 superioris
768 5191 1016 5265 responsi
1059 5203 1164 5244 non
1204 5188 1376 5265 alium
1413 5196 1702 5265 auctorem
1733 5189 1812 5265 in-

219 5269 363 5323 dicat
408 5257 672 5334 Nannius,
707 5265 808 5320 nisr
835 5257 1152 5330 Socratem,
1184 5261 1252 5316 de
1279 5273 1385 5330 quo
1411 5257 1566 5314 Eras.
1597 5258 1724 5314 chil.
1757 5260 1812 5327 2,

219 5348 364 5394 cent.
396 5338 450 5404 2,
483 5337 640 5410 adag.
671 5337 761 5394 95.
869 5359 874 5362 -

293 5420 318 5448 ι
360 5411 570 5478 Scripta
590 5404 742 5464 'circa
777 5421 904 5460 ann.
937 5404 1066 5478 589ἶ

291 5481 318 5520 b
362 5473 675 5542 Vet.'edit.,
706 5477 1012 5532 Ambrosius
1043 5474 1282 5540 Irenaeo;
1310 5473 1466 5529 Rom.
1497 5489 1618 5530 cum
1652 5490 1812 5542 mss.,

221 5552 517 5608 Ambrosius
561 5550 758 5604 Sabino
792 5551 1068 5617 episcopo,
1102 5546 1206 5600 nisi
1237 5545 1381 5615 quod
1421 5561 1488 5601 ex
1530 5545 1614 5601 his
1643 5548 1815 5601 multo

218 5623 678 5694 plttt‘es‘omittu‘ut
703 5619 965 5694 episcopo.
991 5617 1178 5694 Neque
1202 5628 1382 5672 tamen
1404 5617 1582 5694 minus
1603 5625 1812 5672 certum

217 5686 304 5749 est
327 5690 585 5760 Sabinum
611 5688 760 5760 illum
795 5702 857 5742 ea
881 5686 1146 5760 dignitate
1182 5699 1431 5760 ornatum
1461 5686 1657 5751 fuisse,
1691 5704 1811 5744 cum

217 5778 327 5834 non
348 5758 521 5834 salius
531 5831 536 5834 _
550 5774 589 5824 .a
614 5831 621 5834 _
637 5758 840 5834 Sabino
878 5758 1155 5834 exstiterit
1170 5758 1502 5834 Placentino
1537 5760 1777 5834 antistite
1795 5801 1808 5827 ,

216 5825 308 5904 qiii
339 5827 560 5903 Synod'o
599 5825 929 5904 Aqttileiensi
962 5825 1274 5891 interfuisse
1302 5828 1602 5902 reperitur,
1634 5837 1688 5887 ct
1717 5825 1810 5888 cu;

1920 4697 2100 4751 omnia
2131 4693 2302 4750 factus
2335 4705 2439 4760 est,
2471 4704 2527 4748 ut
2564 4702 2762 4748 nostra:
2789 4690 3118 4746 obtenderet
3159 4691 3348 4745 mortis
3388 4703 3515 4744 acu-

1919 4832 2009 4902 jus
2037 4848 2162 4888 cum
2191 4832 2484 4890 Ambrosio
2512 4829 3218 4902 familiaritatemhujusad
3250 4844 3374 4886 eum
3399 4829 3518 4900 plu-

1923 4899 2012 4960 res
2044 4914 2311 4960 testantur
2333 4905 2596 4975 epistolae.
2623 4903 2770 4959 Hauc
2797 4901 2952 4975 quasi
2969 4901 3040 4975 ad
3063 4899 3518 4975 Sabinum‘scrip-

1923 4984 2031 5029 tam
2061 4977 2296 5032 citarunt
2325 4971 2436 5033 Leo
2467 4975 2690 5046 Magnus
2730 4973 2890 5042 epist.
2933 4971 3038 5027 154
3061 5013 3076 5038 ,
3130 4973 3263 5027 alias
3311 4973 3418 5040 97,
3459 4971 3518 5029 et

1922 5045 2179 5120 Leontius
2210 5049 2555 5120 Byzantinus.

1997 5129 2018 5157 ο
2060 5119 2188 5173 Mss.
2212 5117 2449 5190 aliquot,
2473 5119 2773 5173 verissimus
2797 5127 2900 5181 est;
2928 5131 3089 5184 unus,
3121 5117 3512 5184 scelerissimus,

1921 5189 2064 5244 forte
2090 5191 2532 5246 sceleratissimus.

1993 5258 2021 5298 ἀ
2061 5264 2281 5317 Amerb.
2315 5274 2366 5317 et
2398 5263 2550 5332 pauci
2589 5277 2746 5323 mss.,
2797 5261 2970 5313 multa:
3000 5263 3124 5332 jure
3168 5270 3513 5332 pratercunt;

1920 5331 2078 5387 Eras.
2109 5340 2166 5387 et
2202 5332 2308 5389 Gil.
2350 5331 2470 5389 cum
2503 5333 2627 5388 aliis
2652 5375 2666 5400 ,
2707 5334 2866 5386 multa
2909 5331 3086 5385 aurem
3138 5331 3320 5402 (Rom.
3353 5333 3511 5398 edit.,

1919 5405 2081 5458 multa
2105 5404 2296 5468 autem)
2324 5414 2651 5476 praetereunt.

1993 5485 2016 5512 θ
2057 5472 2378 5530 Conferatur
2433 5475 2519 5530 hic
2565 5476 2714 5530 locus
2753 5489 2874 5529 cum
2917 5473 3024 5526 alio
3066 5473 3164 5529 lib.
3195 5489 3226 5528 v
3254 5472 3323 5527 de
3355 5473 3510 5540 Fide,

1918 5560 2038 5616 cap.
2088 5547 2158 5610 8,
2206 5561 2354 5600 num.
2401 5545 2538 5610 10¢,
2583 5559 2639 5600 et
2689 5563 2794 5600 non
2841 5544 3138 5601 dilﬁculler
3183 5545 3513 5616 intelligetur

1921 5617 2172 5673 emndem
2200 5618 2424 5671 indicari
2454 5617 2524 5672 ab
2553 5616 2860 5672 Ambrosio.

1999 5688 2017 5727 ί
2053 5689 2125 5744 Ita
2147 5703 2276 5744 mss.
2303 5687 2370 5742 ad
2397 5703 2562 5743 unum
2586 5704 2598 5740 :
2621 5689 2753 5743 edit.
2770 5697 2946 5743 autem
2968 5687 3086 5742 voci
3111 5704 3285 5744 servus
3307 5687 3513 5744 addunt

1919 5761 2089 5833 factus
2114 5770 2220 5826 est;
2246 5758 2463 5834 etinl‘ra
2487 5759 2854 5834 postverbum
2882 5760 3111 5828 ambula,
3140 5758 3391 5834 jugulant
3414 5759 3513 5818 bas

1919 5828 2097 5898 seces,
2124 5835 2176 5887 in
2193 5829 2399 5886 Actibus
2418 5828 2789 5899 apostolorum.
