4040 6166
520 248 660 306 iii?

1877 242 2128 302 SANC‘I‘I
2163 242 2494 302 AMBROS"

3599 247 3606 251 ’
3685 247 3850 305 1118

513 367 692 429 lcum,
725 373 965 422 nostram
1001 364 1318 421 servitutem
1360 363 1610 425 tolleret,
1645 361 1964 429 maledicta,
1997 369 2122 432 pec-
2151 364 2198 424 Α
2225 363 2366 417 ultra
2405 363 2681 417 hominem
2709 360 3002 417 secundum
3031 360 3268 417 divinam
3298 363 3700 433 operationem.
3733 354 3849 420 De-

514 469 655 524 cata,
691 459 983 528 Opprobria
1010 458 1220 513 deleret
1242 457 1286 530 (ι
1309 455 1431 510 Cor.
1461 471 1552 522 xv,
1584 454 1699 526 55).

587 550 642 606 5.
685 551 811 605 Haec
839 560 894 605 et
917 550 1043 614 alia,
1083 566 1202 618 qtae
1233 547 1541 604 consulenti
1572 547 1787 604 cuidam
1807 591 1822 615 ,
1862 557 1917 602 et
1947 547 2119 604 multo

517 644 678 717 plura
726 659 754 698 a
807 653 860 698 te
897 643 1162 713 scripsisti
1207 643 1414 707 relata,
1460 656 1581 696 cum
1617 639 1896 710 Scriptura
1936 640 2118 696 divina

521 743 721 797 habeat
763 739 959 810 (Exod.
1002 756 1130 806 xvr,
1174 739 1301 809 18),
1348 736 1803 809 quemadmodum
1835 736 2120 806 quisquam

518 834 787 889 dubitabit
815 833 996 888 dicere
1023 842 1051 870 ι
1079 847 1202 904 quae
1232 833 1318 902 pie
1347 832 1545 899 scripta
1575 839 1736 895 sunt,
1768 829 2024 899 quoniam
2052 829 2119 884 ad

517 927 746 997 gloriam
791 926 991 982 Christi
1040 934 1325 997 spectant,
1378 941 1485 979 non
1531 923 1597 980 ad
1645 923 2121 979 imminutionem?

519 1019 654 1076 Nam
682 1035 804 1075 cum
835 1019 904 1074 de
945 1019 1092 1074 dono
1120 1019 1273 1087 ejus,
1317 1019 1419 1072 hoc
1449 1025 1532 1073 est
1561 1030 1789 1082 manna,
1823 1015 2022 1070 dictum
2054 1014 2123 1069 sit

523 1115 649 1184 quia
675 1121 729 1166 et
751 1113 837 1180 qui
860 1111 1027 1165 minus
1054 1111 1254 1182 collegit
1272 1152 1288 1176 ,
1315 1127 1417 1164 non
1441 1109 1682 1163 diminuit
1717 1125 1734 1161 :
1764 1117 1812 1162 et
1845 1108 1933 1179 qui
1964 1107 2127 1177 pluri—

521 1223 661 1261 mum
682 1248 696 1270 ,
728 1223 830 1260 non
863 1206 1165 1277 ampliavit;
1194 1219 1321 1259 num
1362 1205 1532 1273 potuit
1563 1205 1678 1275 ipse
1716 1202 1801 1257 vel
1835 1201 2004 1258 minui
2041 1203 2124 1257 vel

523 1300 735 1372 augeri?
753 1300 892 1367 Quid
912 1300 1053 1355 enim
1073 1301 1125 1354 in
1146 1314 1214 1356 eo
1233 1299 1579 1356 imminutum
1595 1308 1698 1362 est,
1722 1297 1866 1367 quod
1886 1306 2123 1352 nostram

523 1393 874 1459 servitutem,
928 1403 1144 1448 nostras
1202 1392 1546 1449 infirmitates
1591 1390 1945 1462 susceperat?
2001 1391 2130 1445 Erat

525 1486 868 1552 humiliatus,
908 1497 1026 1541 erat
1066 1489 1118 1541 in
1159 1487 1301 1541 servi
1333 1485 1527 1553 forma,
1567 1485 1660 1541 sed
1696 1484 1838 1540 idem
1873 1485 1924 1539 in
1955 1483 2127 1554 gloria

528 1580 620 1634 Dei
655 1580 846 1633 Patris.
875 1580 1003 1634 Erat
1027 1579 1226 1634 vermis
1252 1579 1302 1632 in
1328 1594 1508 1644 cruce,
1534 1578 1628 1634 sed
1657 1577 1797 1634 idem
1819 1577 2130 1632 dimittebat

527 1686 744 1743 peccata
789 1676 950 1728 etiam
1001 1684 1407 1743 persecutorum
1455 1687 1694 1726 suorum.
1757 1673 1884 1725 Erat
1930 1684 2130 1740 oppro-

2223 457 2383 527 uique
2405 471 2524 511 cum
2550 457 2821 527 leprosum
2857 465 3140 526 tangeret,
3178 457 3341 513 homo
3372 458 3704 514 videbatur:
3738 460 3848 515 sed

2223 552 2362 606 ultra
2402 551 2674 605 hominem
2702 592 2717 617 ,
2764 562 2887 604 cum
2925 549 3262 606 emundaret.
3311 550 3526 606 Etcum
3561 551 3848 609 Lazarum

2220 645 2378 700 ﬂeret
2407 656 2677 700 mortuum
2705 643 2920 712 (Matth.
2942 657 3076 722 vnt,
3105 643 3184 710 5),
3213 645 3383 727 quasi.
3409 643 3578 701 homo
3619 647 3797 703 ﬂebat
3829 668 3845 703 :

2220 739 2318 795 sed
2366 754 2524 810 supra
2577 739 2850 794 hominem
2894 746 3048 806 erat,
3110 754 3233 794 cum
3294 748 3568 796 mortuum
3607 742 3851 812 juberet

2224 835 2419 890 vinctis
2446 834 2672 904 pedibus
2700 835 2854 890 exire
2885 832 3064 904 (Joan.
3097 845 3170 900 χι,
3203 834 3293 900 35,
3327 833 3440 906 M).
3473 835 3648 891 Homo
3680 837 3852 892 vide-

2224 928 2386 983 batur
2405 969 2418 994 ,
2452 943 2574 982 cum
2602 927 2862 998 penderet
2891 928 2944 982 in
2973 941 3132 983 cruce
3161 929 3295 983 :sed
3335 943 3494 997 supra
3524 929 3849 997 huminem,

2224 1035 2346 1076 cum
2376 1019 2633 1075 reseratis
2663 1017 2907 1085 tumulis,
2944 1028 3192 1075 mortuos
3220 1021 3581 1077 resuscitarct
3610 1021 3850 1093 (Matth.

2226 1127 2395 1178 ssvn,
2428 1112 2544 1178 52).

2298 1205 2352 1263 8.
2392 1206 2503 1262 Nec
2527 1206 2629 1262 sibi
2655 1205 2969 1262 blandiatur
2995 1207 3142 1261 virus
3166 1207 3520 1276 Apollinaris,
3552 1220 3575 1247 ο
3604 1209 3736 1279 ttuia
3767 1211 3850 1266 ita

2229 1300 2427 1371 legitur
2457 1318 2469 1352 :
2502 1299 2570 1353 Et
2593 1301 2758 1372 specie
2782 1299 3013 1354 inventus
3039 1309 3186 1354 estut
3213 1300 3366 1355 homo
3388 1300 3617 1373 (Philip.
3647 1317 3718 1369 tt,
3749 1302 3847 1374 7);

2229 1411 2336 1450 non
2383 1396 2528 1449 enim
2579 1403 2805 1464 negatus
2844 1401 2930 1448 est
2971 1394 3136 1449 homo
3177 1393 3368 1461 Iesus,
3405 1409 3527 1449 cum
3557 1396 3688 1452 alibi
3725 1399 3851 1467 ipse

2231 1490 2432 1546 Paulus
2463 1489 2532 1545 de
2561 1505 2627 1545 eo
2652 1489 2797 1544 dicat
2823 1507 2836 1543 :
2864 1487 3125 1542 Mediator
3151 1487 3249 1544 Dei
3291 1499 3339 1543 et
3384 1489 3653 1544 hominum
3687 1493 3853 1546 homo

2229 1583 2460 1639 Christus
2485 1581 2642 1638 Iesus
2683 1579 2727 1653 (ι
2755 1581 2888 1638 Tim.
2913 1589 2950 1636 'It
2971 1625 2987 1649 ,
3015 1582 3104 1653 5),
3133 1582 3229 1637 sed
3257 1581 3616 1638 confirmatus
3645 1594 3758 1640 est.
3790 1581 3850 1640 Id

2231 1676 2374 1733 enim
2414 1686 2498 1731 est
2547 1690 2677 1730 usus
2724 1684 2779 1729 et
2817 1675 2988 1730 moris
3030 1675 3329 1746 Scriptura:
3376 1677 3456 1731 sic
3503 1676 3850 1744 significare,

527 1765 737 1832 brium,
759 1765 924 1837 me
945 1765 1035 1820 sed
1066 1764 1206 1819 idem
1234 1765 1488 1833 tnajes‘tas
1511 1764 1758 1829 Domini,
1789 1764 1932 1819 sicut
1957 1763 2130 1832 scrip-
2159 1757 2206 1818 Β
2233 1770 2376 1825 sicut
2421 1778 2472 1823 et
2514 1769 2567 1823 in
2611 1769 2914 1839 Evangelia
2955 1768 3182 1840 legimus
3215 1786 3229 1824 :
3257 1767 3324 1823 Et
3361 1770 3582 1824 uidimus
3618 1772 3853 1842 gloriam

529 1868 640 1912 tum
663 1867 746 1913 est
771 1877 782 1910 :
808 1858 871 1912 Et
896 1858 1144 1912 videbitur
1161 1862 1405 1932 majestas
1430 1857 1661 1922 Domini,
1686 1868 1732 1911 et
1759 1856 1945 1911 videbit
1967 1858 2132 1913 omnis

528 1967 650 2006 caro
675 1951 902 2006 salutare
929 1950 1023 2006 Dei
1049 1949 1222 2023 (Esai.
1254 1968 1348 2017 η,
1371 1949 1448 2022 5).
1480 1951 1619 2018 Quid
1643 1951 1843 2016 amisit,
1881 1949 1970 2004 cui
1997 1948 2131 2004 nihil

532 2045 711 2098 minus
741 2042 858 2097 est?
895 2043 1010 2098 Non
1041 2043 1274 2098 habebat
1307 2042 1522 2114 quidem
1559 2042 1796 2112 speciem
1831 2056 2003 2111 neque
2035 2040 2131 2095 de-

533 2152 739 2200 corem,
760 2136 852 2190 sed
875 2136 1112 2191 habebat
1132 2137 1518 2206 plenitudinem
1538 2133 1860 2189 divinitatis.
1885 2131 2135 2187 Inﬁrmus

533 2227 937 2294 :estimabatnr,
971 2225 1067 2282 sed
1099 2244 1203 2281 non
1233 2227 1520 2281 destiterat
1548 2239 1672 2280 esse
1703 2225 1796 2279 Dei
1827 2223 2018 2278 virtus.
2043 2222 2136 2277 Vi-

533 2319 788 2387 debatur,
822 2331 880 2374 ut
908 2321 1090 2387 homo,
1123 2320 1218 2376 scd
1251 2319 1488 2390 fulgebat
1513 2320 1565 2374 in
1591 2319 1751 2374 terris
1777 2318 2032 2389 maiestas
2061 2316 2138 2373 di-

537 2414 658 2469 vina
686 2423 741 2469 et
767 2415 940 2469 Patris
961 2416 1153 2486 gloria.

608 2506 661 2559 6.
708 2505 861 2562 Unde
895 2507 1117 2577 pulchre
1152 2507 1443 2578 Apostolus
1475 2505 1716 2577 ejusdem
1742 2505 1894 2560 verbi
1931 2502 2135 2574 repeti-

537 2599 685 2653 tione
722 2615 851 2654 usus
879 2609 993 2664 est,
1025 2601 1210 2654 dit-ens
1245 2599 1314 2655 de
1347 2600 1574 2654 Domino
1601 2599 1769 2654 Jesu:
1805 2598 1904 2664 Qui
1940 2613 2056 2652 cum
2085 2600 2138 2651 in

537 2690 706 2759 forma
749 2689 847 2744 Dei
882 2702 1041 2759 esset,
1085 2710 1187 2746 non
1229 2695 1467 2762 rapinam
1509 2691 1791 2746 arbitratus
1823 2700 1901 2747 est
1941 2705 2048 2744 esse
2084 2704 2140 2742 se

537 2784 785 2852 (aqualem
837 2784 982 2851 Deo;
1017 2787 1106 2840 sed
1151 2797 1308 2840 semet
1350 2787 1520 2858 ipsum
1564 2785 1872 2848 exinaniuit,
1916 2785 2138 2854 formam

537 2875 668 2929 servi
713 2877 968 2944 accipiens
999 2876 1264 2947 (Philipp.
1306 2894 1376 2942 tt,
1409 2880 1470 2945 6,
1504 2879 1583 2948 7).
1629 2877 1766 2946 Quid
1813 2885 1896 2933 est
1939 2877 1994 2932 in
2045 2878 2139 2934 Dei

540 2967 734 3034 forma,
773 2968 875 3023 nisi
909 2970 960 3024 itt
990 2969 1328 3040 plenitudine
1351 2970 1687 3036 divinitatis,
1731 2971 1782 3026 in
1814 2970 1904 3026 illa
1937 2970 2144 3040 perfec-

542 3057 705 3112 tionis
732 3058 929 3114 diviuae
964 3062 1357 3130 expressione?
1395 3062 1540 3132 Ergo
1567 3078 1688 3118 cum
1717 3070 1862 3118 esset
1891 3062 1943 3116 in
1973 3061 2144 3131 pleni-

2235 1865 2373 1935 ejus,
2397 1862 2614 1934 gloriam
2637 1862 2785 1930 quasi
2805 1861 3050 1932 unigeniti
3073 1877 3104 1915 a
3133 1859 3290 1916 Patre
3311 1861 3490 1934 (Joan.
3516 1879 3552 1927 l,
3583 1864 3658 1926 1).
3684 1863 3850 1917 Sicut

2236 1969 2368 2025 ergo
2413 1953 2563 2025 quasi
2594 1955 2902 2024 unigenitus
2933 1953 3132 2008 dicitur
3153 1994 3167 2020 ,
3208 1963 3263 2008 et
3293 1967 3401 2008 non
3432 1955 3692 2009 abnuitur
3721 1954 3853 2009 uni-

2236 2049 2451 2117 genitus
2494 2046 2586 2102 Dei
2620 2045 2822 2112 Filius;
2853 2046 2924 2100 ita
2951 2053 3011 2099 ut
3037 2037 3203 2100 homo
3231 2045 3455 2112 dicitur,
3488 2057 3541 2102 et
3571 2045 3851 2117 perfectio

2237 2140 2407 2196 fuisse
2435 2139 2488 2194 in
2519 2153 2585 2194 eo
2613 2139 2846 2194 hominis
2873 2153 2979 2194 non
3009 2147 3258 2209 negatur.

2308 2233 2473 2306 987
2505 2234 2559 2289 9.
2598 2231 2732 2286 Cum
2774 2240 2921 2287 esset
2958 2231 3121 2302 igitur
3147 2231 3198 2286 in
3243 2232 3415 2287 forma
3444 2233 3615 2299 servi,
3647 2233 3841 2289 humi-

2239 2327 2403 2383 liatus
2437 2341 2606 2396 usque
2633 2325 2698 2380 ad
2729 2333 2990 2390 mortem,
3023 2333 3138 2378 erat
3182 2333 3363 2379 tamen
3406 2324 3460 2379 in
3501 2325 3604 2382 Dei
3645 2325 3848 2397 gloria.

2240 2418 2379 2488 Quid
2409 2420 2458 2474 ei
2489 2418 2653 2489 igitur
2693 2415 2869 2472 obfuit
2897 2417 3163 2472 servitus?
3203 2417 3404 2472 Servus
3446 2427 3634 2473 autem
3670 2418 3851 2474 factus

2242 2513 2458 2584 legitur,
2484 2511 2611 2581 quia
2638 2509 2835 2581 legitur
2861 2509 3034 2565 factus
3061 2525 3126 2564 ex
3173 2509 3394 2581 Virgine
3421 2552 3431 2573 .,
3460 2520 3517 2566 et
3542 2519 3766 2566 creatus
3796 2513 3849 2567 in

2241 2621 2438 2670 carne;
2487 2604 2665 2659 omnis
2712 2603 2859 2658 enim
2903 2611 3150 2658 creatura
3202 2603 3411 2667 servit,
3460 2602 3679 2660 dicente
3717 2604 3851 2659 Pro-

2245 2702 2404 2768 pheta
2441 2715 2453 2750 :
2489 2696 2623 2762 Quia
2652 2697 2886 2748 universa
2930 2695 3155 2749 serviunt
3185 2695 3276 2749 tibi
3308 2693 3479 2767 (Psal.
3503 2711 3699 2763 ωιγιιι,
3728 2695 3845 2768 91).

2243 2787 2400 2848 Unde
2433 2799 2488 2844 et
2515 2789 2658 2844 Deus
2685 2787 2847 2843 Pater
2877 2787 2953 2842 ait
2978 2805 2991 2840 :
3019 2785 3199 2840 Inveni
3227 2785 3401 2840 Dauid
3421 2803 3626 2842 seruum
3656 2804 3842 2854 meum,

2244 2883 2298 2935 iu
2332 2881 2446 2936 olea
2471 2889 2647 2935 sancto
2688 2880 2814 2934 ωιπέ
2841 2895 2978 2934 eum.
3009 2878 3132 2948 Ipse
3154 2879 3350 2948 vocabit
3377 2895 3458 2932 me
3481 2896 3497 2933 :
3525 2877 3684 2936 Pater
3703 2897 3848 2934 meus

2245 2989 2296 3028 es
2328 2983 2400 3038 tu,
2435 2969 2572 3025 Deus
2603 2971 2785 3025 salutis
2817 2986 2958 3024 ntere.
3008 2967 3077 3022 Et
3108 2986 3202 3043 ego
3230 2969 3628 3040 priumgeuitum
3657 2988 3847 3044 portam

2249 3083 2361 3122 eum
2417 3063 2584 3135 (Psal.
2638 3079 2897 3128 Lxxxvut,
2929 3063 3036 3128 27,
3067 3061 3194 3132 28);
3244 3070 3298 3117 et
3344 3062 3396 3116 in
3438 3060 3550 3116 alio
3598 3063 3843 3131 psalmo:

543 3149 732 3205 tudine
764 3151 1096 3218 divinitatis,
1129 3151 1426 3207 exinanivit
1455 3168 1514 3208 se
1536 3196 1550 3220 ,
1592 3163 1646 3209 et
1675 3152 1883 3222 accepit
1910 3153 2144 3223 plenitu-
2173 3152 2219 3214 C
2253 3158 2465 3214 Custodi
2486 3158 2711 3210 animam
2733 3172 2896 3210 meam
2920 3173 2938 3222 ;
2968 3156 3210 3227 quoniam
3236 3165 3445 3209 sanctus
3471 3171 3587 3208 sum
3612 3171 3629 3209 :
3653 3156 3847 3208 solvunt

542 3239 722 3296 dinetn
766 3253 973 3296 natura:
1017 3254 1071 3298 et
1113 3244 1463 3314 perfectionis
1503 3244 1751 3300 humanae
1793 3262 1807 3300 :
1849 3247 1989 3300 sicut
2013 3244 2138 3316 (Deo

543 3333 680 3389 nihil
707 3335 912 3401 deerat,
941 3336 1009 3390 ita
1035 3351 1135 3391 nec
1163 3337 1395 3391 hominis
1417 3337 1889 3404 consummationi,
1916 3349 1973 3391 ut
1995 3346 2142 3394 esset

545 3428 817 3498 perfectus
849 3430 900 3482 in
941 3441 1168 3500 utraque
1202 3431 1396 3486 forma.
1449 3431 1599 3486 Unde
1647 3440 1704 3486 et
1749 3431 1921 3486 David
1963 3433 2136 3486 dicit:

548 3521 822 3592 Speciosus
854 3526 1020 3594 forata
1066 3540 1172 3594 pra:
1208 3524 1334 3594 [iliis
1374 3524 1634 3579 hominum
1666 3522 1838 3596 (Psal.
1872 3541 2029 3590 xuv,
2058 3526 2136 3594 5).

619 3618 670 3672 7.
714 3617 1068 3675 Concluditttr
1104 3620 1522 3690 Apollinarista,
1564 3634 1664 3676 nec
1695 3635 1802 3690 quo
1847 3636 1907 3677 se
1943 3629 2139 3688 vertat,

548 3711 738 3778 habet,
795 3714 910 3769 suis
959 3715 1227 3770 clauditur
1276 3715 1499 3771 retibus.
1547 3714 1668 3784 Ipse
1705 3717 1848 3771 enim
1890 3715 2140 3772 dixerat:

548 3805 796 3862 Formam
828 3809 969 3864 servi
1000 3810 1242 3879 accepit,
1273 3807 1298 3847 δ
1328 3826 1434 3864 non
1467 3824 1656 3865 servus
1686 3810 1859 3866 lectus
1893 3818 1998 3865 est.
2025 3807 2144 3882 (lte-

548 3914 666 3953 rmn
699 3915 830 3970 ergo
861 3902 1158 3973 interrogo,
1187 3901 1314 3972 quid
1346 3913 1428 3958 est
1458 3904 1508 3958 in
1539 3903 1708 3958 forma
1738 3903 1868 3959 Dei?
1897 3902 2142 3973 Respon-

549 3990 640 4044 det
671 4009 684 4044 :
716 3993 771 4046 In
815 4004 1006 4048 natura
1036 3995 1151 4049 Dei.
1186 3994 1322 4050 Sunt
1351 3996 1530 4062 enim,
1567 3995 1641 4052 ait
1681 3997 2009 4066 Apostolus,
2055 3996 2144 4067 qui

551 4099 653 4137 non
691 4095 809 4140 sunt
846 4099 1031 4142 natura
1071 4089 1148 4143 dii
1191 4089 1417 4161 (Philip.
1449 4106 1504 4156 u,
1538 4089 1617 4161 7).
1661 4094 1857 4158 Quaero
1896 4090 2021 4159 quid
2051 4091 2142 4158 sit,

549 4175 770 4246 formam
797 4181 930 4234 serui
956 4182 1214 4253 accipiens
1241 4181 1440 4253 (Galal.
1464 4198 1537 4250 tv,
1562 4181 1655 4253 8)?
1681 4181 1811 4238 Siue
1832 4181 1997 4238 dttbio
2027 4198 2147 4252 per-

549 4266 838 4325 fectionem
871 4280 1076 4326 natura:
1104 4281 1160 4326 et
1187 4273 1517 4327 cooditionis
1537 4313 1554 4340 ,
1597 4282 1654 4328 ιιι
1684 4273 1790 4328 dixi
1813 4314 1828 4337 ,
1873 4272 2144 4340 humanm,

551 4370 607 4415 ιιι
645 4371 792 4418 esset
836 4363 888 4417 in
937 4365 1212 4419 hominum
1259 4364 1629 4420 similitudine.
1678 4363 1744 4418 Et
1781 4364 2000 4433 pulchre
2040 4380 2147 4421 non

549 4457 766 4521 carnis,
809 4457 904 4511 sed
955 4457 1228 4514 hominum
1274 4460 1414 4514 dixit
1456 4457 1898 4525 similitudinem;
1934 4461 2058 4528 quia
2090 4460 2142 4515 in

2245 3256 2328 3325 fac
2359 3267 2560 3306 servum
2590 3260 2732 3303 tuum
2761 3239 2933 3318 (Psal.
2969 3263 3164 3312 Lxxxv,
3187 3245 3274 3318 2);
3308 3257 3364 3301 et
3395 3246 3534 3302 infra
3568 3248 3619 3300 in
3649 3246 3842 3301 eodem

2245 3346 2452 3415 psalmo
2477 3361 2489 3396 :
2515 3343 2595 3398 Da
2621 3351 2917 3411 potestatem
2949 3357 3107 3411 puero
3135 3351 3241 3406 tuo,
3268 3349 3315 3392 et
3337 3340 3540 3394 saluum
3567 3342 3650 3410 [ac
3677 3337 3843 3406 ﬁlium

2241 3439 2446 3494 ancilla:
2473 3448 2575 3491 tua:
2605 3435 2792 3508 (lbid..
2829 3435 2943 3502 16).
2979 3433 3237 3504 Congessi
3267 3433 3413 3488 enim
3443 3432 3622 3487 Patris
3650 3441 3704 3486 et
3730 3432 3840 3486 Filii

2244 3545 2439 3595 voces;
2471 3540 2528 3584 ut
2573 3530 2620 3583 ei
2676 3539 2782 3583 non
2832 3536 3150 3597 argumenta
3201 3524 3476 3592 humana,
3521 3523 3620 3580 sed
3668 3524 3840 3579 divlna

2246 3623 2636 3690 responderent
2665 3619 2904 3674 oracula.

2321 3716 2407 3770 10.
2451 3713 2594 3769 Alibi
2628 3712 2802 3782 inquit
2844 3729 2856 3765 :
2902 3708 2970 3764 In
2999 3725 3182 3765 manus
3211 3717 3326 3764 tuas
3352 3709 3660 3764 commendo
3687 3707 3839 3779 spiri-

2247 3818 2354 3863 tum
2397 3822 2563 3860 meum
2611 3804 2921 3876 (Psal.xxx,
2956 3803 3050 3872 0);
3081 3811 3135 3858 et
3169 3821 3182 3858 :
3225 3803 3469 3858 Statuisti
3500 3803 3552 3855 in
3579 3802 3692 3856 loco
3718 3815 3839 3869 ερας

2245 3903 2376 3958 tioso
2407 3901 2562 3972 pedes
2593 3916 2732 3954 meos
2759 3897 2951 3965 (Ibid.,
2972 3899 3028 3965 9)
3053 3913 3068 3962 ;
3095 3905 3182 3952 et:
3209 3895 3383 3966 Super
3405 3913 3578 3952 ontnes
3607 3897 3840 3951 inimicos

2246 4011 2386 4050 meos
2419 3997 2584 4065 factus
2610 4009 2724 4046 sum
2754 3988 3439 4063 approbriunt(lbid.,12).
3478 3989 3538 4043 Et
3571 3990 3622 4042 in
3653 3988 3838 4043 eodem

2246 4089 2460 4160 psalmo
2503 4106 2516 4142 :
2558 4087 2778 4143 Illustra
2828 4086 3015 4157 faciem
3054 4095 3197 4138 tuam
3246 4101 3402 4154 super
3448 4095 3646 4138 servum
3699 4092 3840 4137 tuum

2247 4179 2448 4254 (Ibid.,
2488 4179 2598 4248 l7).
2651 4180 2755 4234 l’cr
2804 4179 3018 4233 ESaiam
3066 4191 3283 4247 quoque
3332 4176 3464 4232 dlclt
3509 4175 3626 4244 ipse
3675 4173 3840 4230 Filius

2252 4275 2386 4330 Dei:
2422 4273 2503 4326 Ea:
2537 4283 2679 4328 utero
2721 4271 2902 4324 matris
2949 4283 3079 4324 mete
3121 4270 3316 4324 vocavit
3365 4267 3618 4322 Dominus
3663 4279 3838 4321 nomen

2247 4382 2436 4430 meum,
2469 4374 2516 4431 et
2543 4365 2710 4437 posuit
2759 4379 2816 4417 os
2862 4377 3030 4416 areum
3056 4372 3110 4415 ut
3137 4361 3370 4432 gladium
3398 4370 3609 4414 acutum
3629 4400 3644 4427 ,
3674 4369 3721 4414 et
3753 4361 3837 4414 sub

2250 4469 2540 4530 tegumenta
2585 4473 2769 4514 manus
2817 4472 2924 4512 sua:
2965 4457 3187 4528 protexit
3228 4470 3327 4510 me.
3362 4454 3551 4509 Posuit
3595 4469 3678 4510 ms
3717 4457 3840 4510 sicut

548 4563 714 4606 carne
735 4549 947 4606 eadem.
969 4551 1072 4608 Sed
1098 4553 1221 4624 quia
1245 4553 1365 4609 sine
1384 4563 1604 4624 peccato
1625 4569 1740 4614 erat
1764 4553 1934 4621 solus,
1967 4555 2147 4610 omnis
2171 4539 2224 4599 Ῑ)
2250 4554 2491 4624 sagittam
2534 4550 2766 4618 electam,
2802 4559 2849 4604 et
2898 4550 3143 4618 pharetra
3187 4565 3282 4604 sua
3322 4550 3448 4603 texit
3493 4561 3615 4615 me;
3644 4559 3689 4602 et
3717 4547 3837 4602 dixit

548 4652 728 4699 autem
755 4643 916 4700 homo
939 4647 991 4700 in
1017 4656 1258 4716 peccato,
1289 4648 1340 4701 in
1372 4646 1553 4717 specie
1581 4645 1816 4702 hominis
1839 4646 2145 4703 videbatur.

549 4732 702 4790 Unde
729 4743 783 4789 et
816 4737 1076 4806 propheta
1102 4737 1176 4791 ait
1205 4755 1218 4792 :
1249 4737 1312 4791 Et
1339 4739 1492 4792 homo
1521 4747 1629 4804 est,
1663 4748 1711 4793 et
1737 4739 1851 4808 quis
1879 4747 2150 4811 cognoscet

548 4843 662 4880 eum
695 4825 910 4900 (Jerem.
943 4845 1070 4896 xvu,
1099 4829 1192 4903 9)?
1225 4830 1397 4887 llotno
1419 4831 1721 4888 secundum
1752 4847 1970 4888 Carnem
1993 4872 2010 4900 ,
2052 4831 2147 4889 scd

619 5001 645 5028 ει
684 4989 842 5068 Rom.
877 4993 1007 5068 edit.
1039 4995 1150 5048 sola
1171 5037 1184 5057 ,
1227 4997 1351 5067 quia
1387 4997 1469 5068 pie
1508 4997 1702 5066 scripta
1727 5004 1843 5050 sunt
1872 5012 1889 5050 :
1915 5003 1970 5049 at
1999 4993 2138 5068 infra

543 5078 667 5138 cum
699 5064 822 5138 aliis
840 5107 874 5138 ξ
882 5065 1016 5121 unde
1041 5068 1202 5138 potuit
1220 5064 1248 5134 ;’
1268 5069 1359 5121 tibi
1386 5064 1482 5122 nos
1511 5064 1633 5122 cum
1669 5082 1799 5122 mss.
1829 5083 1929 5121 non
1953 5065 2136 5138 potuit.

546 5133 654 5190 Sed
679 5135 808 5190 edit.
844 5133 1003 5191 Rom.
1033 5133 1350 5207 particulam
1381 5156 1505 5192 num
1528 5138 1796 5195 transtulit
1823 5133 2140 5208 post'immi-

545 5218 727 5260 nutum
757 5218 850 5261 881.

621 5275 646 5314 λ’
689 5277 886 5349 Leonis
911 5279 1143 5349 epistola
1164 5322 1179 5346 ,
1222 5297 1322 5334 non
1348 5297 1519 5336 servus
1539 5283 1738 5336 locutus
1762 5291 1869 5346 est;
1899 5279 1992 5335 sed
2025 5291 2138 5333 mea

544 5348 646 5403 liu-e
677 5348 809 5402 edit.
841 5366 904 5404 ac
937 5348 1044 5404 mss
1073 5353 1486 5419 Ambrosiaui,..
1517 5353 1677 5406 lectus
1700 5362 1788 5406 est.
1826 5353 1936 5406 lloc
1961 5362 2143 5405 autem

547 5419 879 5489 przccipuum
931 5422 1098 5478 fuisse
1148 5432 1362 5477 constat
1401 5424 1604 5478 erroris
1631 5423 2141 5492 Apollinaristarnm

545 5494 948 5546 ﬁrmamentum
977 5535 992 5558 ,
1041 5495 1182 5564 quod
1231 5497 1317 5548 hic
1366 5493 1698 5549 validissime
1739 5497 1808 5564 ab
1858 5494 2147 5548 Ambrosio

545 5573 742 5618 nostro
771 5563 1193 5620 evertitur.’Nec
1221 5575 1400 5619 tamen
1435 5563 1858 5621 existimandum
1900 5572 1985 5618 est
2015 5566 2145 5617 Am-

550 5633 737 5707 brosio
777 5637 1046 5707 contraria
1093 5638 1344 5691 docuisse
1374 5638 1672 5693 Adrianum
1704 5652 1894 5707 papam
1925 5636 1941 5690 I
1976 5636 2026 5689 in
2050 5651 2145 5688 sua

555 5705 622 5759 ad
671 5704 962 5787 concilium
1009 5709 1366 5787 Francoford.
1415 5704 1824 5787 epistola._cunt
1861 5711 2146 5787 Dominum

549 5782 696 5862 set-vt
718 5782 935 5830 nomine
956 5782 1340 5850 appellandum
1364 5782 1547 5858 negat,
1561 5787 1644 5843 vel
1667 5785 1808 5841 idem
1829 5783 2148 5851 concilium,

2249 4648 2376 4700 mihi
2399 4662 2418 4699 :
2441 4645 2634 4701 Seruus
2657 4659 2796 4697 meus
2825 4659 2876 4697 es
2897 4652 2975 4707 tu,
2996 4641 3158 4696 Israel
3183 4639 3356 4712 (Esai.
3385 4653 3532 4707 χιιι,
3559 4639 3614 4706 2,
3645 4639 3722 4710 5).
3756 4637 3839 4694 Dl-

2250 4739 2390 4796 citur
2427 4740 2572 4793 enim
2621 4736 2712 4790 Dei
2757 4735 2930 4816 Filius
2972 4745 3026 4790 et
3071 4733 3258 4816 Israel,
3288 4736 3430 4789 sicut
3459 4733 3588 4787 alibi
3635 4750 3648 4786 :
3687 4731 3837 4786 Iacob

2254 4847 2380 4904 puer
2402 4846 2562 4894 meus,
2588 4827 2755 4884 Israel
2781 4829 2996 4885 dilectus
3025 4845 3166 4883 meus
3193 4823 3365 4892 (Esai.
3395 4841 3540 4893 κων,
3575 4826 3654 4897 1).
3689 4827 3836 4882 Solus

2244 4993 2334 5048 ubi
2363 4992 2438 5046 ait
2473 5009 2540 5048 ex
2569 4989 2868 5060 Augustino
2896 5005 2910 5042 :
2936 4987 3190 5042 Dominus
3222 4995 3394 5060 noster
3427 4985 3582 5060 etiam
3606 4986 3660 5060 i_tt
3688 4987 3837 5060 forma

2243 5067 2378 5120 servi
2421 5081 2520 5118 nou
2567 5049 2769 5125 seruus,
2818 5060 2905 5115 sed
2946 5060 2999 5113 iu
3037 5063 3203 5126 [arma
3233 5058 3385 5112 etiam
3415 5059 3548 5111 serui
3596 5049 3837 5112 Dominus

2246 5138 2362 5262 (ait.
2397 5136 2608 5190 Etenim
2634 5134 2713 5190 sic
2737 5135 2823 5187 llla
2854 5128 3207 5200 intelligenda
3235 5140 3380 5190 sunt,
3414 5136 3472 5181 ut
3501 5136 3836 5198 opponantur

2266 5206 2444 5262 πίει-εςί
2486 5206 2735 5262 Elinandi
2778 5213 2938 5262 atque
2966 5201 3222 5262 aliorum,
3245 5199 3522 5253 Cltt‘isltttll
3555 5201 3836 5262 adoptione

2266 5206 2444 5262 πίει-εςί
2486 5206 2735 5272 Elipandi
2778 5213 2938 5273 atque
2966 5199 3222 5273 aliorum,
3245 5199 3522 5273 Cltt‘isltttll
3555 5201 3836 5273 adoptione

2247 5287 2455 5333 tantum
2488 5271 2584 5332 Dei
2612 5277 2828 5335 Filium,
2851 5271 2942 5328 'ac
2973 5272 3203 5342 proinde
3253 5285 3356 5324 non
3397 5272 3574 5324 aliena
3603 5281 3658 5325 et
3687 5271 3836 5326 libere

2247 5363 2496 5418 suscepta
2550 5350 2844 5418 servitute.
2875 5347 2969 5418 sed
3016 5343 3232 5418 propria
3272 5351 3335 5418 et
3359 5343 3608 5418 naturali
3632 5358 3830 5418 servum

2247 5435 2370 5476 esse
2393 5413 2903 5488 lilasphemantinm.
2925 5415 3078 5485 Quod
3099 5424 3214 5469 toto
3236 5413 3377 5468 caelo
3398 5413 3464 5468 ab
3488 5413 3831 5469 Ambrosiam

2251 5501 2433 5546 mente
2460 5492 2738 5544 abhoi-ret.

2325 5575 2346 5603 ο
2392 5565 2540 5620 Hauc
2572 5565 2741 5632 ipsam
2772 5559 3135 5632 objectiouem
3157 5571 3301 5632 cum
3329 5555 3521 5632 eodem
3565 5557 3722 5622 plane
3749 5571 3831 5608 rc-

2255 5653 2462 5706 sponso
2490 5627 2733 5709 reperire
2760 5645 2843 5690 est
2861 5633 3038 5709 Serm.
3068 5631 3134 5686 t8
3156 5630 3206 5684 in
3224 5627 3426 5709 Psalm.
3451 5642 3640 5709 cxvnt;
3663 5642 3828 5709 verum

2257 5700 2579 5781 adversarii,
2601 5710 2744 5784 quod
2769 5707 2968 5765 ibldem
2996 5703 3310 5776 impugnat,
3344 5700 3549 5754 nomini
3585 5700 3767 5768 parcit.
