4040 6166
146 289 327 348 il“)

1460 299 1948 361 EPISTOIARUM
1986 302 2266 360 CLASSIS
2305 304 2346 361 l.

3366 305 3511 363 11ὀ

142 408 333 463 enim
374 423 515 464 vere
543 407 714 467 Deum
744 409 960 465 Patrem
990 424 1098 469 non
1129 380 1304 469 solum
1338 411 1490 477 vidit,
1520 413 1614 471 sed
1645 415 1807 473 etiam
1835 419 1883 480 Α
1916 426 2113 472 matus.
2145 415 2241 473 Ille
2267 416 2524 474 dicebat:
2553 417 2619 472 In
2644 434 2863 474 uacuum
2891 418 3120 474 laboravi
3152 418 3326 491 (Esai.
3360 436 3509 486 χιιι,

142 506 480 563 enarravit
506 503 690 576 (Joan.
719 521 760 574 ι,
788 505 902 578 18).

238 603 355 659 ti.
414 603 481 660 Et
512 603 761 674 sequitur
802 621 818 660 ι
855 603 925 660 le
952 614 1003 661 te
1025 605 1378 679 gloriﬁcab’or.
1420 604 1491 662 Et
1516 622 1610 681 ego
1637 607 1753 664 disi
1786 623 1807 664 :

149 693 234 752 In
292 713 537 752 meum
573 696 830 762 laboraui,
856 707 903 753 et
939 698 996 752 in
1043 696 1267 754 nihilum
1308 697 1429 755 dedi
1464 700 1598 757 vires
1624 716 1802 765 meas;

142 789 298 846 ideo
348 791 619 860 judicium
660 806 834 855 meum
869 800 991 848 ante
1039 790 1317 849 Dominum
1341 834 1357 861 ,
1390 803 1437 849 et
1470 794 1620 849 dolor
1661 810 1804 850 meus

148 893 298 939 ante
350 883 526 941 Deum
570 898 761 939 meum.
808 879 874 940 Et
921 898 1064 941 nunc
1113 884 1195 941 sic
1236 883 1374 941 dicit
1400 885 1686 952 Dominus,
1712 885 1803 953 qui

150 975 341 1044 ﬁuit
376 992 460 1031 me
483 990 686 1032 sentum
708 990 776 1030 ea:
799 986 946 1031 utero
974 976 1073 1032 sibi
1095 976 1164 1032 ad
1189 976 1613 1050 congregandum
1635 975 1801 1032 Iacob

152 1076 211 1122 et
245 1065 444 1122 Israel
466 1065 637 1137 (Esai.
673 1082 816 1132 ms,
841 1065 899 1133 4,
931 1065 1010 1139 5).
1038 1067 1172 1137 Quis
1195 1068 1547 1140 congregavit
1580 1067 1673 1124 Dei
1705 1082 1802 1138 po-

153 1159 384 1229 pulum
404 1201 420 1226 ,
449 1159 552 1215 nisi
578 1158 869 1217 Christus?
896 1159 1027 1228 Quis
1063 1159 1402 1230 gloriﬁcatus
1428 1168 1511 1217 est
1537 1169 1667 1215 ante
1694 1159 1801 1216 Do-

154 1252 409 1309 minum
436 1253 462 1308 ἲ
488 1252 623 1322 Quis
648 1263 733 1309 est
766 1252 857 1309 Dei
886 1253 1092 1309 virtus?
1121 1254 1221 1309 Cui
1258 1254 1392 1309 dixit
1426 1253 1620 1311 Pater:
1648 1252 1799 1326 Mag-

152 1362 306 1401 num
368 1346 461 1401 tibi
508 1354 583 1402 est
624 1346 795 1400 vocari
821 1355 869 1401 te
898 1362 1118 1416 puerum
1157 1347 1363 1402 meum?
1397 1347 1459 1402 Et
1488 1346 1575 1403 cui
1620 1345 1792 1402 dicit:

156 1437 323 1495 Ecce
359 1438 514 1511 posui
549 1438 680 1495 tein
723 1446 1081 1494 testamentum
1128 1438 1328 1510 generis
1372 1439 1503 1506 mei,
1529 1438 1587 1493 in
1631 1438 1795 1494 lucem

154 1532 464 1602 gentium;
496 1541 548 1585 ut
574 1531 646 1587 sis
673 1531 727 1586 in
756 1531 979 1586 salutem
1019 1546 1179 1602 usque
1218 1530 1289 1586 ad
1332 1541 1614 1587 extremum
1644 1544 1795 1587 teme

155 1621 392 1692 (lbid.,
425 1621 528 1693 6)?
574 1621 653 1678 De
678 1637 785 1694 quo
836 1621 1003 1679 etiam
1028 1636 1126 1694 per
1171 1637 1234 1679 os
1283 1621 1540 1679 Ezechiel
1583 1623 1794 1680 locutus

156 1727 284 1781 est,
322 1715 519 1773 dicens
563 1734 577 1770 :
620 1714 897 1773 Suscitabo
938 1733 1099 1786 super
1125 1733 1213 1774 eos
1247 1727 1508 1791 pastorem
1532 1733 1715 1783 unum,
1746 1725 1792 1773 et

1904 508 1997 582 4);
2030 525 2126 583 per
2154 527 2315 582 quem
2348 511 2550 567 meruit
2579 511 2778 568 Paulus
2812 513 2995 568 dicere
3020 529 3032 564 :
3060 510 3185 566 Non
3213 513 3266 566 in
3292 528 3509 568 vacuum

1905 603 2135 659 laboraui
2166 602 2345 670 (Phil.~
2369 619 2447 671 tl,
2493 603 2614 673 16);
2644 613 2703 658 ut
2742 602 2871 659 boni
2921 602 3103 673 operis
3150 602 3418 669 fructum,
3451 611 3508 660 et

1907 695 2249 768 Evangelica:
2307 696 2710 768 prtedicationis
2766 696 2994 769 gloriam
3061 698 3174 753 suis
3230 697 3505 753 conferret

1904 788 2157 854 servulis,
2190 804 2287 859 per
2311 804 2474 861 quam
2508 790 2750 845 universi
2770 791 2988 845 sarcina
3024 789 3226 846 laboris
3252 789 3505 846 absolve-

1905 890 2120 938 rentur.

1975 974 2065 1033 14.
2110 974 2204 1030 llis
2244 974 2409 1047 igitur
2447 974 2683 1044 auditis,
2709 976 3010 1033 derelictus
3053 983 3139 1034 est
3176 976 3230 1031 in
3276 970 3504 1032 dimidio

1900 1066 2110 1123 dierum
2141 1083 2364 1125 suorum
2408 1069 2628 1139 perdix,
2659 1070 2750 1140 qui
2779 1068 3030 1124 clamavit
3059 1077 3120 1123 ut
3147 1079 3505 1139 congregaret

1899 1176 2020 1232 qua:
2049 1177 2159 1217 non
2188 1163 2397 1231 peperit
2427 1162 2645 1233 (Jerem.
2695 1179 2830 1231 xvtt,
2860 1164 2974 1232 11),
3008 1170 3066 1217 et
3094 1175 3387 1232 Oppressus
3415 1169 3501 1216 est

1848 1274 1855 1283 -
1900 1267 2031 1310 voce
2064 1253 2279 1310 Domini
2310 1254 2461 1310 Jesu.
2498 1255 2741 1327 Denique
2768 1255 2795 1293 ι»
2827 1254 3059 1310 adornat
3102 1257 3303 1328 fugam.
3330 1253 3495 1322 Vale,

1898 1355 1955 1404 et
1984 1361 2083 1403 nos
2105 1347 2306 1418 dilige;
2336 1349 2459 1419 quia
2488 1365 2590 1404 nos
2614 1358 2666 1404 te
2696 1349 2994 1421 diligimus.

2378 1450 2400 1478 ο
2431 1438 2764 1495 EPISTOLA
2802 1439 3012 1496 XLVII.

1898 1528 2093 1585 SABINO
2121 1547 2217 1585 cur
2255 1529 2440 1585 librum
2470 1532 2699 1601 apertius
2726 1532 3085 1605 perscriptum
3131 1531 3233 1604 ipsi
3276 1532 3490 1600 miserit,

1967 1639 2177 1678 causam
2203 1623 2448 1691 reddens,
2485 1623 2820 1695 quamobrem
2860 1622 3084 1679 scribere
3110 1641 3265 1696 quam
3296 1624 3494 1679 dictare

1967 1716 2132 1783 malit,
2163 1716 2404 1789 explicat.
2438 1714 2574 1770 Hinc
2603 1715 2752 1770 illum
2783 1715 2852 1770 ad
2874 1726 3112 1770 mutuum
3155 1717 3492 1786 epistolarum
3517 1757 3529 1773 .

155 1821 323 1883 reget
353 1827 445 1866 eos
482 1826 657 1866 servus
688 1827 831 1865 meus
864 1808 1056 1879 David,
1086 1819 1132 1866 et
1156 1811 1250 1868 erit
1285 1827 1463 1866 eorum
1493 1821 1675 1884 pastor
1702 1815 1792 1867 δἐι
1824 1818 1868 1881 Β
1966 1826 2115 1863 usum
2160 1808 2373 1875 invitat,
2402 1819 2595 1879 quanta
2635 1806 2756 1863 inde
2805 1810 2980 1865 redeat
3025 1808 3255 1876 utilitas,
3289 1807 3493 1881 patefa-

157 1918 269 1974 σεο
311 1901 584 1957 Dominus
611 1918 699 1958 ero
739 1902 846 1959 illis
882 1903 935 1958 in
972 1901 1176 1969 Deum,
1211 1912 1259 1960 et
1304 1900 1475 1958 David
1523 1904 1578 1959 in
1618 1902 1787 1958 medio

156 2012 368 2051 eorum
401 1994 642 2068 princeps
676 1993 891 2065 (Eucti.
922 2012 1104 2060 sxxrv,
1136 1996 1231 2064 25,
1257 1995 1374 2068 24).
1409 1996 1572 2053 David
1602 1997 1787 2066 utique

156 2104 271 2147 rex
298 2088 419 2160 jam
446 2087 738 2145 defunctus
782 2097 929 2156 erat,
960 2098 1015 2145 et
1061 2087 1181 2147 ideo
1208 2103 1372 2145 verus
1400 2088 1788 2155 David..vet-us

157 2182 437 2251 humilis,
480 2196 642 2239 verus
691 2189 1051 2248 mansuetus,
1079 2196 1245 2239 verus
1293 2197 1458 2239 manu
1500 2180 1656 2237 fortis
1692 2183 1785 2237 Dei

160 2274 358 2330 Filius
384 2315 400 2341 ,
434 2274 539 2331 hoc
582 2275 935 2331 annuntiatur
984 2274 1203 2331 nomine
1233 2292 1246 2330 :
1275 2275 1366 2346 qui
1397 2275 1559 2332 etiam
1593 2276 1646 2332 in
1678 2275 1717 2331 Z
1738 2294 1785 2325 ι-

156 2366 391 2425 cbarize
440 2367 722 2440 prophetae
771 2367 913 2425 libro
957 2367 1335 2438 signiﬁcatur,
1402 2368 1620 2425 dicente
1670 2369 1786 2426 Deo

162 2458 384 2516 Patre:
412 2457 550 2521 Ecce
579 2475 673 2531 ego
704 2458 905 2517 mittam
935 2474 1138 2514 servum
1165 2476 1354 2528 meum,
1387 2458 1569 2515 Oriens
1598 2476 1783 2517 nomen

158 2561 241 2609 est
276 2552 328 2607 ei
361 2550 549 2623 (lactt.
590 2567 669 2618 tu,
721 2549 801 2625 8).
852 2550 1125 2623 Numquid
1172 2556 1295 2625 quia
1338 2552 1573 2609 habebat
1620 2553 1782 2609 vesti.

161 2654 368 2701 tuente
416 2642 680 2711 sordida,
710 2644 834 2702 ideo
886 2642 1151 2720 fulgorem
1199 2645 1497 2703 divinitatis
1540 2662 1651 2703 sua:
1697 2646 1780 2703 sol

155 2736 405 2808 iustitiae
429 2752 537 2794 non
569 2736 840 2797 habebat?

245 2830 341 2888 12.
395 2831 461 2888 Et
500 2832 629 2905 quid
662 2831 850 2902 plura?
881 2832 965 2889 An
999 2833 1267 2893 inﬁrmius
1313 2843 1565 2903 putamus
1609 2834 1781 2890 servi-

161 2921 308 2979 tium
343 2937 467 2980 esse
493 2939 654 2993 quam
687 2931 994 2996 peccatum,
1026 2942 1189 2998 quam
1218 2927 1586 2995 maledictum,
1612 2929 1781 3002 988

162 3030 340 3087 quam
361 3017 919 3091 opprobrium,quam
950 3017 1311 3086 inﬁrmitates,
1340 3037 1476 3094 quas
1501 3037 1599 3094 pro
1622 3023 1778 3079 nobis

157 3108 455 3180 suscepit,
486 3117 545 3166 ιιι
572 3125 600 3164 a
630 3110 787 3167 nobis
831 3113 1244 3169 averterentur?
1288 3112 1485 3171 Factus
1514 3123 1599 3171 est
1627 3115 1774 3172 enim

1961 1903 2119 1958 ciens.

2412 1995 2713 2054 Auenosrus
2741 1997 2960 2053 Sumo.

1962 2088 2013 2143 1.
2053 2088 2356 2144 Transmisi
2403 2091 2628 2160 petitum
2676 2090 2920 2145 codicem
2951 2089 3213 2161 scriptum
3245 2089 3486 2160 apertius

1887 2188 2049 2252 atque
2077 2182 2395 2251 enodatius,
2443 2198 2606 2252 quam
2637 2198 2699 2236 ea
2731 2184 3001 2251 scriptura
3045 2190 3161 2247 est,
3196 2197 3357 2252 quam
3386 2182 3485 2237 du-

1885 2273 2012 2329 dum
2043 2271 2246 2340 direxi;
2277 2280 2335 2328 ut
2378 2272 2590 2345 legendi
2627 2272 2888 2329 facilitate
2922 2271 3131 2327 nullum
3158 2271 3365 2341 judicio
3392 2281 3488 2326 tuo

1884 2365 2140 2423 efforatur
2169 2364 2638 2438 impedimentum.
2675 2366 2806 2422 Nam
2841 2366 3171 2435 exemplaris
3200 2364 3339 2420 libcr
3374 2378 3481 2420 non

1885 2458 1951 2514 ad
2003 2459 2240 2529 speciem
2268 2501 2283 2524 ,
2332 2457 2427 2515 sed
2475 2458 2540 2514 ad
2590 2462 2969 2516 necessitatem
3018 2459 3254 2530 scriptus
3299 2467 3421 2521 est;
3454 2452 3481 2493 (ι
3510 2463 3525 2472 ‘

1882 2568 1987 2607 non
2017 2552 2159 2607 enim
2189 2542 2458 2607 dictamus
2487 2552 2690 2618 omnia,
2716 2562 2770 2606 et
2798 2550 3034 2606 maxime
3059 2548 3333 2616 noetibus,
3358 2548 3482 2619 qui-

1881 2643 1983 2700 bus
2014 2645 2265 2700 nolumus
2307 2645 2430 2700 aliis
2466 2659 2658 2717 graves
2687 2659 2809 2699 esse
2834 2658 2899 2698 ac
2929 2643 3142 2697 molesti
3171 2658 3186 2706 ;
3214 2649 3325 2695 tum
3357 2640 3482 2712 quia

1882 2751 1943 2790 ea
1972 2751 2093 2807 qua:
2121 2734 2415 2804 dictanlur,
2446 2733 2647 2806 impetu
2679 2733 2911 2806 quodam
2943 2742 3234 2806 proruunt,
3265 2742 3319 2788 et
3344 2747 3475 2804 pro-

1880 2827 1989 2884 lluo
2016 2845 2175 2885 cursu
2210 2831 2478 2887 feruntur.

1948 2921 2004 2977 2.
2047 2921 2214 2979 Nobis
2256 2934 2437 2978 autem
2468 2923 2667 2995 quibus
2712 2936 2863 2979 curre
2889 2929 2973 2978 est
3002 2919 3231 2977 senilem
3278 2933 3485 2975 sermo-

1879 3030 2002 3072 netn
2037 3024 2059 3053 °
2092 3015 2342 3071 familiari
2374 3032 2473 3072 usu
2506 3015 2571 3071 ad
2601 3030 2835 3086 unguem
2869 3014 3228 3085 distinguere,
3258 3022 3314 3067 et
3337 3012 3486 3066 lento

1877 3106 2110 3180 quodam
2142 3108 2308 3181 ﬁgere
2335 3109 2505 3181 gradu
2532 3152 2547 3176 ,
2592 3106 2772 3180 aptius
2805 3106 3019 3162 videtur
3062 3107 3335 3178 propriam
3367 3116 3482 3157 ma-

163 3199 294 3257 lum:
338 3203 553 3269 omnia;
603 3212 661 3259 ut
708 3204 958 3261 universa
1008 3214 1284 3262 vacuaret.
1336 3205 1443 3263 Sed
1489 3204 1603 3262 haec
1654 3207 1777 3263 ideo
1803 3206 1850 3273 C
1883 3220 2010 3260 num
2041 3216 2229 3261 uosnro
2255 3204 2476 3278 affigere
2505 3206 2682 3279 stylo;
2716 3210 2774 3260 ut
2802 3219 2906 3258 non
2958 3212 3065 3257 tam
3097 3199 3118 3239 ί
3150 3192 3357 3256 deﬁare
3385 3198 3483 3253 ali-

160 3307 282 3349 non
317 3294 610 3364 recipiunt,
638 3294 783 3366 quod
813 3311 1038 3363 servus,
1064 3297 1442 3371 opprobrium,
1468 3308 1774 3371 peccatum,

160 3386 528 3443 maledictum
578 3386 751 3447 factus
799 3389 1123 3464 sit;nquia
1171 3391 1411 3451 Verbum
1462 3401 1517 3449 et
1555 3409 1775 3452 carnem

161 3483 336 3536 unius
361 3489 615 3538 asserunt
636 3498 759 3541 esse
785 3484 1127 3553 substantias,
1152 3493 1207 3543 et
1233 3485 1418 3543 dicunt
1441 3506 1454 3543 :
1483 3486 1625 3561 Ergo
1651 3489 1775 3560 quia

160 3589 272 3631 nos
315 3572 567 3643 redemit,
599 3591 794 3633 servus
836 3577 1015 3635 dictus
1038 3588 1121 3637 est
1146 3622 1161 3647 ,
1193 3590 1247 3637 et
1277 3563 1552 3651 peccatum
1585 3582 1778 3639 debuit

160 3665 299 3723 dici.
329 3665 439 3723 Nec
460 3666 761 3724 advertunt
784 3670 930 3740 quod
960 3670 1075 3729 haec
1101 3670 1301 3727 Christi
1328 3672 1502 3744 gloria
1535 3673 1629 3739 sit,
1650 3672 1775 3742 quia

158 3758 491 3816 servitutem
542 3762 785 3832 suscepit
832 3762 886 3817 in
931 3777 1163 3835 corpore
1210 3779 1340 3833 suo,
1374 3774 1431 3819 ut
1462 3764 1771 3819 libertatem

158 3849 426 3907 omnilms
449 3848 705 3906 redderet
731 3867 744 3905 :
770 3861 991 3922 peccata
1016 3859 1204 3909 nostra
1231 3854 1490 3923 portavit,
1510 3862 1568 3911 ιιι
1589 3854 1773 3911 mundi

161 3949 454 4012 peccatum
489 3937 726 3995 tolleret.

238 4033 329 4088 15.
372 4029 600 4098 Servus,
632 4039 914 4103 peccatum
937 4074 953 4102 ,
988 4033 1336 4091 maledictum
1370 4033 1546 4091 factus
1575 4045 1681 4105 est,
1714 4046 1773 4093 ut

163 4135 222 4182 tu
254 4122 465 4195 peccati
512 4138 705 4180 servus
749 4139 873 4182 esse
910 4124 1227 4195 desisteres,
1256 4137 1312 4185 et
1343 4140 1394 4187 te
1420 4129 1617 4187 divina:
1645 4146 1773 4188 sen-

164 4215 358 4271 tentia:
406 4212 697 4273 maledicto
740 4214 1075 4275 absolveret.
1124 4218 1218 4276 Ille
1257 4237 1387 4295 ergo
1418 4222 1767 4281 maledictum

160 4307 411 4379 suscepit
451 4317 603 4364 tuum
631 4328 644 4367 :
676 4302 990 4369 Maledicta“
1034 4312 1177 4370 enim
1222 4316 1421 4385 omnis,
1448 4318 1539 4390 qui
1583 4318 1771 4390 pendet

162 4403 218 4458 in
250 4403 392 4478 ligno
441 4398 641 4478 (Colat.
686 4422 767 4474 tu,
822 4404 934 4480 l3).
981 4404 1076 4464 Ilio
1126 4410 1473 4467 maledictum
1504 4413 1557 4468 in
1600 4428 1767 4471 cruce
1806 4472 1813 4479 ,

162 4495 344 4551 factus
372 4505 489 4565 est,
523 4505 579 4553 ut
608 4506 664 4556 tu
695 4495 1016 4557 benedictus
1042 4517 1196 4559 esses
1233 4504 1286 4561 in
1320 4504 1417 4563 Dei
1447 4522 1636 4579 rcgno.
1669 4507 1767 4563 llle

1880 3298 2007 3370 quid
2054 3298 2371 3368 videamur,
2417 3317 2577 3371 quam
2629 3294 3204 3367 abscondet-eumque
3247 3294 3477 3349 alterum

1878 3392 2208 3450 scribentem
2250 3393 2663 3459 erubescamus,
2689 3390 2782 3449 scd
2814 3390 2914 3463 ipsi
2942 3391 3101 3446 nobis
3131 3387 3334 3445 eunscii
3361 3387 3480 3460 sine

1881 3486 1991 3541 ullo
2019 3487 2250 3552 arbitro,
2275 3503 2379 3541 non
2413 3486 2587 3541 solum
2619 3484 2865 3556 auribus,
2895 3484 2991 3538 sed
3018 3483 3181 3537 etiam
3212 3478 3387 3537 oculis
3416 3492 3477 3533 ca

1881 3578 2267 3648 ponderemus,
2300 3594 2421 3646 qua:
2461 3576 2773 3634 scribimus.
2806 3572 3061 3631 Veloeior
3087 3578 3173 3629 est
3196 3573 3339 3628 enim
3374 3572 3477 3624 lin-

1876 3686 1980 3742 qua
2011 3686 2169 3743 quam
2200 3666 2368 3744 989
2393 3685 2609 3735 manus,
2643 3664 2860 3724 dicente
2888 3666 3164 3735 Scriptura
3210 3684 3223 3718 :
3268 3665 3479 3734 Lingua

1876 3779 1987 3816 mea
2008 3764 2239 3817 calamus
2268 3763 2452 3817 scriba:
2476 3763 2715 3816 uelociter
2740 3760 3011 3816 scribentis
3037 3756 3157 3832 (Ps.
3188 3773 3333 3822 xuv,
3353 3744 3436 3826 ἲ).

1866 3862 1871 3867 ’
1944 3857 2000 3911 5.
2043 3853 2149 3911 Sed
2189 3853 2334 3910 forte
2367 3856 2546 3919 dicas,
2580 3856 2705 3924 quia
2757 3853 3104 3908 velocitatem
3137 3850 3202 3905 ad
3233 3846 3478 3904 scriben-

1876 3957 1982 4004 tem
2026 3948 2229 4003 retulit.
2265 3948 2384 4004 Non
2415 3957 2467 4005 te
2499 3948 2637 4003 fallit
2671 3960 2850 4002 tamen
2885 3944 2934 3999 id
2967 3943 3297 4018 signiﬁcari,
3328 3943 3472 4015 quod

1872 4039 2069 4098 scribas
2098 4028 2358 4096 velociter
2385 4038 2673 4095 scribentis
2703 4038 2956 4093 celeritas
2997 4036 3112 4093 sola
3154 4037 3325 4110 possit
3364 4026 3469 4092 litt-

1870 4150 1991 4207 gute
2023 4130 2352 4207 prottbeticte
2380 4133 2632 4204 excipere
2670 4146 2971 4188 sermones.
3006 4130 3301 4202 Apo~tnlus
3334 4146 3468 4202 quo-

1870 4243 1976 4300 que
2005 4226 2204 4281 Paulus
2232 4242 2326 4281 sua
2356 4223 2629 4282 scribebat
2658 4240 2818 4279 manu
2838 4266 2851 4290 ,
2886 4224 3025 4279 sicut
3058 4224 3174 4295 ipse
3200 4218 3278 4277 ait
3310 4241 3321 4275 :
3350 4220 3471 4276 Mea

1869 4337 2028 4375 manu
2052 4320 2236 4395 scripsi
2261 4319 2402 4375 vobis
2427 4317 2626 4394 (Galat.
2662 4335 2737 4385 v1,
2773 4310 2894 4387 li);
2925 4317 3019 4374 ille
3048 4327 3270 4392 prepter
3296 4316 3470 4372 bono-

1870 4415 2214 4483 riﬁcentiam,
2243 4430 2342 4471 nos
2371 4424 2594 4488 prOpter
2622 4413 3026 4469 verecundiam.

1938 4508 1995 4565 4.
2036 4508 2238 4565 Tamen
2283 4507 2410 4565 dttnt
2438 4505 2618 4563 adhuc
2648 4506 2817 4564 habes
2860 4504 2930 4563 de
2973 4504 3125 4563 libris
3168 4505 3465 4579 judicium,

162 4585 556 4647 dehonestatus
602 4600 659 4651 et
708 4590 1043 4665 deprctiatus
1073 4606 1186 4669 est,
1222 4613 1323 4656 nec
1365 4600 1566 4674 aliquid
1614 4603 1764 4658 testi-
1786 4595 1843 4659 D
1867 4603 2265 4663 intcrludatuus
2310 4602 2560 4674 epistolis
2586 4643 2601 4671 ,
2634 4617 2864 4673 quarum
2893 4600 3160 4675 ejusmodi
3190 4615 3324 4656 usus
3349 4607 3468 4666 est,

235 4756 263 4829 ξ
301 4746 594 4829 Befc_l|i_t_ur
635 4750 759 4829 .hic_
789 4767 948 4829 ιιι-[οι-
1001 4753 1425 4829 ιιιιψΑιιιιιιιιιείο
1478 4759 1641 4829 epist.
1689 4759 1758 4816 ad

165 4817 464 4900 _Epic_t.,_ab
490 4816 797 4900 Epiphanio
827 4816 1034 4900 litorea.
1067 4820 1157 4900 7:7.
1180 4820 1248 4883 ab
1281 4826 1401 4900 ipso
1431 4816 1598 4886 etiam
1629 4832 1758 4886 Am-

165 4839 367 4902 nptc_t.,
394 4839 464 4875 an
490 4839 797 4949 nptpuamo
827 4839 1034 4882 meres.
1067 4839 1157 4891 Π.
1180 4839 1248 4883 ab
1281 4839 1401 4900 ipso
1431 4839 1598 4886 etiam
1629 4839 1755 4886 Am-

161 4888 347 4973 brosio
380 4892 472 4946 lib.
503 4895 572 4973 de
618 4909 807 4973 ucstra:
844 4895 1059 4952 Domin.
1091 4898 1246 4973 Stier.
1269 4914 1405 4973 Acap.
1425 4900 1492 4973 A6.
1522 4916 1621 4955 nec
1649 4918 1755 4957 non

161 4959 231 5044 ab
251 4961 396 5044 aliis,
422 4972 654 5044 quorum
686 4958 912 5044 ibidem,
942 4974 1105 5041 atque
1129 4969 1181 5023 itt
1199 4958 1490 5044 Admonit.
1512 4972 1580 5029 ad
1605 4990 1760 5029 eum-

160 5030 283 5086 dem
317 5030 510 5088 librutn
542 5036 759 5092 abunde
782 5030 1395 5094 fecimus'mentionem.

182 5167 195 5184 ο
229 5100 259 5140 δ
300 5102 453 5184 Hunc
496 5106 815 5184 bmreticum
854 5121 1139 5184 postquam
1184 5111 1489 5184 Mediolano
1529 5111 1759 5177 Placen-

161 5174 285 5229 tiam
314 5174 570 5251 venisset,
595 5193 624 5231 a
654 5174 869 5251 Sabino
889 5174 1172 5250 cujusdam
1205 5181 1385 5251 ipsum
1416 5174 1759 5247 consulentis

161 5256 348 5328 rogatu
393 5247 734 5328 confutatum
769 5247 971 5328 fuisse,
1005 5262 1168 5328 atque
1194 5247 1315 5311 eam
1350 5269 1466 5310 rem
1496 5255 1573 5328 ad
1619 5260 1751 5310 Am-

161 5314 399 5392 brosium
421 5318 491 5392 ab
515 5317 711 5392 eodem
735 5314 993 5392 episcopo
1016 5314 1251 5392 delatam
1280 5331 1470 5380 censet
1493 5324 1757 5392 ilerman.

161 5386 493 5463 nus.__‘Atqui
543 5390 716 5463 series
760 5382 1005 5460 epistola.-
1042 5382 1284 5453 indicare
1329 5394 1509 5463 potius
1540 5382 1756 5463 videtur

159 5456 600 5534 Apollinei-istam
649 5456 926 5518 Placentia
978 5463 1194 5534 venisse
1245 5456 1649 5534 Mediolanum;
1698 5456 1755 5531 ei

161 5529 502 5611 Ambrosium
549 5542 741 5611 eorum
771 5548 897 5611 qua;
938 5533 1452 5611 istbi_c_ev‘enerant,
1481 5556 1514 5611 ρ
1540 5529 1753 5603 Sabino

158 5598 351 5656 litteris
369 5598 991 5679 pramoni_turn,'eidcm
1020 5603 1301 5675 vicissim,
1331 5598 1451 5679 quia
1477 5609 1530 5665 iu
1559 5598 1749 5679 eadem

160 5684 317 5754 causa
366 5669 655 5754 Mediolani
704 5670 843 5754 facta
887 5676 1139 5754 inerant.
1169 5669 1546 5754 rescripsisse.
1576 5669 1750 5754 Quam

160 5692 317 5756 causa
366 5692 655 5754 uenturam
704 5692 843 5733 tacta
887 5692 1139 5804 merant.
1169 5694 1546 5751 rescripsisse.
1576 5692 1750 5754 uuam

417 5755 731 5814 ονιιιιοηοω
774 5744 892 5811 haec
936 5763 971 5809 tt
995 5755 1128 5817 ιιιιιιι
1169 5750 1335 5820 verba
1366 5752 1523 5831 plane
1550 5756 1756 5819 eonﬁr.

1936 4772 1958 4843 f
2002 4759 2214 4843 Scripta
2246 4760 2390 4843 circa
2419 4760 2709 4843 ann._39l).

1931 4829 1959 4870 δ
2002 4826 2142 4886 Ηειιιέ
2168 4826 2302 4886 satis
2332 4831 2668 4887 conveniunt
2695 4846 2816 4885 cum
2856 4828 2962 4885 illis
2994 4826 3201 4883 Paulini
3234 4829 3414 4883 verbis
3447 4844 3460 4881 :

1862 4902 1976 4959 Nec
2002 4920 2212 4971 cperam
2258 4902 2548 4957 declinabat
2572 4898 2827 4959 scribendi
2849 4902 3062 4974 propria
3092 4900 3244 4974 manu
3272 4899 3459 4967 libros,

1861 4975 1960 5030 nisi
1997 4970 2109 5031 cum
2140 4975 2315 5044 aliqua
2352 4975 2654 5043 infirmitate
2677 4970 3046 5044 attenu'aretur.
3090 4970 3244 5040 Quod
3278 4980 3459 5044 autem

1862 5055 2061 5116 praeter
2082 5042 2571 5116 curamexcoleudi
2592 5042 2750 5116 styli,
2779 5043 2940 5098 aliam
2971 5057 3190 5116 causam
3218 5058 3317 5116 cur
3346 5043 3462 5116 ipse
3491 5076 3500 5086 -

1860 5112 2149 5183 scriberet,
2198 5115 2501 5186 subjuugit,
2550 5112 2815 5186 nimirum
2842 5124 2898 5168 ut
2935 5112 3461 5186 aliena-latigationi

1861 5197 2138 5257 parceret;
2170 5188 2221 5242 id
2252 5182 2470 5257 quidem
2502 5185 2755 5242 eximiam
2797 5182 2906 5239 Viri
2948 5184 3117 5238 sancti
3147 5182 3457 5237 humanita-

1860 5268 1967 5313 tem
2013 5257 2239 5329 pulchre
2280 5258 2543 5314 declarat.
2577 5257 2942 5328 Hieronymus
2980 5264 3158 5329 autem
3206 5266 3367 5329 nn_c_tu
3398 5271 3459 5311 se

1857 5323 2063 5385 dictare
2112 5328 2334 5383 solitum
2389 5346 2493 5384 non
2547 5346 2655 5383 uno
2702 5323 2823 5382 loco
2874 5325 3218 5381 testiIICatur.
3271 5323 3459 5397 Neque

1858 5400 2040 5472 ignota
2070 5415 2158 5454 res
2186 5410 2264 5472 est
2285 5441 2298 5465 ,
2332 5399 2578 5456 dictante
2605 5399 2877 5472 Origene,
2910 5397 3285 5472 plures__sitnt_tl
3316 5398 3454 5472 auti-

1856 5466 2099 5541 q'uarios,
2128 5470 2323 5542 quibus
2352 5484 2628 5538 sumptum
2655 5466 3033 5541 suppeditabat
3062 5466 3199 5522 alius
3222 5468 3456 5523 Ambto-

1855 5544 1992 5609 sius,
2023 5542 2275 5611 excipere
2304 5544 2681 5598 consuevisse.

1931 5624 1953 5651 θ
1980 5606 2160 5738 ’Βθιῐῖνᾞ
2181 5611 2376 5681 codex,
2410 5614 2724 5686 familiarius
2753 5610 2821 5666 ad
2848 5627 3101 5684 unguem,
3133 5620 3237 5667 etc.
3272 5606 3453 5666 Minus

1931 5701 2066 5738 mmo
2108 5700 2158 5738 e.

1854 5698 2158 5741 commune.
3018 5739 3022 5745 ,

1935 5754 2235 5830 poenae,
2270 5757 2376 5817 hoc
2419 5756 2542 5815 loco
2587 5756 2731 5830 idem
2778 5762 2990 5830 esthoc
3020 5746 3202 5814 subito
3253 5753 3455 5828 impetu

1855 5824 2117 5909 quidquid
2140 5828 2193 5886 in
2220 5828 2448 5900 buccam
2470 5826 2710 5907 venerit,
2738 5824 3038 5913 eti‘undere.
