4040 6166
575 335 710 391 ilbi

1971 330 2223 391 SANCTI
2260 331 2586 390 AMBROSII

3753 335 3902 391 1182

571 461 632 508 ut
655 451 912 523 disjnncti
933 451 1176 507 locorum
1198 449 1523 517 intervallis,
1547 449 1741 517 affectu
1765 449 2164 508 adhaereamus:
2194 456 2248 516 Α
2273 460 2476 518 movet,
2495 452 2808 524 priusquam
2837 452 2986 508 foras
3013 452 3264 524 prodeat,
3289 452 3562 525 undejam
3587 456 3903 511 revocandi

573 549 626 605 in
653 547 849 619 quibus
873 547 1018 604 inter
1037 547 1291 604 absentes
1314 546 1494 618 imago
1514 545 1750 618 refulget
1775 546 2100 615 przesentire,
2117 555 2172 604 et

573 641 868 700 collocutio
891 641 1096 712 scripta
1117 647 1396 712 separatos
1422 639 1644 716 copulat
1671 658 1684 694 :
1709 639 1762 695 in
1789 640 1986 712 quibus
2007 641 2171 698 etiam

2278 545 2424 600 nulla
2465 544 2691 602 facultas
2721 545 2825 612 sit;
2866 561 3028 618 quam
3059 545 3268 602 laudari
3297 563 3330 602 a
3359 554 3449 616 te,
3477 547 3630 619 quod
3661 547 3737 603 ab
3769 549 3902 605 aliis

2275 639 2730 709 reprehendatur.
2748 639 2936 712 Itaque
2957 641 3220 696 arbitrum
3250 650 3302 696 te
3325 655 3515 697 eorum
3545 657 3674 713 qua:
3699 654 3904 714 postu-

571 749 694 791 cum
722 733 898 790 amico
918 733 1209 790 miscemus
1231 733 1496 801 animum,
1515 741 1571 789 et
1598 742 1835 790 mentem
1854 734 1904 790 ei
1932 741 2173 790 nostram
2275 731 2356 788 las
2386 731 2606 804 rogavi;
2641 747 2819 804 neque
2849 733 2996 789 enim
3027 733 3132 805 legi
3158 749 3187 788 a
3219 741 3272 789 te
3293 748 3438 800 mea,
3461 749 3585 806 quae
3617 750 3910 792 nonnum-

574 827 933 886 Infundimus.

2277 842 2438 898 quam
2471 827 2651 883 tribuo
2684 829 2736 883 in
2765 829 2989 900 vulgus,
3019 828 3116 885 sed
3166 829 3219 884 in
3259 839 3366 884 tua:
3394 830 3665 886 calculum
3701 833 3912 888 venire

645 924 700 980 5.
742 922 860 980 Jam
890 923 958 990 si,
1007 931 1066 980 ut
1113 922 1388 990 hortaris,
1421 923 1630 995 aliquid
1679 931 1734 980 et
1777 922 1845 980 de
1897 924 2176 980 veteribus
2278 920 2564 976 sententiae
2593 921 2924 977 desideravi.
2958 931 2980 960 ε
3012 920 3129 976 Νοη
3169 921 3273 977 erit
3315 921 3459 992 longi
3491 921 3748 978 subsellii
3798 925 3910 980 ista

573 1021 858 1093 scripturis
907 1021 1149 1078 redoleat
1195 1021 1248 1076 in
1295 1022 1577 1092 epistolis,
1622 1035 1730 1076 non
1779 1021 1957 1077 solum
2009 1022 2177 1078 animi
2274 1011 2538 1084 judicatio
2579 1024 2633 1069 et
2671 1029 2846 1079 mora,
2895 1023 2954 1070 ut
2981 1015 3187 1070 dictum
3219 1022 3304 1072 est
3342 1015 3663 1087 antiquitus.
3708 1015 3913 1074 Facile

574 1116 943 1188 conglutinari
974 1117 1227 1174 videntur
1254 1131 1352 1186 per
1377 1130 1520 1172 vera:
1545 1115 1811 1172 doctrina:
1842 1114 2174 1186 profestum,

578 1211 676 1268 sed
721 1211 886 1267 etiam
932 1210 1188 1281 plenioris
1231 1209 1487 1276 colloquii
1531 1209 1747 1280 species
1775 1217 1830 1264 et
1874 1207 2054 1264 forma
2085 1223 2180 1264 ex-

577 1305 779 1379 primi,
826 1313 885 1360 ut
931 1305 1072 1360 inter
1123 1305 1407 1376 qna-rendi
1454 1314 1509 1359 et
1551 1302 1922 1374 reSpondendi
1967 1313 2182 1360 mutuas

577 1402 726 1455 vices
773 1405 1055 1468 assumpta
1102 1397 1438 1453 concertatio
1477 1397 1530 1452 in
1564 1412 1730 1452 unum
1766 1396 2097 1464 conducere,
2127 1407 2183 1454 et

577 1508 764 1552 coram
812 1491 1062 1548 videatur
1091 1493 1298 1548 amicos
1328 1491 1544 1560 locare,
1573 1491 1664 1564 qui
1693 1490 1788 1547 tali
1817 1507 1876 1548 se
1908 1491 2183 1548 lacessunt

578 1597 632 1643 et
659 1585 1096 1659 complectuntur
1127 1601 1373 1642 munere.

653 1682 707 1736 6.
749 1680 886 1750 Quid
915 1688 1097 1735 autem
1141 1680 1407 1748 majorum
1437 1679 1748 1735 noetrorum
1780 1682 2030 1752 exempla
2059 1697 2186 1751 pro-

579 1775 774 1839 feram,
797 1774 889 1844 qui
917 1772 1165 1844 epistolis
1195 1774 1311 1828 suis
1335 1772 1496 1829 fidem
1520 1772 1834 1830 infuderunt
1863 1775 2180 1845 populorum

2281 1113 2367 1160 est
2397 1105 2490 1159 tibi
2523 1104 2591 1161 de
2615 1107 2815 1162 nostris
2834 1106 3107 1177 judicare.

2351 1199 2408 1253 2.
2453 1199 2564 1269 Ego
2607 1209 2755 1256 certe
2801 1201 2905 1256 huc
2950 1201 3178 1256 invitatu
3229 1209 3322 1257 tuo
3369 1201 3752 1272 prodeundum
3798 1218 3912 1275 pu-

2283 1296 2388 1350 tavi
2416 1313 2428 1348 :
2453 1306 2602 1350 tuum
2634 1305 2715 1350 est
2747 1295 2953 1366 liquido
2979 1297 3279 1352 decernere
3303 1339 3319 1364 ,
3351 1306 3406 1352 et
3431 1307 3752 1354 scrutanter
3781 1299 3906 1356 dis-

2281 1399 2490 1457 cutere,
2523 1407 2643 1462 qua:
2687 1391 2959 1461 corrigas;
2991 1405 3059 1446 ne
3092 1391 3188 1445 tibi
3219 1391 3350 1446 vitio
3395 1401 3612 1448 vertant
3640 1408 3740 1461 ea,
3773 1408 3906 1464 quae

2283 1485 2442 1541 nobis
2486 1492 2780 1556 potuerunt
2825 1483 3114 1553 obrepere.
3161 1483 3360 1540 Nescio
3389 1500 3497 1554 quo
3523 1485 3671 1540 enim
3725 1484 3904 1542 modo

2286 1587 2484 1651 praeter
2513 1577 2892 1649 imprudentia:
2921 1577 3204 1649 caliginem
3232 1621 3246 1645 ,
3272 1593 3394 1650 quae
3427 1594 3516 1634 me
3554 1578 3906 1634 circumfun-

2283 1673 2385 1739 dit,
2417 1671 2443 1709 ἀ
2477 1687 2920 1744 unumquemque
2969 1671 3164 1726 fallunt
3206 1685 3302 1727 sua
3333 1672 3533 1743 scripta
3555 1714 3570 1738 ,
3603 1681 3660 1730 et
3701 1687 3904 1729 aurem

2289 1776 2651 1838 praatereunt;
2686 1775 2850 1837 atque
2881 1775 2939 1821 ut
2970 1765 3065 1820 filii
3093 1765 3256 1821 etiam
3286 1765 3564 1822 deformes
3591 1765 3902 1834 delectant,

581 1869 880 1937 mentibus,
901 1879 1065 1938 atque
1093 1867 1159 1922 ad
1189 1867 1432 1939 integros
1455 1877 1513 1925 et
1537 1868 1817 1926 confertos
1843 1872 2186 1941 scripseram
2214 1856 2262 1917 B
2287 1861 2366 1916 sie
2386 1861 2550 1916 etiam
2573 1859 2894 1930 scriptorem
2922 1858 3208 1914 indecores
3229 1871 3512 1914 sermones
3534 1857 3616 1912 sui
3644 1857 3898 1928 palpant.

580 1965 916 2037 populos:et
945 1976 1247 2038 praesentes
1277 1981 1336 2022 se
1367 1981 1510 2035 esse,
1540 1982 1664 2023 cum
1692 1967 1953 2024 absentes
1983 1970 2189 2025 scribe-

583 2067 735 2127 rent,
767 2059 1182 2131 signiflcarunt,
1211 2059 1429 2117 dicente
1471 2069 1661 2117 sancto
1691 2060 1958 2131 Apostolo
1989 2061 2034 2134 (ι
2063 2061 2184 2118 Cor.

582 2165 637 2217 v,
673 2149 750 2222 5),
783 2151 912 2220 quia
945 2151 1146 2207 absens
1177 2161 1300 2207 erat
1345 2167 1576 2223 corpore
1600 2195 1616 2219 ,
1648 2151 1744 2208 sed
1791 2167 2038 2222 praesens
2080 2155 2191 2225 spi-

581 2242 719 2309 ritu;
751 2257 860 2299 non
890 2243 1065 2300 solum
1096 2259 1220 2300 cum
1249 2245 1554 2310 scriberet,
1584 2243 1680 2301 sed
1709 2246 1874 2301 etiam
1899 2261 2021 2300 cum
2043 2246 2192 2317 judi-

581 2337 770 2392 caret?
804 2337 1044 2408 Denique
1085 2337 1284 2394 absens
1314 2353 1410 2409 per
1439 2335 1728 2409 epistolam
1759 2336 2186 2404 condemnabat,

581 2439 638 2486 et
687 2428 829 2486 idem
885 2429 1207 2486 absolvebat
1248 2445 1345 2502 per
1391 2429 1712 2501 epistolam;
1761 2429 1992 2500 epistola
2039 2429 2187 2486 enim

584 2523 736 2579 Pauli
762 2523 1012 2596 quaedam
1036 2523 1243 2596 effigies
1264 2532 1386 2580 erat
1417 2524 1535 2596 ejus
1560 2523 1890 2596 praesentiae,
1922 2533 1977 2579 et
2015 2523 2188 2580 forma

587 2617 791 2688 operis.
1723 2623 1728 2629 ’

655 2712 709 2766 7.
749 2710 866 2766 Νοη
895 2714 1044 2768 enim
1071 2721 1128 2768 ut
1152 2713 1388 2768 aliorum
1421 2714 1704 2784 epistolae,
1734 2730 1947 2787 graves,
1978 2713 2187 2783 inquit,

580 2812 632 2858 et
658 2806 842 2875 fortes,
872 2809 1147 2875 prementia
1177 2815 1352 2860 autem
1395 2807 1627 2878 corporis
1668 2807 1896 2876 infirma,
1933 2816 1981 2860 et
2021 2823 2188 2862 sermo

580 2897 981 2969 contemptibilis
1023 2896 1088 2968 (ll
1115 2895 1237 2952 Cor.
1273 2915 1336 2963 ι,
1373 2899 1498 2969 IO);
1530 2899 1652 2954 talis
1681 2909 1733 2955 et
1759 2897 2008 2971 Apostoli
2045 2921 2059 2957 :
2092 2899 2187 2956 sed

581 2988 704 3043 talis
752 2988 915 3059 hujus
962 2990 1216 3060 epistola,
1250 3003 1306 3044 ut
1339 2993 1463 3048 talis
1493 3003 1638 3049 esset
1683 2993 1855 3048 forma
1903 2995 2184 3066 praecepti,

576 3080 756 3150 qualis
823 3091 973 3137 esset
1034 3083 1370 3153 operationis
1423 3084 1726 3142 substantia
1773 3103 1785 3138 :
1833 3086 1955 3154 quia
2007 3087 2188 3156 quales

576 3187 776 3239 sumus,
811 3173 1008 3244 inquit,
1035 3175 1186 3229 verbo
1231 3191 1322 3244 per
1349 3177 1624 3242 epistolam
1673 3179 1906 3231 absentes
1926 3218 1942 3244 ,
1970 3178 2100 3233 tales
2143 3190 2188 3234 et

2291 1954 2564 2012 lncautius
2595 1955 2918 2026 plerumque
2959 1952 3163 2021 aliquid
3194 1953 3479 2023 promitur,
3513 1951 3714 2022 aliquid
3742 1952 3902 2007 acci-

2292 2048 2438 2119 pitur
2481 2048 2896 2104 malevolentius
2927 2089 2941 2112 ,
2980 2046 3185 2118 aliquid
3230 2047 3343 2102 exit
3381 2046 3730 2117 ambiguum:
3775 2057 3899 2102 tum

2289 2141 2414 2212 quia
2444 2140 2624 2195 alieno
2651 2139 3011 2196 examinanda
3035 2138 3266 2211 judicio,
3295 2154 3403 2194 non
3445 2154 3538 2210 pro
3573 2149 3764 2194 nosua
3795 2138 3905 2195 de—

2291 2233 2483 2289 bemus
2515 2232 2706 2304 magis,
2729 2248 2888 2304 quam
2912 2247 3011 2303 pro
3033 2233 3208 2288 aliena
3238 2232 3498 2302 opinione
3525 2232 3814 2300 trutinare,
3841 2240 3903 2286 et

2291 2327 2564 2384 discutere
2593 2342 2785 2382 omnes
2812 2326 3098 2397 scrupulos
3128 2325 3550 2381 malevolentiae.

2361 2423 2416 2478 5.
2460 2420 2692 2477 Assume
2723 2419 2886 2491 igitur
2914 2417 3263 2474 benevolenti
3307 2417 3492 2472 animo
3530 2432 3720 2473 aurem
3768 2431 3900 2473 ver-

2289 2515 2466 2583 sutiaa,
2497 2521 2554 2570 et
2592 2520 2864 2584 pertracto
2892 2513 3096 2579 omnia,
3133 2521 3155 2548 θ
3189 2525 3472 2567 sermones
3499 2511 3726 2576 vellica;
3757 2511 3806 2566 si
3836 2511 3892 2566 in

2291 2610 2357 2666 iis
2406 2625 2516 2665 non
2566 2607 2808 2664 forenses
2840 2607 3114 2662 blanditia:
3137 2647 3154 2672 ,
3185 2613 3240 2662 et
3279 2604 3527 2660 suasoria
3557 2604 3749 2670 verba,
3794 2604 3894 2660 sed

2293 2701 2418 2758 fidei
2460 2700 2744 2758 sinceritas
2774 2710 2888 2765 est,
2923 2708 2979 2755 et
3005 2697 3367 2754 confessionis
3392 2696 3686 2752 sobrietas.
3726 2697 3743 2734 τ
3778 2695 3894 2752 No-

2293 2804 2400 2850 tam
2442 2808 2659 2865 appone
2701 2792 2767 2847 ad
2812 2793 3034 2849 verbum
3081 2791 3232 2847 dubii
3280 2790 3562 2862 ponderis,
3597 2798 3655 2846 et
3685 2789 3897 2846 fallacis

2291 2899 2540 2957 stateraa;
2575 2906 2643 2946 ne
2671 2889 2799 2960 quid
2830 2904 2928 2958 pro
2951 2905 3009 2945 se
3037 2903 3158 2944 esse
3183 2887 3535 2944 adversarius
3566 2889 3890 2959 interprete-

2291 2995 2394 3038 tur.
2429 2984 2558 3039 Esto
2587 2992 2646 3038 ut
2676 2983 2987 3039 revin’catur
3009 3025 3024 3050 ,
3054 2982 3101 3037 si
3127 2982 3386 3049 congredi
3417 2981 3649 3051 cmperit
3691 2999 3706 3036 :
3750 2981 3894 3036 male

2289 3092 2349 3133 se
2382 3078 2545 3133 habet
2573 3078 2708 3134 liber
2731 3118 2748 3144 ,
2783 3087 2808 3125 ε
2836 3078 2925 3146 qui
2957 3077 3075 3132 sine
3120 3085 3392 3132 assertore
3420 3091 3527 3130 non
3555 3074 3888 3131 defenditur.

2294 3171 2417 3242 Ipse
2463 3171 2627 3242 igitur
2671 3185 2768 3240 pro
2794 3185 2854 3226 se
2889 3169 3174 3240 loquntur,
3209 3168 3298 3239 qui
3332 3166 3578 3239 procedit
3608 3167 3635 3203 ιι
3665 3165 3782 3222 sine
3813 3167 3893 3222 in-

578 3273 855 3334 prresentes
884 3281 1061 3320 sumus
1086 3266 1139 3320 in
1166 3282 1317 3338 apere
1344 3265 1508 3334 (lbid.
1532 3311 1545 3334 ,
1580 3267 1690 3338 ll).
1723 3267 2015 3339 Imaginem
2042 3286 2186 3342 prae-
2213 3252 2260 3314 (ἶ
2293 3274 2534 3334 terprele
2560 3281 2573 3318 :
2599 3274 2785 3320 noster
2813 3262 2901 3319 hic
2933 3274 3116 3319 tamen
3149 3276 3257 3318 non
3300 3260 3614 3334 egredietur
3638 3275 3666 3312 a
3697 3259 3888 3326 nobis,

581 3353 774 3411 senti:e
805 3369 917 3411 sua:
944 3357 996 3412 in
1027 3355 1277 3427 epistolis
1305 3358 1600 3425 expressit,
1628 3369 1653 3394 ιι
1682 3357 1917 3414 fructum
1947 3368 2003 3416 et
2032 3363 2185 3418 testi-

577 3446 819 3503 monium
851 3449 904 3504 in
928 3464 1094 3520 opere
1120 3449 1466 3521 significavit.
1499 3449 1648 3518 Vale,
1685 3458 1741 3506 et
1766 3466 1865 3508 nos
1905 3453 2092 3524 dilige,
2129 3463 2187 3510 ut

574 3537 744 3606 facis;
772 3539 900 3612 quia
929 3556 1030 3596 nos
1053 3550 1109 3598 et
1137 3551 1190 3597 te
1217 3540 1515 3612 diligimus.

583 3623 592 3630 ’
953 3633 1121 3706 990
1146 3632 1174 3673 ιι
1202 3633 1539 3690 EPISTOLA
1579 3634 1816 3691 XLVIII.

573 3725 838 3794 Summ,
869 3736 925 3781 ut
953 3726 1112 3782 libros
1130 3743 1252 3782 suos
1278 3743 1452 3782 severo
1479 3727 1738 3798 expendat
1758 3729 2016 3795 examine,
2040 3729 2179 3784 obse-

647 3829 780 3888 crat,
813 3831 862 3876 et
887 3837 1002 3892 qua:
1028 3822 1298 3877 commoda
1337 3820 1459 3876 hinc
1504 3824 1759 3890 oriantur,
1787 3825 2032 3892 exponit;
2063 3825 2183 3878 sub-

638 3917 864 3988 fungens
890 3925 1064 3971 tamen
1102 3917 1348 3971 duritiem
1386 3916 1657 3971 verborum
1698 3917 2024 3972 tolerandam
2049 3934 2180 3984 esse,

647 4009 775 4063 dum
797 4009 921 4078 fidei
947 4010 1203 4081 professio
1229 4011 1430 4082 integra
1457 4011 1546 4076 sit,
1569 4027 1692 4066 suas
1715 4011 1876 4066 variis
1904 4011 2184 4066 haeresibus

645 4100 770 4170 ﬁdei
794 4102 1141 4176 professiones
1167 4105 1384 4175 apponit
1407 4121 1426 4160 :
1448 4121 1509 4158 ac
1537 4106 1746 4160 demum
1766 4120 1820 4158 se
1845 4105 1898 4158 in
1921 4115 2182 4174 posterum

641 4195 925 4253 scribendis
945 4197 1178 4268 epistolis
1196 4199 1420 4253 maxime
1446 4214 1655 4268 cperam
1667 4197 1914 4252 daturum
1936 4197 2176 4268 spondet.

1103 4289 1404 4344 Alanosws
1434 4287 1651 4344 SABINO.

648 4380 702 4435 I.
744 4377 1027 4435 Remisisti
1080 4381 1210 4434 mihi
1257 4380 1506 4445 libellos,
1534 4395 1674 4452 quos
1705 4382 2024 4446 tuojudicio
2052 4397 2179 4454 pro-

570 4471 816 4528 batiores
846 4471 1080 4526 habebo.
1130 4469 1259 4527 Ideo
1299 4473 1420 4528 misi
1451 4472 1590 4526 alios
1621 4486 1729 4527 non
1754 4472 1946 4542 jndicii
1992 4473 2178 4531 favore

568 4565 894 4631 delectatus,
919 4565 1013 4621 sed
1044 4564 1313 4636 promissa
1342 4580 1372 4620 a
1397 4575 1469 4632 te,
1501 4573 1556 4621 et
1583 4565 1752 4637 petita
1778 4581 1810 4622 a
1837 4582 1926 4622 me
1948 4567 2177 4624 veritate

2291 3359 2395 3413 nisi
2419 3367 2520 3414 ate
2540 3357 2815 3427 acceperit
2835 3357 3240 3438 auctoritatem.
3270 3354 3461 3425 Itaque
3485 3368 3608 3409 cum
3635 3368 3759 3408 eum
3784 3351 3890 3409 fide

2293 3460 2379 3506 tua
2411 3449 2630 3521 prodire
2652 3450 2905 3520 jusseris,
2938 3449 3313 3504 committetur
3341 3447 3467 3502 sibi.

2358 3545 2412 3600 4.
2457 3543 2658 3598 Tamen
2691 3543 2948 3614 quoniam
2978 3559 3081 3597 non
3107 3543 3162 3596 in
3184 3556 3416 3597 sermone
3451 3550 3524 3596 est
3551 3557 3765 3614 regnum
3800 3539 3890 3595 Dei

2288 3635 2334 3708 (I
2361 3637 2484 3692 Cor.
2517 3652 2591 3702 Iv,
2623 3633 2743 3706 20),
2773 3635 2868 3690 sed
2895 3636 2947 3690 iu
2979 3636 3216 3701 virtute;
3248 3634 3473 3690 verbum
3497 3633 3548 3689 si
3578 3633 3888 3702 offenderit,

2289 3731 2549 3786 virtutem
2584 3728 2944 3800 professionis
2989 3730 3344 3800 interrogato.
3381 3727 3665 3785 Professio
3709 3738 3886 3784 autem

2288 3822 2411 3879 fidei
2459 3823 2734 3878 sententia
2787 3831 2912 3887 est,
2938 3837 3101 3894 quam
3133 3822 3421 3878 adversum
3466 3820 3810 3878 Sabellianos
3836 3830 3890 3878 et

2287 3916 2521 3971 Arianos
2563 3916 2634 3969 ita
2673 3912 2686 3951 ί
2720 3930 2750 3968 a
2784 3913 3083 3985 majoribus
3129 3914 3379 3969 traditam
3430 3924 3702 3981 tenemus,
3725 3915 3885 3990 991

2286 4017 2344 4062 ut
2385 4007 2602 4064 Patrem
2645 4008 2851 4073 Deum,
2898 4019 2952 4063 et
3001 4007 3195 4063 Filium
3249 4008 3367 4080 ejus
3418 4009 3782 4079 unigenitum,
3833 4023 3888 4066 et

2284 4102 2542 4174 Spiritum
2563 4114 2807 4161 sanctum
2831 4091 3157 4161 veneremur
3181 4123 3193 4158 :
3221 4105 3360 4160 hanc
3381 4105 3700 4160 Trinitatem
3727 4107 3887 4161 unius

2284 4211 2406 4253 esse
2451 4197 2789 4263 substantia),
2821 4198 3155 4269 majestatis,
3185 4197 3490 4253 divinitatis
3519 4214 3532 4250 :
3563 4198 3617 4251 in
3659 4197 3766 4253 hoc
3791 4213 3888 4254 no-

2284 4291 2431 4347 mine
2459 4292 2634 4348 Patris
2657 4301 2711 4348 et
2736 4291 2858 4347 Filii
2883 4301 2937 4346 et
2974 4292 3209 4361 Spiritus
3238 4291 3414 4347 sancti
3454 4291 3732 4362 baptizare
3761 4306 3882 4359 nos,
3913 4274 3926 4287 ’

2283 4383 2736 4452 quemadmodum
2781 4383 3045 4454 scriptum
3088 4393 3174 4439 est
3223 4382 3452 4453 (Matth.
3499 4398 3667 4438 xvaII
3693 4425 3708 4446 ,
3740 4381 3882 4454 i9):

2282 4475 2480 4531 Filium
2513 4478 2692 4546 itaque
2723 4484 3052 4532 coaeternum
3093 4474 3240 4530 Patri
3285 4476 3598 4545 suscepisse
3627 4491 3879 4544 carnem,

2283 4577 2466 4624 natum
2495 4569 2564 4624 de
2593 4568 2798 4639 Spiritu
2845 4578 3037 4625 sancto
3064 4577 3119 4624 et
3149 4567 3370 4638 Virgine
3395 4567 3587 4634 Maria,
3615 4567 3877 4639 mqualem

563 4657 786 4716 illectus
827 4675 843 4716 :
888 4658 1032 4716 malo
1078 4657 1225 4715 enim
1258 4667 1351 4714 tuo
1379 4659 1688 4730 corrigatur
1712 4658 1945 4731 judicio,
1972 4660 2016 4716 si
2044 4661 2172 4734 quid
2202 4649 2256 4711 D
2281 4660 2427 4718 Patri
2452 4661 2750 4718 secundum
2793 4661 3135 4718 divinitatem
3167 4661 3222 4716 in
3253 4659 3346 4716 Dei
3377 4658 3575 4726 forma,
3605 4659 3659 4715 id
3693 4669 3797 4727 est,
3826 4661 3878 4716 in

635 4807 661 4870 ξι
701 4797 777 4854 Ita
827 4797 1077 4870 plerique
1108 4813 1274 4863 mss.;
1307 4797 1551 4854 nonnulli
1597 4805 1810 4866 tamen,
1861 4805 1920 4854 et
1967 4813 2162 4856 omnes

559 4869 718 4934 edit.,
753 4870 979 4938 fructum
1006 4870 1304 4936 testimonii,
1335 4880 1444 4926 etc.

634 4941 660 4980 δ
701 4940 913 4998 Scripta
945 4941 1091 4998 circa
1117 4957 1316 4996 annum
1344 4942 1452 4998 590

745 4955 913 4998 CI'lDla
945 4955 1091 4998 (311⁸02
1117 4957 1316 4996 annum
1344 4955 1470 4998 590.

634 4955 660 4980 ο
701 4955 913 5011 scripta
945 4955 1091 4998 cIrca
1117 4957 1316 4996 annum
1344 4955 1470 4998 ann.

634 5025 655 5050 ο
700 5012 826 5069 Η.ρο
869 5013 1035 5083 verba
1083 5012 1190 5068 huc
1242 5014 1498 5068 translata
1529 5021 1658 5070 sunt
1711 5028 1776 5069 ex
1805 5013 1968 5083 epist.
1995 5014 2030 5070 9
2061 5014 2156 5070 lib.

555 5100 636 5150 III,
668 5084 842 5158 Epist.
871 5082 1074 5148 Cicer.,
1105 5084 1192 5140 ubi
1223 5085 1302 5158 sic
1325 5085 1559 5158 habetur
1585 5104 1599 5141 :
1630 5083 1796 5158 Longi
1824 5082 2076 5153 subsellii,
2103 5097 2161 5141 ut

553 5167 736 5229 noster
761 5154 1041 5229 Pompeius
1079 5157 1306 5229 appellat
1326 5157 1625 5229 ,_judicatio
1655 5166 1701 5211 et
1735 5154 1899 5211 mora.

625 5225 652 5265 δ
694 5227 810 5283 NOII
841 5231 960 5282 sine
986 5226 1145 5282 laude
1165 5242 1196 5298 a
1224 5225 1499 5298 plerisque
1525 5239 1819 5282 memorata
1847 5237 1972 5282 sunt
1997 5228 2161 5283 verba

553 5298 671 5355 hate
692 5297 1078 5359 Ambrosiana,
1104 5297 1198 5353 sed
1231 5297 1282 5351 iu
1318 5299 1504 5365 primis
1533 5314 1560 5351 a
1589 5299 1825 5354 Baronio
1851 5299 1903 5353 in
1933 5299 2155 5364 Martvr.

553 5369 737 5434 Rom.,
771 5369 862 5424 ubi
893 5370 960 5424 de
989 5378 1182 5424 sancto
1212 5369 1416 5424 Sabino
1444 5372 1643 5426 agitur.

624 5452 648 5480 ο
689 5441 818 5509 Vet._
843 5440 1004 5507 edit.,
1028 5457 1288 5495 sermones
1325 5439 1555 5506 ventilo;
1581 5440 1740 5494 Rom.
1776 5455 1896 5496 cum
1935 5441 2160 5510 scriptis

544 5515 698 5580 cod.,
725 5528 984 5569 sermones
1011 5513 1212 5568 oetlica.
1249 5511 1342 5565 Est
1362 5520 1542 5565 autem
1564 5511 1824 5568 vellicare
1857 5529 2014 5567 manu
2042 5523 2161 5568 teu-

545 5594 666 5642 tarc
701 5594 880 5640 utrum
911 5583 1117 5650 aliquid
1148 5582 1308 5637 alicui
1338 5581 1516 5637 valide
1541 5582 1844 5646 cohaereat,
1874 5591 1968 5636 aut
1997 5581 2158 5639 facile

545 5654 930 5740 ροεεδξιοεηγιειιίἔ
978 5653 1130 5711 Unde
1169 5651 1350 5709 clarus
1380 5651 1437 5707 fit
1477 5652 1884 5725 metaphoricus
1926 5668 2154 5721 sensus,

544 5742 656 5833 qn?
683 5727 778 5848 {alio
800 5727 1045 5809 ponitur.
1769 5796 1782 5809 ο
1837 5798 1848 5810 0
2069 5797 2080 5809 ⁸

592 5862 598 5870 ,
729 5805 809 5849 uit
835 5805 1075 5874 antiquis
1099 5810 1167 5872 ea
1191 5796 1574 5874 consuetudo,
1593 5805 1667 5874 Διιι
1684 5811 1784 5874 ειμι
1814 5797 1983 5874 libros
2009 5797 2151 5852 alio-

538 5862 660 5920 t'tim
687 5859 1082 5918 exaniinau'dns
1113 5861 1450 5935 acciperent,
1479 5866 1604 5940 quid
1641 5859 1776 5934 tdl'li,
1808 5868 2003 5938 quidve
2033 5884 2151 5924 mue

2269 4799 2369 4873 tari
2398 4809 2697 4873 oporteret,
2721 4801 2986 4871 appositis
3010 4800 3334 4873 quibusdam
3367 4800 3513 4858 n0Iis
3545 4800 3873 4860 indicarent.

2268 4871 2525 4928 Horatius
2571 4872 2641 4927 de
2683 4874 2816 4929 Arte
2859 4871 3039 4944 poet.i

2427 5003 2437 5013 .
2481 5002 2493 5014 .
2528 4999 2541 5014 .
2581 4999 2594 5013 .
2633 5001 2645 5014 .
2686 5001 2698 5014 .
2742 5003 2755 5014 .
2794 5003 2806 5015 .
2848 5003 2858 5014 .
2893 4964 3174 5028 Imcomptis
3205 4964 3381 5016 allinet
3402 4972 3564 5016 atrum

2422 5044 2724 5098 Transverso
2746 5046 2932 5099 calamo
2964 5050 3176 5111 signum.
3214 5084 3226 5098 .
3269 5087 3279 5097 .
3319 5084 3332 5097 .
3374 5085 3385 5098 .
3421 5088 3439 5111 μ.
3483 5089 3495 5099 .
3529 5086 3545 5099 .

2327 5150 2616 5278 :dTbuan.
2643 5151 2843 5219 codex,
2871 5154 2959 5222 qui
2983 5169 3078 5208 suo
3107 5163 3390 5220 assertore;
3416 5153 3537 5212 Non
3566 5157 3708 5214 satis
3731 5173 3868 5215 com-

2403 5239 2456 5278 e.

2269 5239 2456 5279 mone.

2340 5291 2366 5331 ιι
2405 5295 2683 5368 Interpres
2710 5296 2797 5352 hic
2823 5306 2928 5360 est,
2957 5312 3117 5364 quem
3144 5297 3306 5368 vulgo
3345 5297 3711 5355 mediatorem
3741 5300 3868 5356 dici-

2265 5381 2409 5432 mus,
2445 5367 2548 5422 hoc
2577 5376 2683 5434 est,
2711 5369 3141 5424 conciliatorem.
3171 5367 3362 5424 Cicero
3390 5370 3442 5422 in
3474 5369 3708 5426 Verrem
3733 5388 3747 5425 :
3773 5374 3868 5425 Aut

2263 5437 2354 5512 qui
2382 5449 2688 5512 sequestres,
2709 5447 2796 5493 aut
2811 5440 3126 5512 interpretes
3157 5439 3526 5511 corrumpendi
3547 5443 3746 5512 judicii
3765 5459 3866 5497 esse

2264 5509 2449 5582 solent.
2481 5508 2624 5582 Idem
2657 5511 2708 5563 in
2738 5510 2983 5582 epistolis
3013 5511 3163 5578 τρηο
3178 5528 3272 5580 ego
3290 5508 3570 5581 interprete
3595 5515 3864 5568 novissime

2267 5577 2350 5656 ad.
2368 5576 2621 5656 Lepidum
2642 5576 2788 5656 usus
2807 5597 2942 5656 sum.
2971 5582 3054 5656 Ita
3071 5576 3342 5656 Nannius.

2339 5649 2351 5686 ί
2398 5649 2593 5717 Quanti
2637 5652 2837 5708 faceret
2864 5652 3182 5708 Ambrosius
3217 5662 3433 5708 veteres
3466 5652 3732 5709 Ecclesia:
3759 5663 3859 5709 tra-

2259 5719 2556 5794 ditionesa
2586 5723 2742 5778 nobis
2781 5725 2894 5794 jam
2938 5725 3230 5794 aliquoties
3257 5724 3608 5780 observatum
3639 5737 3747 5788 est,
3769 5726 3856 5781 sed

2259 5790 2406 5848 hunc
2443 5793 2606 5849 etiam
2654 5790 2828 5865 locum
2883 5790 3128 5851 indicare
3159 5803 3265 5850 uno
3293 5795 3667 5865 gravabimur.
3709 5795 3854 5862 Quod

2257 5875 2437 5920 autem
2466 5875 2675 5935 Spectat
2707 5866 2770 5919 ad
2803 5864 3163 5934 Sabelliunos,
3195 5864 3449 5936 Arianos,
3479 5879 3543 5923 ac
3576 5866 3851 5924 Photit‘tia‘é
