4040 6166
156 219 313 276 1155

1377 217 1867 278 EPISTOLARUM
1907 217 2187 277 CLASSIS
2228 218 2268 274 Ι.

3332 221 3472 280 1154

155 334 313 413 omni
363 333 703 404 plenitudine
745 333 1062 403 divinitatis,
1097 349 1218 408 quae
1249 337 1302 393 in
1330 338 1424 395 illo
1455 340 1683 403 habitat,
1715 347 1774 394 ut
1799 341 1853 402 Α
1878 335 2039 393 Certe
2069 351 2170 408 pro
2197 335 2428 392 arbitrio
2453 342 2680 396 accerso
2701 377 2716 405 ,
2742 350 2880 408 quos
2908 337 3057 406 volo,
3091 345 3254 408 atque
3282 341 3477 412 adjun-

157 428 302 484 dixit
346 429 645 500 Apostolus
671 469 685 495 ,
720 430 1078 500 corporaliter
1123 427 1347 503 (Coloss.
1377 447 1436 499 ιι,
1470 432 1560 507 9);
1593 433 1684 504 qui
1714 434 1767 488 in

157 535 404 592 perSona
436 521 674 576 hominis
699 519 930 577 formam
975 523 1120 578 servi
1150 524 1387 596 accepit,
1415 535 1470 582 et
1496 541 1556 583 se
1587 525 1768 582 humi-

156 617 318 673 liavit
348 631 522 688 usque
549 616 618 672 ad
647 627 878 673 mortem
911 617 1171 691 (Philipp.
1203 635 1263 687 ιι,
1300 620 1378 691 8).

233 709 291 766 5.
321 709 465 780 Ergo
487 716 544 766 et
569 708 830 766 adversus
854 709 1144 767 Pbotiuum
1175 711 1294 768 lucc
1314 713 1472 769 nobis
1498 715 1770 771 sententia

157 812 283 858 est:
318 801 581 859 adversus
608 803 984 874 Apollinarem
1024 814 1204 862 autem
1244 807 1483 878 legitima
1525 807 1767 865 circum-

159 895 406 967 spectio;
446 903 506 952 ut
533 898 892 953 confiteantur
917 900 1058 955 sicut
1085 901 1138 955 in
1188 900 1280 956 Dei
1329 899 1502 956 forma
1535 901 1672 958 nihil
1717 902 1767 958 ei

160 989 341 1046 defuit
387 988 588 1046 divinae
639 1000 846 1046 natura:
875 1002 929 1048 et
957 993 1354 1063 plenitudinis,
1398 1004 1424 1032 δ
1452 995 1530 1051 sic
1573 997 1628 1050 in
1676 995 1766 1050 illa

161 1080 344 1137 forma
376 1083 616 1139 hominis
658 1083 797 1139 nihil
842 1086 890 1140 ei
938 1084 1218 1154 defuisse,
1261 1101 1368 1157 quo
1417 1087 1768 1159 imperfectus

163 1174 334 1230 homo
373 1175 750 1246 judicaretur:
784 1177 873 1248 qui
907 1177 1028 1233 ideo
1056 1179 1239 1244 venit,
1272 1188 1332 1233 ut
1361 1187 1531 1235 totum
1587 1181 1766 1236 homi-

161 1286 290 1328 nem
330 1269 541 1325 salvum
587 1269 810 1327 faceret.
859 1270 1045 1343 Neque
1073 1271 1221 1327 enim
1267 1272 1529 1340 decebat,
1572 1283 1630 1329 ut
1677 1273 1768 1344 qui

161 1361 468 1434 perfectum
514 1376 652 1432 opus
682 1361 735 1416 in
783 1362 904 1418 aliis
951 1374 1474 1430 comsummaverat,
1526 1365 1632 1420 hoc
1662 1365 1767 1420 im~

164 1456 468 1528 perfectum
498 1455 552 1510 in
583 1471 642 1510 se
690 1471 812 1512 esse
841 1465 1151 1527 pateretur;
1185 1455 1232 1510 si
1279 1457 1425 1512 enim
1466 1456 1669 1529 aliquid
1717 1457 1767 1512 ei

165 1549 378 1616 defuit,
409 1563 517 1603 non
547 1557 718 1603 totum
750 1549 980 1605 redemit
1007 1567 1019 1602 :
1077 1550 1120 1604 si
1153 1565 1260 1605 non
1313 1558 1484 1604 totum
1514 1550 1762 1617 redemit,

163 1642 364 1698 fefellit
391 1643 588 1713 igitur,
629 1643 720 1711 qui
743 1641 881 1697 dixit
932 1642 1054 1698 ideo
1096 1659 1156 1698 se
1201 1643 1451 1707 venisse,
1501 1650 1562 1698 ut
1592 1652 1765 1699 totum

1872 446 1943 500 go
1973 431 2101 486 mihi
2121 473 2134 496 ,
2168 447 2304 501 quas
2335 434 2505 504 magis
2543 435 2710 506 diligo
2730 475 2744 500 ,
2769 443 2862 499 aut
2889 447 3026 504 quos
3053 433 3296 503 aptiores
3326 437 3472 492 arbi-

1875 534 2024 580 tror:
2058 541 2217 581 nemo
2245 527 2588 599 interpellat,
2619 543 2781 585 nemo
2813 529 3125 601 interpolat.
3159 529 3310 585 Tunc
3339 545 3473 601 ergo

1873 625 1926 672 te
1956 618 2127 688 magis
2156 629 2345 685 teneo,
2377 630 2432 676 et
2460 621 2530 678 de
2560 622 2858 693 Scripturis
2885 622 3110 680 confero
3133 664 3147 687 .
3202 631 3258 679 et
3305 623 3474 694 proli-

1873 708 2079 764 xiorem
2117 711 2280 766 simul
2308 725 2615 768 sermonem
2639 713 2920 770 cmdimus.

1944 801 1997 855 2.
2039 802 2166 858 Sola
2197 815 2315 859 erat
2368 805 2568 872 Maria,
2623 813 2679 862 et
2717 806 3042 878 loquebatur
3082 823 3207 863 cum
3280 808 3475 880 angelo

1873 892 2038 964 (Luc.
2074 910 2124 963 ι,
2153 894 2278 967 28).
2311 896 2439 952 Sola
2468 908 2587 954 erat
2628 899 2847 971 quando
2894 901 3211 971 supervenit
3265 899 3320 956 in
3352 917 3473 958 eam

1871 989 2110 1060 Spiritus
2156 999 2409 1060 sanctus,
2459 1001 2515 1050 et
2561 993 2736 1049 virtus
2798 993 3064 1049 Altissimi
3128 993 3476 1050 obumbravit

1871 1099 2016 1141 eam.
2051 1085 2178 1142 Sola
2205 1097 2361 1154 erat,
2383 1095 2441 1144 et
2473 1096 2698 1159 operata
2728 1097 2816 1145 est
2841 1087 3030 1144 mundi
3060 1088 3290 1145 salutem
3311 1129 3329 1157 ,
3368 1085 3387 1126 ί
3417 1096 3476 1145 et

1871 1180 2124 1250 concepit
2148 1181 2582 1252 redemptionem
2610 1182 3014 1238 universorum.
3043 1181 3206 1240 Solus
3229 1191 3348 1239 erat
3372 1180 3476 1239 Pe-

1870 1281 2019 1346 trus,
2050 1283 2105 1329 et
2135 1283 2305 1330 totum
2347 1291 2444 1346 per
2470 1276 2658 1340 orbem
2688 1275 3192 1332 consecrandarum
3219 1276 3470 1348 gentium

1869 1369 2125 1440 cognovit
2171 1371 2434 1442 mysteria
2465 1369 2616 1442 (Act.
2645 1387 2680 1426 ιι
2700 1412 2714 1434 ,
2749 1370 2818 1426 10
2865 1380 2913 1425 et
2943 1387 3050 1442 seq.
3075 1369 3117 1442 ).
3168 1369 3330 1427 Solus
3356 1376 3476 1426 erat

1870 1461 2043 1516 Adam
2073 1461 2237 1535 (Gen.
2272 1478 2341 1530 ιι,
2367 1462 2467 1534 9),
2510 1473 2564 1519 et
2610 1478 2717 1518 non
2749 1473 2834 1519 est
2865 1463 3298 1532 praevaricatus;
3347 1461 3474 1533 quia

1870 1545 2026 1610 mens
2046 1554 2165 1624 ejus
2185 1554 2499 1610 adhaerebat
2524 1556 2658 1612 Deo.
2703 1555 3000 1626 Postquam
3041 1570 3174 1612 vero
3199 1555 3248 1611 ei
3277 1554 3476 1612 mulier

1868 1646 2123 1714 adjuncta
2153 1655 2265 1713 est,
2294 1661 2401 1701 non
2426 1647 2606 1718 potuit
2634 1647 2906 1703 inluerere
2932 1646 3203 1703 mandatis
3229 1647 3474 1704 coelesti-

166 1736 446 1792 hominem
489 1734 700 1790 salvum
737 1736 964 1791 faceret.
994 1735 1102 1793 Sed
1135 1736 1259 1806 quia
1291 1735 1610 1807 impossibile
1635 1746 1709 1820 est
1733 1735 1763 1776 ι)
1792 1739 1842 1800 Β
1870 1734 2005 1803 bus;
2035 1745 2091 1792 et
2117 1736 2239 1792 ideo
2261 1753 2321 1793 se
2349 1738 2750 1804 abscondebat,
2794 1739 3018 1809 quando
3047 1739 3192 1795 Deus
3213 1739 3476 1795 deambu-

167 1830 377 1885 mentiri
407 1828 517 1884 Deo
545 1827 564 1902 (
583 1828 742 1883 Hebr.
775 1845 854 1896 vt,
892 1828 1028 1902 18),
1062 1846 1169 1885 non
1202 1828 1434 1886 fefellit:
1468 1847 1599 1903 ergo
1639 1832 1766 1903 quia

167 1923 245 1979 ita
278 1923 465 1989 venit,
495 1933 554 1978 ut
593 1931 766 1978 totum
808 1921 1133 1990 redimeret,
1185 1933 1238 1979 et
1280 1924 1765 1998 salvum_faceret,

167 2026 344 2072 totum
393 2016 581 2088 utique
610 2016 880 2089 suscepit,
916 2015 1062 2088 quod
1112 2026 1226 2073 erat
1271 2016 1522 2074 humana:
1554 2017 1770 2090 perfec-

166 2111 353 2168 tionis.

240 2207 296 2261 6.
337 2203 534 2262 N05tra
578 2205 849 2262 sententia
879 2203 1321 2276 hujusmodicst,
1357 2212 1416 2260 ut
1445 2205 1763 2260 meministi.

164 2297 222 2354 Si
276 2298 446 2353 verba
501 2297 698 2354 alicubi
749 2307 1003 2364 movent,
1055 2311 1162 2352 non
1196 2296 1553 2368 prtejudicant
1609 2297 1764 2361 fidei;

161 2393 366 2451 etenim
394 2408 702 2452 sermonem
759 2393 981 2449 dubium
1014 2407 1170 2448 mens
1217 2407 1325 2447 non
1357 2391 1520 2446 dubia
1574 2391 1767 2446 obum-

163 2489 291 2544 brat
311 2531 324 2554 ,
353 2495 410 2543 et
439 2485 682 2542 defendit
709 2501 739 2540 a
769 2485 945 2557 lapsu.

237 2584 292 2637 7.
334 2581 464 2637 Haec
491 2589 670 2636 tecum
711 2579 1078 2651 prolusimus,
1108 2594 1228 2650 qum
1258 2578 1311 2634 in
1340 2578 1510 2634 libros
1557 2584 1768 2632 nostra-

159 2691 284 2734 rum
336 2674 690 2747 epistolarum
722 2671 994 2738 referam,
1038 2672 1084 2727 si
1117 2672 1324 2742 placet,
1356 2681 1522 2743 atque
1567 2671 1620 2725 in
1667 2685 1770 2725 nu-

162 2785 378 2828 merum
408 2783 699 2839 reponam;
735 2777 795 2822 ut
827 2776 918 2822 tuo
947 2765 1403 2821 commendentur
1431 2762 1683 2832 nomine,
1714 2771 1770 2818 et

161 2865 272 2921 tuis
295 2863 363 2920 ad
392 2878 524 2930 nos,
552 2871 608 2919 et
639 2859 844 2917 nostris
872 2863 939 2915 ad
969 2873 1068 2916 vos
1120 2859 1320 2915 litteris
1347 2866 1610 2928 augeatur
1649 2872 1770 2912 mtt-

164 2970 292 3015 tuus
312 2973 468 3013 amur
491 2971 589 3028 per
611 2955 900 3012 Dominum
925 2972 939 3009 :
969 2962 1030 3010 ut
1053 2954 1126 3008 ita
1158 2953 1333 3024 legas,
1358 2950 1501 3022 quod
1519 2950 1764 3021 judices;

163 3063 225 3111 et
252 3053 398 3126 quod
431 3051 696 3118 moverit,
730 3051 942 3106 scribas
968 3049 1034 3104 ad
1065 3065 1185 3105 me:
1233 3062 1387 3103 amor
1415 3047 1560 3101 enim
1605 3059 1767 3101 verus

1871 1829 2018 1884 labat
2047 1830 2098 1885 in
2130 1829 2386 1900 paradiso
2431 1828 2546 1903 (De
2583 1829 2774 1886 Posuit.
2796 1872 2810 1896 ,
2843 1831 2966 1886 dist.
3010 1830 3076 1900 ἓ,
3103 1848 3220 1904 cap.
3254 1831 3477 1900 Quando

1870 1922 2037 1976 Adam
2054 1929 2094 1994 ).

1942 2017 1998 2072 5.
2040 2017 2106 2072 Et
2133 2033 2276 2074 nunc
2305 2018 2624 2075 deambulat
2652 2020 2705 2075 in
2737 2021 2991 2091 paradiso
3021 2021 3168 2079 Deus
3190 2020 3355 2094 (Gen.
3388 2039 3471 2092 ιιι,

1871 2109 1973 2180 8),
2024 2111 2242 2181 quando
2281 2111 2494 2168 divinas
2539 2112 3022 2184 Scriptttraslego.
3069 2116 3365 2174 Paradisus
3391 2130 3478 2176 est

1871 2201 2099 2258 Genesis
2124 2203 2296 2269 liber,
2331 2204 2381 2258 in
2409 2218 2518 2274 quo
2546 2204 2779 2260 virtutes
2829 2205 3096 2274 pullulant
3141 2209 3478 2277 patriarcha-

1870 2311 1985 2351 rum
2018 2313 2030 2349 :
2060 2295 2349 2366 paradisus
2382 2296 2869 2352 Deuteronomium
2893 2339 2907 2362 ,
2946 2298 3000 2352 in
3027 2313 3136 2369 quo
3165 2301 3478 2370 germinant

1871 2388 2033 2461 Legis
2061 2398 2370 2460 pra-cepta;
2403 2389 2688 2460 paradisus
2728 2390 3111 2462 Evangelium,
3143 2392 3196 2446 in
3228 2407 3338 2464 quo
3379 2409 3473 2451 ar-

1870 2482 1971 2539 bor
1995 2482 2120 2537 vitm
2146 2483 2318 2538 bonos
2341 2482 2550 2538 fructus
2577 2482 2732 2549 facit;
2763 2493 2820 2539 et
2848 2490 3070 2539 aeterna:
3098 2484 3214 2555 spei
3251 2485 3476 2543 manda-

1867 2585 1921 2632 ta
1946 2575 2201 2633 diffundit
2230 2591 2328 2647 per
2355 2575 2644 2632 universos
2672 2577 2923 2647 populos.

1942 2671 1995 2726 4.
2039 2669 2286 2726 Audiens
2333 2670 2558 2739 itaque:
2592 2669 2810 2744 Diligite
2852 2671 3089 2726 inimicos
3143 2671 3370 2745 (Matth.
3399 2689 3472 2741 v,

1871 2760 2005 2833 44);
2060 2760 2326 2818 audiens:
2375 2759 2593 2816 Dimitte
2641 2763 2814 2817 omnia
2871 2772 2988 2830 tua,
3041 2774 3088 2818 et
3144 2781 3351 2836 sequere
3395 2781 3478 2821 me

1871 2852 2098 2926 (Matth.
2122 2870 2214 2909 χιιι
2237 2895 2250 2920 ,
2278 2855 2342 2910 21
2365 2853 2417 2926 );
2445 2854 2702 2912 audiens:
2727 2855 2829 2924 Qui
2849 2867 2896 2912 te
2913 2859 3134 2928 percutit
3159 2859 3213 2913 in
3232 2859 3471 2929 maxilla,

1872 2949 2041 3018 prtrbe
2085 2949 2198 3003 eiet
2239 2949 2454 3005 alteram
2482 2947 2647 3022 (Luc.
2683 2966 2771 3017 γι,
2811 2950 2954 3022 29);
2988 2961 3044 3007 et
3074 2953 3192 3009 haec
3242 2968 3349 3010 non
3395 2953 3475 3011 fa—

1872 3041 2055 3106 ciens,
2087 3050 2142 3096 et
2165 3041 2250 3096 vix
2279 3041 2512 3114 diligens
2540 3058 2699 3108 eum,
2730 3042 2821 3113 qui
2853 3059 2941 3099 me
2962 3043 3191 3116 diligat,
3226 3042 3344 3102 ‘non
3390 3047 3474 3103 di-

163 3147 476 3203 constantia
529 3144 810 3216 probatur.
864 3143 1053 3198 Placet
1085 3143 1196 3212 jam
1225 3140 1368 3212 quod
1403 3139 1626 3196 senibus
1665 3155 1765 3195 usu
1793 3133 1838 3198 C
1872 3135 2094 3189 mittens
2114 3150 2235 3206 qua:
2266 3135 2473 3202 habeo,
2503 3135 2760 3206 injuriam
2801 3149 3082 3209 acceptam
3139 3139 3331 3197 ulcisci
3377 3156 3478 3198 vo-

163 3239 384 3296 farilius
409 3246 493 3293 est
511 3278 526 3304 ,
556 3236 880 3308 quotidiano
906 3244 961 3290 et
988 3233 1244 3288 familiari
1273 3247 1532 3288 sermone
1559 3232 1764 3301 cpisto-

163 3332 249 3388 las
275 3345 498 3397 texere;
542 3331 666 3386 etsi
694 3328 824 3401 quid
869 3327 939 3383 de
967 3325 1268 3394 Scripturis
1308 3324 1507 3379 divinis
1546 3324 1763 3378 obvium

163 3427 459 3493 inciderit,
502 3435 766 3482 attexere.
800 3423 965 3489 Vale,
997 3422 1192 3487 frater,
1223 3429 1278 3474 et
1299 3419 1464 3491 dilige
1490 3427 1762 3476 amantem

164 3521 278 3588 tui;
309 3519 432 3592 quia
476 3519 772 3590 plurimum
807 3525 860 3573 te
882 3515 1072 3588 diligo.

653 3623 674 3649 ε
718 3608 1054 3666 EPISTOLA
1094 3606 1259 3663 XLIX
1274 3649 1286 3662 .

165 3705 474 3776 Numquam
513 3705 682 3760 minus
720 3720 775 3758 se
813 3703 980 3757 solum
1010 3718 1153 3768 esse,
1181 3716 1337 3770 quam
1365 3716 1479 3754 cum
1520 3701 1662 3755 solus
1699 3702 1764 3753 sit

236 3801 406 3856 amico
459 3799 718 3861 scribens;
762 3795 1058 3850 solitudinis
1114 3794 1247 3847 bona
1301 3792 1546 3861 exemplis
1577 3792 1767 3854 docet;

235 3895 464 3949 maxime
500 3891 638 3961 quod
677 3899 797 3942 tunc
838 3888 989 3942 liceat
1026 3895 1330 3959 prmentem
1369 3885 1637 3955 scripturis
1675 3882 1770 3935 ha-

239 3987 358 4042 bere
387 3981 554 4036 Deum
573 4021 588 4047 ,
623 3989 668 4035 et
697 3981 744 4034 ei
773 3989 992 4035 mentem
1021 3990 1250 4034 nostram
1280 3976 1586 4046 patefacere.

693 4074 998 4131 Ausaosws
1036 4074 1255 4129 SABINO.

241 4174 294 4230 1.
339 4171 606 4242 Quoniam
653 4168 752 4224 tibi
811 4182 1026 4240 quoque
1080 4165 1408 4236 complacuit
1462 4172 1806 4220 nostrarum-

161 4284 303 4327 usus
330 4267 684 4338 epistolarum
705 4307 720 4333 ,
751 4260 778 4301 ἀ
803 4262 858 4318 in
886 4261 1088 4335 quibus
1135 4259 1357 4331 quidam
1407 4259 1548 4315 inter
1575 4257 1772 4314 absen-

165 4376 254 4422 tes
287 4363 638 4433 prazsentium
670 4374 855 4416 sermo
893 4364 1014 4426 est,
1060 4370 1282 4428 pergam
1327 4352 1688 4426 frequentius
1717 4361 1772 4409 te

167 4457 226 4514 in
257 4456 396 4512 meis
421 4454 648 4526 scriptis
673 4461 730 4509 et
773 4467 897 4509 cum
926 4451 1095 4524 992
1139 4449 1290 4506 solus
1329 4465 1447 4506 sum
1470 4490 1487 4518 ,
1542 4447 1766 4519 alloqui.

1871 3225 2025 3293 lens,
2069 3235 2125 3283 et
2168 3228 2438 3284 sublatum
2486 3230 2617 3285 mihi
2646 3239 3008 3304 extorquere;
3035 3245 3157 3288 cum
3189 3233 3474 3306 Scriptura

1873 3320 2018 3376 dicat
2063 3323 2226 3378 etiam
2259 3324 2430 3391 aliud,
2481 3324 2533 3380 id
2563 3337 2679 3394 est,
2725 3327 2846 3397 plus
2887 3342 3051 3399 quam
3105 3332 3334 3401 petitum
3384 3340 3481 3389 aut

1872 3423 2118 3484 ereptum
2149 3424 2269 3484 est,
2301 3417 2748 3486 concedendum,
2777 3419 2938 3476 video
2968 3435 3059 3477 me
3084 3431 3274 3479 contra
3317 3437 3477 3480 man-

1873 3504 1996 3560 data
2026 3507 2122 3563 Dei
2166 3509 2365 3567 facere.
2421 3510 2490 3574 Et
2541 3512 2794 3583 aperiens
2845 3513 3034 3569 oculos
3085 3518 3475 3588 conscientiae,

1873 3601 2225 3658 deambulare
2249 3603 2383 3659 mihi
2412 3605 2584 3660 Deum
2620 3617 2946 3676 prasentem
2972 3621 3305 3678 recognosco
3332 3627 3347 3664 :
3379 3626 3478 3667 cu-

1875 3698 1966 3766 pio
1995 3712 2083 3752 me
2107 3697 2340 3764 abdere,
2382 3700 2544 3769 cupio
2573 3700 2799 3767 velare;
2827 3701 2922 3756 sed
2952 3701 3128 3758 nudus
3169 3719 3288 3760 sum
3318 3705 3434 3763 Deo
3455 3749 3472 3776 ,

1875 3789 2015 3860 apud
2047 3805 2207 3858 quem
2238 3790 2381 3845 nuda
2425 3800 2480 3845 et
2528 3792 2729 3848 intecta
2758 3801 2888 3848 sunt
2911 3793 3092 3849 omnia
3141 3795 3340 3868 (Hebr.
3393 3813 3471 3868 tv,

1875 3881 1996 3952 15).
2032 3881 2372 3936 Erubescens
2418 3882 2600 3953 itaque
2633 3893 2817 3955 tegere
2868 3884 3117 3955 pudenda
3168 3887 3472 3946 facinorum

1872 3973 2158 4038 desidero,
2211 3974 2364 4044 quasi
2410 3975 2655 4032 membra
2705 3978 2813 4034 mei
2867 3979 3158 4048 corporis:
3201 3981 3299 4040 sed
3346 3984 3473 4056 quia

1874 4066 2018 4123 Deus
2045 4066 2226 4121 omnia
2254 4065 2432 4134 videt,
2463 4067 2591 4138 quia
2637 4068 2782 4124 loliis
2821 4069 3204 4144 obumbratus,
3251 4076 3476 4138 latebris

1875 4169 2052 4217 tectus
2101 4174 2373 4232 appareo,
2421 4168 2554 4231 puto
2605 4176 2694 4217 me
2733 4161 3024 4230 abscondi;
3068 4167 3194 4236 quia
3246 4183 3475 4242 corpore

1874 4255 2106 4311 amictus
2127 4270 2268 4310 sum.
2298 4253 2418 4325 lpsa
2440 4265 2524 4311 est
2549 4256 2731 4311 tunica
2751 4254 2975 4328 pellicea
2994 4299 3010 4326 ,
3037 4271 3160 4314 cum
3181 4275 3283 4331 qua
3301 4262 3472 4320 Adam

1875 4349 1943 4406 de
1968 4347 2221 4420 paradiso
2243 4347 2452 4418 eiectus
2479 4356 2562 4406 est
2589 4348 2753 4423 (Gen.
2784 4365 2875 4416 ιιι,
2901 4349 3009 4423 25)
3029 4392 3044 4418 ,
3079 4367 3180 4410 nec
3206 4368 3237 4409 a
3273 4353 3477 4428 frigore

1877 4451 2062 4511 tutus,
2093 4458 2194 4498 nec
2235 4450 2410 4499 tectus
2439 4441 2510 4499 ab
2552 4443 2882 4515 opprobrio,
2927 4444 3026 4502 sed
3068 4454 3124 4503 et
3166 4447 3378 4520 injuriae
3422 4456 3480 4507 et

171 4561 195 4589 ε
218 4549 526 4620 Numquam
551 4548 696 4604 enim
726 4548 906 4603 minus
935 4545 1089 4602 solus
1112 4559 1254 4612 sum,
1286 4557 1448 4617 quam
1475 4557 1598 4599 cum
1627 4543 1776 4598 solus
1802 4553 1855 4615 ι)
1879 4539 2053 4612 culpa:
2075 4550 2286 4612 patens.

167 4660 298 4703 esse
319 4644 542 4700 videor:
575 4657 677 4700 nec
705 4643 885 4698 minus
908 4641 1151 4706 otiosus,
1198 4653 1360 4709 quam
1390 4653 1512 4695 cum
1539 4636 1769 4693 otiosus.

168 4803 296 4853 nos,
323 4785 392 4842 de
417 4783 746 4842 commentis
775 4779 1240 4853 atqueerroribus
1266 4792 1458 4835 eorum
1485 4775 1553 4832 ad
1579 4773 1673 4830 lib.
1705 4772 1775 4831 de

167 4852 307 4918 Fide
337 4873 399 4914 ac
426 4859 495 4913 de
519 4856 733 4912 lncarn.
766 4856 900 4910 satis
926 4852 1184 4909 diximus.

245 4941 274 4969 ιι
328 4929 841 5000 Apullinaristarum
911 4925 1242 5000 prtecipuum
1301 4921 1447 5000 hunc
1527 4932 1772 5000 errorem

167 5003 346 5060 fuisse
374 4991 395 5066 ξ
421 5000 564 5071 quod
605 5014 636 5054 a
667 4991 1232 5071 Christo'humanam
1264 4995 1502 5071 animam
1535 4991 1621 5046 vel
1654 5004 1777 5044 sus-

167 5065 384 5146 ceptam
417 5065 709 5146 negarent,
739 5070 826 5146 vel
856 5070 976 5123 sine
1006 5075 1191 5146 mente
1219 5080 1283 5146 ac
1314 5065 1530 5146 ratione
1551 5076 1776 5146 s'uscep-

169 5130 283 5202 tam
313 5130 740 5204 cettteiiderent,
774 5139 1186 5196 observavimus
1217 5135 1285 5190 ad
1315 5135 1415 5189 lib.
1462 5135 1525 5190 de
1550 5130 1768 5204 Inrarn.

171 5217 332 5289 Sacr.
355 5214 575 5289 cap._2,
605 5203 854 5289 numJl.
878 5211 1010 5289 Quo_
1030 5209 1196 5289 etiam
1229 5207 1323 5261 lib.
1349 5247 1365 5271 ,
1393 5219 1516 5289 cap.
1547 5203 1606 5289 7,
1644 5206 1774 5258 Am-

169 5288 395 5345 brosius
424 5276 576 5342 'illud
623 5285 830 5354 ipsum,
861 5276 968 5351 quo
994 5280 1087 5336 hic
1114 5280 1283 5334 utitur
1304 5317 1320 5345 ,
1352 5276 1578 5332 adhibet
1616 5289 1776 5345 argu-

170 5369 441 5418 mentum.

244 5429 273 5470 ι»
315 5430 470 5484 Rom.
527 5426 700 5491 edit.,
753 5423 961 5478 mentiri
1020 5421 1224 5485 Deum;
1275 5418 1465 5476 Grmce
1523 5417 1778 5491 similiter

170 5504 472 5558 γιύσασθαι
513 5499 659 5555 Θεὸν.
686 5489 940 5550 Attamen
983 5505 1206 5563 propter
1237 5507 1368 5547 mss.
1401 5507 1465 5563 ac
1490 5503 1605 5563 vet.
1647 5489 1780 5563 edit.

171 5587 502 5629 consensum
547 5568 929 5636 existimamus
980 5561 1324 5636 hyperbaton
1369 5562 1447 5636 ab,
1486 5561 1779 5636 Ambrosio

173 5643 265 5700 hic
294 5643 496 5698 factum
539 5651 664 5693 esse
702 5635 774 5688 ita
802 5631 1206 5692 restituendum
1232 5677 1246 5701 ,
1279 5637 1390 5693 Deo
1437 5631 1780 5706 impossibile

173 5723 260 5772 cst
289 5709 528 5770 mentiri.

251 5797 275 5827 ο
318 5782 534 5855 Scripta
570 5777 710 5834 circa
741 5789 944 5836 annum
973 5779 1098 5838 590.

1953 4635 2008 4690 5.
2049 4634 2444 4707 Liquetigitur
2471 4649 2539 4691 ex
2585 4634 2702 4703 bis,
2753 4635 2882 4706 quia
2933 4635 3037 4693 soli
3079 4639 3203 4695 cum
3251 4655 3475 4712 sumus,

1951 4771 1976 4810 α
2017 4772 2181 4828 Rom.
2207 4770 2340 4828 edit.
2359 4771 2462 4845 ,λὶη⁸
2481 4769 2666 4836 quibus
2693 4770 3436 4845 quident.iMinusgapposite.

1955 4854 1978 4882 ε
2018 4845 2213 4917 Actum
2235 4841 2420 4917 estde
2449 4841 2553 4898 hoc
2573 4843 2854 4917 ‘paradoxo
2879 4841 2978 4917 li_b.
3002 4858 3061 4899 ιιι
3088 4841 3256 4917 Ofﬂef
3271 4861 3393 4917 cap.
3420 4846 3475 4914 1,

1881 4932 2028 4972 num.
2057 4915 2126 4980 ἒς
2160 4913 2249 4968 tibi
2268 4925 2320 4970 et
2351 4928 2451 4970 nos
2477 4913 2620 4969 unde
2649 4916 2876 4982 petitum
2908 4913 3042 4980 fuit,
3093 4913 3473 4972 indicavimus.

1861 4988 1999 5062 (Nan
2025 4987 2343 5062 omittemus
2387 4994 2568 5062 autem
2613 4983 2716 5062 hoc
2743 4984 2865 5039 loco
2893 4984 3090 5062 Eranc.
3125 4986 3476 5062 Petrareham

1883 5061 1975 5115 lib.
2005 5058 2122 5114 ttde
2157 5055 2278 5111 Vita
2301 5056 2488 5123 Solit.,
2513 5067 2654 5112 sect.
2683 5057 2740 5120 3,
2764 5070 2888 5125 cap.
2910 5056 2970 5120 2,
2996 5072 3156 5126 quam
3180 5059 3484 5116 cortliAm-

1880 5132 2066 5188 brosio
2093 5129 2330 5185 solitudo
2359 5129 2554 5200 fuerit,
2584 5141 3049 5200 commemorare,
3079 5127 3303 5200 ejusque
3348 5130 3479 5186 sub-

1881 5203 2150 5258 urbanum
2183 5215 2460 5257 secessum
2487 5198 2835 5273 describere;
2884 5199 2974 5256 ubi
3007 5198 3107 5255 hoc
3135 5198 3313 5270 ipsum
3364 5203 3482 5273 epi-

1882 5275 2042 5332 stola:
2073 5273 2231 5343 ltujus
2260 5271 2628 5343 testimonium
2659 5271 2813 5343 citat.

1962 5343 1980 5383 ί
2048 5344 2125 5400 Ita
2147 5341 2260 5399 vet.
2283 5342 2425 5414 edit.
2444 5357 2565 5398 cum
2590 5355 2723 5397 mss.
2750 5341 2998 5414 pluribus
3034 5341 3475 5414 p0tioribusqne;

1838 5408 1842 5414 ’
1883 5417 2046 5474 Rom.
2076 5429 2206 5472 vero
2231 5429 2355 5469 cum
2381 5413 2505 5469 aliis
2530 5414 2654 5470 cod.
2681 5408 2990 5485 nonnullis,
3033 5408 3086 5485 et
3109 5417 3344 5485 concepit
3357 5408 3480 5472 'Re;

1885 5490 2221 5560 (temptarem.
2253 5485 2361 5560 Sed
2393 5486 2585 5560 eodem
2617 5483 2783 5540 modo
2826 5482 3482 5560 redemptionem’conce-

1885 5554 2032 5631 pisse
2062 5559 2230 5631 Maria
2258 5558 2364 5612 dici
2395 5556 2579 5627 utique
2605 5564 2815 5631 potest,
2867 5569 2976 5631 quo
3019 5554 3220 5612 dicitur
3248 5558 3482 5617 salutem

1888 5626 2107 5698 operata
2128 5672 2144 5698 ,
2178 5628 2233 5684 in
2263 5626 2522 5700 quantum
2555 5628 2768 5700 scilicet
2792 5626 3147 5700 mediatorem
3175 5642 3240 5700 ac
3259 5643 3486 5700 repara-

1889 5697 2063 5758 torctu
2107 5697 2309 5756 mundo
2336 5698 2565 5770 peperit.
2599 5698 2704 5767 Qui
2725 5697 2950 5770 quidem
2977 5698 3233 5770 loquendi
3283 5697 3484 5765 modus

1886 5773 2115 5831 minimc
2138 5768 2454 5843 infrequens
2485 5778 2572 5826 cst
2596 5768 2758 5840 apud
2776 5769 3147 5830 Ambrosium.
