4040 6166
230 265 373 336 1137

1433 262 1926 329 EPISTOLARUM
1962 269 2248 328 CLASSIS
2289 271 2328 325 Ι.

3400 276 3538 330 1153

229 391 455 448 illectus
485 386 676 461 (Num.
705 385 870 454 XXII,
897 386 1014 458 19),
1053 388 1144 458 qui
1187 385 1508 446 renuntiare
1551 362 1832 453 debuerat,
1862 385 1912 448 Α
1945 387 2180 442 tinniens
2205 401 2399 441 sonum
2449 385 2638 442 reddo.
2673 386 2872 441 lterum
2916 387 3024 442 alio
3053 357 3214 453 atque
3234 389 3342 443 alio
3371 401 3547 445 trans-

232 481 435 538 iterutu
468 479 869 536 consulendum
899 480 1140 550 putavit:
1173 479 1331 551 quasi
1358 479 1503 540 Deus
1539 488 1633 535 aut
1664 479 1837 550 pretio

233 582 329 638 aut
354 573 678 638 muneribus
723 571 1117 640 inﬂecteretur.

307 668 360 722 Ἰ.
408 665 755 734 Responsum
787 676 870 726 est
1078 681 1282 734 avaro,
1315 681 1425 728 non
1455 666 1615 737 quasi
1634 666 1720 732 ei,
1747 665 1839 736 qui

236 775 431 815 verum
458 767 772 830 qu;ereret;
808 769 864 820 ut
894 759 1215 820 illuderetur
1241 761 1452 834 potius,
1484 775 1648 832 quam
1672 761 1843 818 intur-

239 862 505 907 maretur.
535 848 714 920 Coepit
761 851 874 918 ire,
906 853 1146 907 occurrit
1181 852 1229 907 ei
1275 853 1501 924 angelus
1529 853 1582 908 in
1614 867 1844 923 angusto

243 943 460 1017 (lbid.,
503 944 648 1014 9.4),
699 943 1093 1012 demonstravit
1118 963 1178 1002 se
1223 947 1422 1013 asinae,
1471 962 1581 1002 non
1619 948 1846 1004 demon-

240 1038 436 1092 stravit
465 1037 679 1108 auguri.
702 1036 784 1091 llli
815 1052 876 1093 se
915 1037 1214 1104 revelavit,
1248 1040 1408 1094 istum
1451 1041 1714 1105 obtrivit;
1765 1051 1846 1095 ta-

242 1146 370 1187 men
403 1139 461 1185 ut
486 1130 781 1200 aliquando
812 1139 867 1188 et
893 1131 1015 1202 ipse
1043 1143 1430 1203 cognosceret,
1464 1134 1677 1204 aperuit
1717 1149 1848 1189 ocu-

243 1222 327 1278 los
353 1223 501 1293 ejus:
536 1222 706 1287 vidit,
732 1231 787 1279 et
809 1223 986 1278 adhuc
1011 1233 1188 1282 tamen
1215 1239 1321 1281 non
1350 1225 1583 1282 credidit
1608 1225 1846 1282 evidenti

233 1315 502 1379 ’oraculo;
546 1322 602 1368 et
637 1314 730 1384 qui
759 1315 842 1370 vel
873 1316 1048 1372 oculis
1072 1317 1300 1373 credere
1325 1317 1646 1386 debuisset,
1698 1319 1850 1373 invo-

245 1407 364 1472 luta
389 1413 446 1462 et
476 1406 724 1476 ambigua
754 1408 1055 1476 respondit.

319 1497 375 1554 8.
418 1497 576 1555 'l‘unc
615 1497 924 1568 indignatus
949 1499 1217 1557 Dominus
1244 1515 1339 1571 per
1362 1501 1631 1572 Angelum
1675 1501 1848 1562 dixit:

258 1590 440 1658 Vade;
486 1591 576 1647 sed
623 1607 954 1663 qurecumque
1003 1593 1094 1648 tibi
1146 1595 1499 1664 inspirauero,
1555 1599 1665 1650 lucc
1711 1596 1852 1650 dices

1941 477 2160 543 ductus,
2192 492 2316 532 cum
2348 477 2513 534 vellet
2565 479 2908 544 maledicere,
2934 479 3296 534 benedicebat
3324 499 3334 533 :
3377 493 3398 518 ο
3426 481 3546 537 Non

1941 579 2018 625 est
2045 569 2193 625 labor
2217 570 2274 624 in
2310 569 2499 637 Iacob,
2531 587 2693 641 neque
2741 571 2893 624 dolor
2921 571 3108 643 (lbid.,
3143 571 3259 642 Si).
3291 572 3554 628 Dominus

1945 661 2100 718 illum
2130 663 2385 732 protegit.
2422 663 2489 717 Et
2537 663 2677 718 intra
2703 662 2860 732 jubet
2891 664 3070 732 parari
3101 677 3225 717 aras
3256 673 3465 731 septem
3494 673 3550 718 et

1943 755 2229 816 sacriﬁcia.
2263 756 2458 826 Utique
2483 743 2668 812 debuit
2697 757 3000 822 discedere,
3028 757 3124 812 sed
3151 774 3245 826 per
3270 758 3551 814 inﬁrmita-

1949 857 2058 902 tem
2092 848 2317 915 mentis,
2341 863 2392 902 et
2425 849 3148 905 mutabilitatemsententim
3172 850 3554 922 putabatquod

1946 950 2198 996 avertere
2243 949 2430 1011 posset
2488 941 2580 996 Dei
2640 941 2976 996 voluntatem
3005 959 3016 994 :
3045 942 3162 1012 ipse
3226 954 3406 996 autem
3458 959 3552 1012 per

1948 1021 2252 1090 ettcessum
2287 1035 2487 1090 mentis
2530 1033 2677 1090 aliud
2731 1034 3006 1106 cupiebat,
3033 1045 3088 1092 et
3113 1035 3262 1090 aliud
3296 1036 3555 1108 loqueba-

1950 1135 2058 1182 tur.

2023 1220 2111 1276 12.
2159 1220 2332 1288 Quam
2353 1222 2612 1292 speciosa,
2645 1221 2848 1292 inquit,
2875 1219 2901 1261 ά
2935 1222 3234 1277 habitacula
3264 1234 3370 1287 tua,
3394 1240 3428 1280 ο
3447 1225 3552 1279 lle-

1952 1313 2224 1370 brteorum
2251 1315 2444 1372 militia
2468 1315 2859 1371 lTabcrnacula
2885 1327 2972 1371 tua
3000 1318 3132 1372 sicut
3147 1334 3357 1372 nemora
3373 1319 3553 1372 obum-

1952 1408 2183 1475 bramus,
2207 1409 2343 1464 sicut
2370 1409 2647 1481 paradisus
2677 1427 2835 1478 super
2863 1412 3099 1480 ﬂuvium,
3133 1423 3182 1465 et
3209 1413 3345 1465 sicut
3371 1413 3557 1468 cedrus

1951 1517 2101 1558 secus
2127 1518 2288 1572 aquas
2318 1501 2511 1575 (Num.
2544 1519 2690 1566 ntv,
2719 1502 2773 1570 5,
2801 1504 2878 1575 ὕ).
2914 1499 3264 1559 Exietbomo
3291 1521 3359 1559 ex
3389 1505 3558 1560 Jacob

1953 1602 2011 1648 et
2037 1593 2309 1649 obtinebit
2331 1593 2528 1648 multas
2553 1605 2763 1665 gentes,
2797 1605 2851 1651 et
2888 1597 3172 1650 attolletur
3190 1613 3416 1667 regnum
3439 1599 3563 1667 ejus

253 1682 466 1757 (Ibid.,
501 1681 638 1754 '55),
671 1684 722 1739 id
754 1692 870 1751 est,
908 1701 1014 1740 non
1040 1701 1163 1756 qua:
1201 1688 1285 1742 vis
1309 1728 1323 1752 ,
1353 1688 1447 1743 sed
1491 1702 1617 1758 qum
1643 1687 1854 1758 cogeris
1958 1685 2013 1742 in
2053 1685 2228 1740 altum
2259 1703 2272 1737 :
2300 1687 2354 1739 in
2415 1686 2571 1740 terris
2613 1701 2832 1757 quoque
2882 1689 3144 1743 extend-et
3195 1690 3560 1760 principatunt

250 1776 422 1849 loqui.
452 1777 620 1845 Quasi
663 1792 928 1845 organum
971 1779 1131 1835 inane
1156 1794 1350 1836 sonum
1407 1783 1544 1838 meis
1588 1782 1855 1850 praebebis
1884 1767 1932 1832 Β
1959 1791 2116 1834 suum
2173 1778 2228 1832 in
2284 1776 2606 1849 Egyptian.
2640 1779 2744 1846 Qui
2770 1781 3066 1834 benedicent
3092 1798 3227 1846 eum,
3261 1782 3563 1837 benedicen-

252 1871 623 1928 sermonibus.
660 1870 951 1943 Egosum,
983 1874 1075 1944 qui
1132 1874 1355 1942 loquar,
1408 1887 1515 1929 n'on
1544 1884 1600 1932 tu
1651 1875 1746 1946 qui
1789 1889 1854 1931 ea

254 1979 375 2036 qua:
395 1963 632 2019 audieris
653 2005 668 2030 ,
703 1965 1031 2031 resultabis,
1056 1976 1112 2024 et
1139 1983 1261 2037 qua:
1293 1983 1402 2024 non
1440 1968 1738 2038 intelliges.
1766 1967 1858 2023 Ni-

257 2057 336 2112 hil
369 2057 619 2127 prolicies
666 2058 882 2123 eundo;
919 2067 943 2095 α
972 2059 1102 2129 quia
1142 2060 1261 2115 sine
1293 2061 1550 2117 mercede
1589 2060 1860 2118 remeabis

260 2149 538 2219 pecuniae,
570 2158 626 2204 et
650 2148 768 2206 sine
798 2150 1048 2220 profectu
1076 2153 1284 2222 gratize.
1324 2152 1570 2221 Denique
1593 2170 1656 2212 ea
1688 2154 1859 2223 prima

260 2256 362 2296 vox
395 2241 515 2311 ejus
538 2252 655 2306 est:
693 2243 833 2316 Quid
856 2244 1181 2310 maledicam,
1206 2246 1291 2299 cui
1320 2262 1419 2300 non
1448 2247 1704 2302 maledicit
1747 2245 1858 2301 Do-

263 2333 436 2385 minus
467 2331 659 2403 (Nunt.
686 2349 815 2388 xxtu
838 2374 854 2400 ,
880 2332 984 2405 8)?
1015 2343 1072 2388 ut
1099 2336 1416 2400 ostenderet
1441 2351 1548 2393 non
1573 2337 1630 2394 iu
1652 2353 1746 2399 sua
1780 2351 1863 2392 ro-

263 2424 471 2480 luntate
515 2439 634 2480 esse
677 2425 1118 2490 benedictionem
1156 2427 1370 2485 Hebraei
1421 2428 1646 2500 populi,
1685 2427 1781 2486 sed
1811 2429 1862 2482 in

270 2513 364 2569 Dei
412 2517 605 2586 gratia.

338 2606 502 2682 995
541 2608 593 2665 9.
629 2608 674 2664 Α
698 2611 942 2678 suminis,
996 2611 1212 2690 inquit,
1245 2612 1501 2670 montibus
1551 2615 1868 2682 conspiciant

271 2716 389 2754 eum
419 2699 608 2770 (Num.
641 2718 796 2768 χχιιι,
825 2701 882 2774 9)
911 2720 926 2770 ;
952 2707 1210 2776 quoniam
1256 2720 1360 2762 nou
1393 2705 1565 2764 oculis
1614 2721 1866 2776 compre-

274 2793 515 2850 hendere
548 2811 770 2866 possum
799 2797 942 2856 hunc
970 2800 1259 2870 populum,
1291 2801 1380 2870 qui
1409 2800 1673 2858 habitabit
1698 2801 1868 2868 solus,

275 2886 414 2944 lines
466 2905 598 2944 suos
651 2907 763 2950 non
815 2891 1058 2948 locorum
1091 2893 1434 2963 possessione
1464 2893 1872 2959 disterminans,

277 2979 373 3036 sed
403 2981 616 3037 virtutis
646 2982 909 3050 incolatu,
939 2995 994 3042 et
1018 3001 1229 3043 morum
1261 2988 1616 3059 singularitun
1642 2989 1874 3058 proprie-

281 3081 388 3129 tate
421 3073 474 3128 in
504 3084 708 3131 aeterna
742 3077 1048 3134 dill‘undens
1075 3079 1298 3136 smcula.
1349 3080 1481 3148 Quis
1505 3082 1656 3138 enim
1700 3097 1871 3136 annu-

1958 1877 2042 1924 tur
2074 1885 2093 1925 :
2122 1879 2174 1924 et
2187 1871 2275 1941 qui
2306 1872 2672 1926 maledixerint
2697 1874 2762 1938 ei,
2797 1874 3058 1928 maledicti
3087 1883 3235 1929 eruat
3253 1874 3450 1945 (l-bid.,
3479 1878 3558 1948 9).

1958 1959 2130 2038 Quem
2161 1961 2324 2030 igitur
2352 1961 2458 2017 nisi
2485 1960 2690 2017 Chriin
2723 1963 2980 2032 populum
3010 1973 3032 2000 θ
3060 1965 3375 2034 signiticet?
3420 1966 3558 2022 Eum

1958 2053 2236 2110 benedicti
2269 2054 2442 2120 Deus,
2479 2056 2530 2107 in
2575 2054 2732 2124 cujus
2759 2055 3028 2110 medullas
3060 2055 3294 2112 Verbum
3327 2059 3422 2114 Dei
3469 2058 3564 2116 de-

1961 2145 2176 2205 scendit
2202 2160 2375 2214 usque
2400 2146 2466 2202 ad
2497 2147 2822 2203 divisionem
2851 2149 3068 2214 att-itum,
3097 2158 3312 2204 artuum
3345 2167 3565 2221 quoque

1963 2247 2020 2295 et
2051 2237 2413 2294 medullarum
2447 2238 2636 2310 (Hebr.
2664 2255 2734 2304 tv,
2774 2239 2894 2309 i2):
2926 2241 2979 2295 iu
3012 2257 3120 2309 quo
3141 2242 3422 2298 habuisset
3462 2244 3565 2300 Ba-

1965 2332 2108 2388 laam
2155 2332 2396 2402 gratiam
2424 2331 2667 2398 Domini,
2691 2331 2738 2387 si
2766 2332 2817 2388 id
2863 2350 2931 2388 ex
2959 2337 3228 2390 sententia
3257 2345 3312 2391 et
3341 2335 3568 2392 allectus

1969 2423 2060 2480 sui
2088 2424 2370 2494 preposito
2403 2425 2638 2482 iecisset.
2662 2426 2772 2483 Sed
2798 2429 2924 2495 quia
2943 2429 3396 2484 revinciturmala
3411 2447 3566 2487 tuens

1967 2514 2213 2572 consiliis
2241 2517 2377 2583 suis,
2404 2524 2460 2573 et
2489 2508 2700 2574 occulta
2722 2518 2886 2573 animi
2911 2520 3210 2588 produntur
3227 2522 3371 2578 exitu
3398 2539 3412 2586 ;
3445 2523 3571 2580 ideo

1967 2609 2322 2679 sequentibus
2349 2609 2565 2668 insidiis
2595 2611 2814 2668 animus
2840 2612 2956 2682 ejus
2983 2614 3244 2682 aperitur.

2046 2701 2134 2758 15.
2173 2699 2324 2762 Unde
2345 2711 2400 2764 et
2428 2701 2647 2772 dignam
2677 2703 2983 2760 mercedem
3025 2719 3138 2762 sute
3169 2706 3376 2762 invenit
3405 2707 3574 2763 ntale-

1976 2793 2252 2850 volentiae.
2277 2791 2412 2850 Natu
2443 2793 2912 2854 cumadverteret
2945 2797 3092 2866 quod
3135 2812 3240 2854 non
3291 2808 3477 2867 posset
3519 2800 3572 2854 in

1975 2901 2203 2943 excessu
2230 2887 2428 2944 entis
2459 2889 2669 2959 positus
2695 2889 3040 2954 maledicere,
3073 2889 3166 2946 dat
3205 2891 3372 2963 Μ
3395 2894 3575 2949 consi-

1979 2982 2111 3037 lium
2145 2984 2280 3053 tregi,
2326 2982 2514 3064 dicens
2547 2998 2560 3036 :
2593 2982 2610 3022 ί
2641 2983 2734 3040 Illa
2781 2986 2891 3040 sint
2933 2985 3155 3042 oracula
3207 2985 3404 3041 borum
3458 3002 3578 3055 quae

1981 3075 2126 3138 Deus
2154 3078 2434 3147 pracepit,
2466 3077 2652 3147 accipe
2707 3079 2997 3137 consilium
3050 3078 3316 3138 adversus
3359 3082 3579 3135 oracula

280 3167 580 3222 morabitur
606 3169 656 3223 ei
687 3169 750 3222 dc
785 3170 1099 3228 nationibus
1121 3172 1264 3238 aliis,
1293 3147 1388 3242 qui
1418 3173 1875 3244 liuitimorumpo-
1905 3147 1951 3212 (λ
1985 3169 2101 3226 Dei.
2135 3169 2376 3240 Populus
2399 3172 2502 3228 iste
2521 3171 2704 3241 iustus
2723 3183 2834 3239 est,
2853 3173 3010 3232 habet
3028 3174 3422 3242 protectiencm
3454 3173 3581 3230 llei:

281 3260 536 3332 puloruni
554 3261 771 3318 excedit
800 3264 1078 3317 consortia
1100 3263 1324 3333 justitia:
1353 3266 1722 3321 sublimitate?
1746 3265 1880 3335 Quis

282 3354 732 3410 constitutionem
780 3354 1153 3425 generationis
1209 3356 1327 3426 ejus
1353 3357 1610 3429 colliget?
1639 3358 1881 3428 Corpora

282 3448 501 3519 quidem
552 3462 738 3504 eorum
769 3448 1026 3514 humanis
1055 3449 1362 3514 seminibus
1391 3461 1646 3514 concreta
1667 3461 1724 3508 et
1751 3451 1887 3524 ligu-

282 3551 398 3598 rata
431 3540 785 3613 advertimus,
812 3544 906 3600 sed
941 3544 1008 3601 de
1037 3545 1430 3616 superioribus,
1463 3557 1519 3611 et
1551 3545 1888 3608 mirabilibus

286 3636 596 3694 seminariis
623 3638 819 3694 animat
841 3655 1029 3695 eorum
1062 3639 1416 3710 pullularunt.

362 3729 448 3788 10.
496 3729 755 3787 Moriatur
800 3733 973 3786 anima
1021 3749 1136 3787 mea
1182 3733 1236 3787 in
1280 3733 1468 3788 animis
1496 3748 1671 3787 eorum
1699 3731 1888 3801 (Ibiil.,

291 3825 408 3896 10),
453 3827 718 3880 moriatur
741 3825 879 3880 hanc
918 3827 1262 3896 corporalem
1302 3826 1490 3892 vitam,
1517 3838 1573 3880 ut
1609 3827 1661 3879 in
1695 3823 1892 3878 animis

286 3916 563 3988 justorum
595 3917 737 3970 illius
767 3929 988 3973 aeternae
1029 3920 1154 3973 vita:
1195 3919 1526 3987 adipiscatur
1557 3917 1804 3987 gratiam.
1835 3916 1892 3971 ιιι

292 4023 399 4078 quo
441 4007 552 4076 jam
605 4015 731 4062 tunc
786 4009 1118 4064 sacramenti
1167 4009 1328 4078 hujus
1381 4009 1639 4074 cmlestis,
1672 4018 1728 4064 et
1754 4009 1896 4064 sacri

296 4099 648 4170 baptismatis
679 4100 920 4156 revelata
976 4111 1060 4156 est
1119 4099 1540 4170 magniﬁcentia,
1594 4115 1693 4169 per
1739 4101 1896 4170 cujus

295 4191 669 4265 operationem
694 4193 1003 4248 moriuntur
1024 4192 1276 4252 homines
1301 4192 1471 4262 culpae
1497 4192 1689 4259 veteri,
1717 4203 1774 4249 et
1797 4191 1897 4248 itii-

297 4302 530 4359 quorum
563 4285 852 4356 operibus;
884 4296 942 4343 ut
973 4287 1215 4342 novitate
1258 4286 1382 4346 vita:
1406 4285 1460 4346 in
1485 4286 1758 4342 consortia
1782 4285 1900 4355 jus-

301 4391 480 4435 torum
523 4379 912 4449 transligurati,
947 4381 998 4435 iu
1041 4395 1230 4436 eorum
1281 4395 1466 4435 mores
1493 4389 1799 4449 resurgant.
1837 4381 1903 4438 Et

302 4473 431 4544 quid
457 4473 657 4528 mirttm
679 4473 748 4530 de
776 4472 1114 4543 hominibus,
1161 4489 1286 4530 cum
1325 4471 1624 4536 moriamur
1655 4481 1899 4542 peccatu.

302 4578 362 4624 ut
396 4567 738 4625 Deovivaut?
817 4596 819 4598 -

379 4661 467 4714 11.
513 4660 637 4715 ΙΙτεο
664 4660 890 4716 audiens
940 4659 1120 4720 Balac.
1169 4659 1478 4730 indignatus
1509 4676 1589 4722 est
1620 4666 1645 4704 δ
1673 4667 1860 4732 dicens
1891 4681 1904 4718 :

285 4735 391 4810 ’Λᾶ
438 4755 880 4813 maledicendum
930 4762 982 4810 te
1023 4751 1249 4817 adduxi,
1281 4766 1335 4810 et
1381 4764 1443 4812 tu.
1470 4759 1765 4817 benedicis.
1802 4763 1910 4820 Re.

309 4847 534 4916 spondit
555 4847 647 4903 ille
677 4865 689 4901 :
720 4845 1060 4902 Calumniam
1108 4847 1283 4916 patior
1305 4846 1484 4915 deeo,
1517 4851 1661 4920 quod
1686 4855 1906 4921 nescio;

307 4955 416 5012 ego
460 4941 612 4997 enim
656 4940 791 4997 nihil
831 4955 1011 4998 meum
1039 4940 1252 5011 loquor,
1285 4941 1380 4996 sed
1414 4944 1568 5013 quasi
1599 4945 1909 5016 cymbalum

387 5140 417 5213 εξ
455 5131 587 5187 Mss.
637 5129 880 5202 aliquot,
921 5132 1010 5202 qui
1039 5131 1149 5186 sine
1173 5126 1404 5184 mercede
1446 5127 1749 5183 remanebis.
1797 5128 1916 5188 Non

314 5211 449 5257 satis
481 5213 652 5258 recte.
879 5211 886 5217 '

388 5273 416 5311 δ
456 5273 615 5329 Rom.
645 5274 777 5330 edit.
831 5274 970 5338 sola,
1003 5275 1178 5328 dicens
1206 5288 1225 5326 :
1249 5268 1398 5337 Quid.
1421 5269 1592 5333 fecisti
1629 5268 1796 5324 mihi?
1832 5272 1915 5326 Ad

318 5345 729 5400 ntaledictionent
748 5346 1080 5399 inimicorum
1103 5357 1334 5398 meorum
1350 5340 1530 5395 uocaui
1550 5350 1616 5408 te,
1630 5350 1680 5395 et
1700 5357 1814 5397 ecce
1827 5344 1916 5399 be-

319 5418 565 5472 nedixiin
583 5417 950 5470 benedictione.

397 5499 420 5526 c
464 5487 676 5552 Eatlein.
693 5487 852 5549 edit.,
881 5483 1002 5555 Non
1025 5483 1119 5538 erit
1141 5483 1288 5538 labor
1313 5483 1368 5537 in
1392 5480 1578 5551 Iacob,
1594 5485 1924 5555 nequedolor

323 5561 378 5614 in
404 5557 596 5620 Israel.
626 5553 1044 5627 DentiitusDeus
1065 5557 1180 5627 ejus
1203 5569 1320 5627 cum
1343 5573 1426 5610 eo.

1986 3265 2112 3334 quia
2146 3280 2254 3320 non
2288 3265 2718 3324 divinationibus
2742 3276 2797 3322 et
2817 3265 3061 3337 auguriis
3108 3282 3232 3323 sese
3282 3267 3451 3335 dedit,
3483 3265 3592 3330 sed,

1986 3357 2088 3413 Soli
2116 3367 2322 3414 aeterno
2355 3359 2496 3426 Deo;
2521 3359 2645 3416 ideo
2671 3362 2886 3416 caeteris
2913 3361 3018 3417 fide
3043 3371 3284 3431 pratst‘at.
3304 3360 3585 3416 interdum

1991 3461 2172 3509 tamen
2199 3465 2255 3512 ut
2277 3453 2464 3510 ﬁdeles
2503 3463 2714 3510 mentes
2741 3456 2988 3522 corporis
3015 3454 3272 3512 labuntur
3304 3455 3584 3521 illecebra,

1991 3552 2048 3600 et
2073 3544 2266 3602 furtum
2291 3545 2581 3602 lenocinio.
2613 3547 2750 3602 Sunt
2799 3547 2896 3600 tibi
2949 3547 3204 3603 mulieres
3234 3548 3506 3616 plurimm,
3538 3559 3596 3604 et

1995 3637 2276 3707 plertzeque
2312 3654 2420 3692 non
2452 3639 2742 3694 indecores
2795 3637 3201 3707 pulchritudine
3231 3655 3244 3690 :
3277 3639 3454 3693 virilis
3497 3654 3596 3693 au-

1997 3738 2102 3783 tem
2133 3744 2298 3782 sexus
2326 3729 2476 3783 nullo
2503 3731 2675 3799 magis
2704 3730 2968 3794 lubricus,
2995 3746 3155 3800 quam
3209 3731 3456 3786 muliebri
3499 3732 3594 3786 de-

1995 3837 2125 3878 core
2144 3823 2254 3876 cito
2279 3821 2490 3889 capitur
2514 3839 2529 3888 ;
2560 3831 2615 3877 et
2635 3826 2870 3878 maxime
2891 3824 2936 3878 si
2964 3824 3126 3879 ardor
3153 3823 3415 3877 mentium
3463 3824 3598 3880 allo-

1997 3911 2141 3982 quiis
2166 3909 2534 3972 iullatntuetur
2556 3914 3024 3984 lrequentibus,et
3037 3915 3194 3985 quasi
3223 3916 3430 3971 facibus
3459 3916 3600 3972 inar-

1997 4004 2217 4070 dest-at;
2247 4007 2294 4062 si
2325 4021 2477 4076 spem
2509 4006 2754 4075 potiundi
2785 4007 3018 4075 hauriat,
3051 4008 3307 4064 affectum
3358 4009 3595 4067 diﬂerat.

1998 4097 2219 4158 iaciant.
2243 4100 2404 4174 igitur
2435 4101 2692 4158 mulieres
2717 4113 2820 4158 tuae
2849 4104 3074 4160 vocibus
3102 4105 3215 4159 suis
3244 4105 3453 4172 hamos,
3499 4123 3600 4164 nec

1999 4193 2256 4250 difﬁciles
2279 4193 2488 4264 primos
2514 4209 2837 4264 congressus
2863 4211 2994 4252 suos
3024 4198 3324 4268 prmbeaut,
3374 4200 3468 4256 sed
3490 4211 3544 4256 et
3576 4211 3600 4250 ε

2004 4291 2122 4344 visu
2172 4286 2388 4355 faciles,
2418 4296 2478 4345 et
2519 4288 2668 4344 dictu
2694 4288 2940 4346 effabiles
2964 4292 3385 4358 circumerrent,
3411 4303 3464 4346 et
3493 4301 3605 4350 toto

2003 4380 3038 4456 secircumlundautexercitui;atque
3068 4386 3166 4440 hos
3214 4396 3331 4441 arte
3378 4394 3608 4441 tractent

2007 4475 2178 4541 viros,
2204 4484 2268 4530 ut
2281 4474 2582 4534 concubitu
2608 4489 2714 4530 non
2739 4475 3078 4547 indulgeant,
3128 4479 3229 4533 nisi
3262 4480 3463 4534 amoris
3489 4495 3609 4533 mu-

2011 4569 2087 4624 tui
2113 4566 2280 4624 ﬁdem
2327 4568 2607 4624 consortio
2651 4569 2923 4640 saerilegii
2967 4571 3457 4640 comprobaverint.
3517 4569 3609 4627 Sic

2011 4666 2160 4734 enim
2214 4678 2471 4739 poterunt
2514 4668 2725 4726 ctelesti
2775 4670 3119 4738 protectione
3164 4669 3408 4731 destitui.
3435 4669 3480 4724 si
3513 4669 3616 4740 ipsi

2010 4777 2040 4816 a
2067 4760 2296 4815 Domino
2313 4759 2425 4816 Deo
2451 4775 2550 4815 suo
2571 4759 2870 4830 sacrilegiis
2891 4760 3250 4815 deviaveriut.

2086 4853 2175 4908 M.
2218 4851 2336 4908 Non
2365 4851 2527 4923 igitur
2551 4851 2732 4924 justus
2755 4851 2994 4917 Balaam,
3025 4863 3082 4906 ut
3114 4861 3239 4922 pote
3267 4851 3614 4908 consiliarius

2013 4948 2396 5012 fornicationis
2421 4956 2478 5004 et
2501 4947 2802 5020 sacrilegii,
2836 4949 2984 5004 sicut
3017 4947 3298 5004 evidenter
3349 4949 3512 5010 etiam
3565 4947 3616 5004 in

2027 5135 2292 5204 (quidam,
2324 5131 2606 5206 benedixit)
2634 5129 2818 5199 Deus;
2851 5133 2903 5186 in
2929 5147 3083 5206 imss.
3144 5132 3441 5206 nonnullis,
3477 5132 3618 5206 Deus

2025 5203 2294 5262 emittitur
2323 5205 2492 5260 :edit.
2521 5203 2706 5272 llum,
2740 5222 2888 5274 quem
2919 5204 3178 5259 benedixit
3208 5203 3394 5270 Deus;
3423 5204 3622 5275 reliqui

2023 5293 2155 5331 mss.
2190 5287 2247 5330 ut
2275 5279 2326 5331 in
2356 5285 2632 5331 centestu.

2098 5346 2116 5386 ί
2158 5347 2362 5403 (immeo
2387 5348 2517 5402 edit.
2546 5364 2608 5401 ac
2641 5347 2884 5416 plerique
2913 5347 3067 5416 tussi,
3102 5345 3210 5401 Illa
3243 5348 3344 5400 sint
3383 5347 3622 5401 oraculo-

2025 5435 2140 5472 rum
2171 5435 2189 5472 :
2220 5419 2397 5488 aptius
2422 5415 2748 5473 Prat.etalii
2780 5415 3004 5489 aliquot,
3038 5415 3144 5472 Illa
3168 5420 3268 5472 sint
3295 5420 3506 5473 oracula
3531 5419 3625 5474 Ito-

2027 5506 2161 5544 ηυη,

2105 5571 2130 5609 s
2175 5559 2366 5619 Verius
2405 5559 2664 5628 Maronis,
2723 5559 2898 5632 inquit
2941 5557 3205 5627 Nannius,
3236 5576 3356 5619 cum
3403 5561 3628 5632 parvula

399 5627 423 5666 ά
460 5627 796 5693 ltom.edit.,
816 5623 1448 5693 habitaculatuaJacob;
1469 5627 1927 5699 tabernaculatua,
2031 5633 2414 5691 immutatione
2445 5649 2458 5686 :

333 5699 522 5756 Israel.

409 5779 432 5810 ο
475 5759 594 5829 Vet.
626 5766 765 5832 edit.
797 5782 858 5828 ac
887 5767 1069 5840 plures
1095 5783 1252 5836 mss...
1283 5767 1572 5843 tigni/kat,
1605 5782 1651 5826 et
1678 5769 1931 5830 Maedica

2129 5773 2238 5830 Nec
2258 5777 2366 5830 visu
2389 5774 2562 5840 facilis,
2587 5787 2683 5828 nec
2705 5774 2840 5828 dictu
2863 5773 3071 5830 ιωιιιι
3090 5777 3197 5832 ulli.
