4040 6166
532 268 672 326 “59

1878 262 2127 321 SANCTI
2164 260 2490 321 AMBROSII

3704 263 3844 320 “60

529 385 857 458 Apocalypsi
904 383 1168 454 scriptum
1212 387 1298 437 est
1349 380 1617 437 Johannis
1647 379 2019 451 evangelistac,
2052 377 2136 434 di-
2161 385 2212 442 Α
2306 380 2418 434 sine
2444 394 2546 450 qua
2569 383 2835 452 peccatum
2865 393 2968 434 non
2997 378 3218 434 tollitur.
3253 377 3536 434 Diabolum
3575 381 3668 450 qui
3694 381 3742 435 ei
3762 381 3848 434 in-

531 487 691 535 cente
741 477 968 532 Domino
992 475 1122 530 Jesu
1156 473 1223 530 ad
1258 473 1524 544 Angelum
1553 472 1811 528 Ecclesia:
1841 470 2088 543 Pergami
2121 488 2136 526 :

534 569 716 626 Habes
755 569 866 624 illic
896 576 1125 624 tenentes
1172 566 1465 622 doctrinam
1515 564 1761 631 Balaam,
1803 565 1893 636 qui
1926 565 2140 619 docebat

539 663 703 719 Balac
733 664 930 719 mittere
956 662 1265 718 scandalum
1307 678 1483 717 coram
1511 661 1637 731 filiis
1678 658 1865 727 Israel,
1917 661 2142 716 mandu-

539 775 658 814 care
709 758 1000 823 immolata,
1044 765 1090 812 et
1120 756 1405 826 fornicari;
1447 757 1519 810 ita
1559 756 1711 814 habes
1741 763 1788 810 et
1813 765 1868 809 tu
1916 765 2142 811 tenentes

534 849 832 905 doctrinam
863 846 1252 902 Nicolaitarum
1275 846 1468 917 (Apoc.
1489 862 1550 912 ιι,
1584 844 1690 912 14,-
1707 845 1822 917 i5).
1844 844 1961 915 Quo
1985 861 2145 917 appa-

530 950 616 1000 ret
644 940 770 997 inde
803 939 1226 996 Manichzeorum
1255 938 1545 1008 sacrilegia
1575 937 1849 1004 Manasse,
1879 937 1970 1008 qui
2011 939 2144 992 mis-

534 1045 659 1093 cent
689 1043 852 1106 atque
871 1032 1177 1104 adjungunt
1200 1040 1224 1068 α
1253 1030 1600 1101 sacrilegium
1643 1029 1980 1101 turpitudini.

591 1131 681 1188 i5.
700 1128 843 1200 Ergo
857 1143 958 1184 nec
978 1128 1124 1183 Deus
1146 1126 1381 1198 injttstus
1400 1140 1498 1181 nec
1512 1124 1788 1180 mutabilis
1801 1125 1918 1195 ejus
1933 1132 2144 1181 senteno

547 1223 617 1278 tia
638 1240 651 1278 :
671 1219 1038 1292 deprehendit
1058 1219 1202 1275 enim
1226 1226 1464 1274 mentem
1485 1217 1602 1288 ejus
1619 1216 1898 1272 etocculta
1925 1216 2141 1282 cordis;

535 1325 592 1374 ct
623 1315 748 1372 ideo
772 1315 1141 1371 tentaviteutn
1187 1312 1343 1384 quasi
1389 1310 1653 1376 divinum,
1675 1325 1782 1366 non
1802 1311 1966 1382 elegit
1993 1311 2144 1381 quasi

540 1409 888 1482 prophetam.
917 1407 986 1464 Et
1002 1407 1188 1478 utique
1202 1406 1286 1462 vel
1309 1415 1582 1462 tantorum
1607 1406 1957 1462 oraculorum
1971 1405 2144 1476 gratia

532 1513 589 1561 et
609 1503 1006 1561 revelationum
1035 1500 1373 1557 sublimitate
1396 1498 1642 1556 converti
1673 1498 1860 1555 debuit
1883 1498 2007 1554 :sed
2030 1498 2149 1553 ani-

536 1612 659 1654 mus
684 1596 942 1668 nequitia:
967 1595 1160 1666 plenus
1183 1594 1346 1649 verba
1373 1593 1659 1664 prompsit,
1685 1606 1790 1647 non
1808 1591 1967 1647 iidem
1991 1591 2148 1646 detu-

553 1691 639 1756 lit,
688 1689 931 1746 consiliis
982 1688 1260 1744 inlirmare
1306 1687 1556 1756 cupiens,
1615 1685 1756 1756 quod
1805 1685 2148 1740 annuntiarat

545 1781 813 1838 futurum.
845 1782 912 1836 Et
937 1780 1064 1851 quia
1088 1779 1306 1836 oracula
1330 1777 1583 1834 fraudare
1613 1793 1719 1832 non
1749 1786 1982 1849 poterat,
2009 1792 2140 1832 con-
2175 1772 2224 1833 B

543 1876 665 1932 silia
699 1874 1048 1930 fraudulenta
1089 1871 1562 1936 subministrabat,
1610 1871 1808 1943 quibus
1830 1871 1858 1910 ι)
1885 1871 2021 1928 levis
2053 1886 2150 1943 po—

545 1968 704 2041 pulus
729 1967 1044 2023 Judaeorum
1078 1965 1270 2021 tentati
1300 1964 1519 2036 quidem
1547 1974 1697 2034 sunt,
1730 1964 1826 2020 sed
1850 1980 1958 2020 non
1981 1980 2151 2036 expu-

539 2063 688 2136 gnati
713 2078 730 2130 ;
756 2063 916 2118 unius
946 2062 1096 2117 enim
1128 2060 1232 2116 viri
1262 2060 1567 2117 sacerdotis
1586 2059 1793 2130 justitia
1817 2059 2052 2115 solutum
2066 2069 2149 2116 est

545 2173 711 2215 omne
740 2156 1033 2213 facinerosi
1081 2155 1318 2210 hominis
1343 2153 1629 2210 consilium
1655 2153 1845 2227 (Nam.
1879 2169 2006 2222 xxv,
2035 2154 2147 2225 il),

543 2253 828 2323 multoque
879 2248 1181 2305 mirabilius
1222 2263 1318 2319 per
1373 2263 1540 2301 unum
1595 2245 1874 2303 hominem
1908 2245 2151 2316 potuisse

543 2347 770 2404 liberari
801 2345 1105 2402 exercitum
1134 2350 1370 2413 patrum,
1398 2355 1557 2412 quam
1578 2339 1818 2411 potuisse
1843 2338 2042 2409 decipi.

617 2441 705 2497 16.
750 2439 862 2500 Hoc
885 2437 1265 2494 munusculum
1287 2443 1490 2491 sancta:
1521 2433 1692 2491 menti
1718 2443 1822 2489 tuas
1842 2431 2148 2498 transmisi;

543 2535 673 2608 quia
703 2542 790 2590 vis
818 2549 906 2590 me
933 2531 1137 2606 aliquid
1163 2530 1233 2588 de
1258 2539 1505 2587 veterum
1537 2531 1866 2601 scriptorum
1885 2529 2155 2599 interpre-

548 2629 852 2686 tationibus
878 2629 1162 2700 paginare.
1191 2626 1308 2698 Ego
1336 2637 1516 2682 autem
1571 2625 1841 2696 assumpsi
1893 2623 2153 2695 epistolas

546 2722 800 2777 familiari
852 2737 1109 2778 sermone
1154 2729 1426 2786 attexere,
1486 2717 1801 2774 redolentes
1849 2716 2054 2787 aliquid
2083 2715 2152 2773 de

547 2826 763 2888 patrum
795 2815 1070 2883 moribus;
1099 2828 1327 2885 quarum
1355 2821 1572 2884 gustum
1600 2813 1645 2867 si
1671 2811 2005 2883 probaveris,
2029 2817 2156 2880 post

546 2907 666 2965 haec
710 2907 1024 2980 ltttjusmodi
1085 2906 1303 2960 mittere
1356 2918 1464 2960 non
1519 2901 1954 2959 verecundabor.
2013 2900 2152 2958 Malo

553 3003 699 3058 enim
737 3001 1000 3058 senilibus
1040 2998 1222 3055 verbis
1250 2999 1319 3054 de
1359 2997 1617 3069 supernis
1645 2996 1805 3052 rebus
1831 2995 2152 3051 ltallucinari

553 3103 762 3158 tecum;
785 3092 947 3164 997
970 3089 1112 3162 quod
1139 3089 1328 3146 Graece
1347 3090 1535 3145 dicunt
1553 3088 1938 3161 ἀδολεσχῆσαιέ
1955 3087 2155 3154 61:551-

2313 471 2517 537 uiderit,
2569 470 2896 526 vincendum.
2954 469 3079 526 Non
3107 471 3299 528 audere
3323 489 3398 538 se,
3427 471 3523 528 illo
3570 481 3847 545 prtesente,

2315 562 2505 630 offerre
2543 563 2892 635 sacriﬁcium,
2921 580 2952 618 a
2977 580 3081 636 quo
3117 566 3271 619 etiam
3296 565 3547 621 divinitus
3570 553 3739 638 fuerit
3760 565 3850 620 de-

2317 657 2529 712 territus
2544 673 2563 711 :
2578 666 2630 712 at
2645 658 2810 730 ipsam
2828 656 3175 728 paenitentiam
3204 657 3519 727 sacrificium
3536 673 3671 714 esse.
3694 658 3849 726 Quod

2315 754 2509 814 factum
2545 753 2658 824 ejus
2686 767 2789 806 non
2831 751 3168 822 provenerit,
3209 751 3386 806 dolere
3408 767 3485 820 se,
3533 751 3732 822 quippe
3759 751 3852 822 qui

2316 859 2430 897 eum
2449 858 2564 897 uere
2583 843 2792 915 diligat.

2318 937 2716 1008 Augustissimo
2767 937 3080 1009 imperatori
3121 936 3430 995 Tnsooosto
3467 937 3776 996 Auanosws

2887 1031 3198 1102 episcopus.

2321 1121 2374 1175 1.
2415 1120 2482 1177 Ει
2505 1123 2709 1178 veteris
2739 1120 2996 1178 amicitiae
3037 1120 3215 1177 dulcis
3237 1122 3368 1178 milii
3400 1121 3709 1178 recordatio
3735 1129 3848 1190 est,

2249 1224 2304 1271 et
2331 1213 2747 1280 beneficiorum,
2771 1230 2894 1286 qua:
2924 1214 3136 1270 crebris
3166 1215 3305 1270 meis
3357 1216 3853 1274 intercessionibus

2249 1320 2461 1362 summa
2503 1307 2674 1377 gratia
2699 1306 2751 1360 in
2804 1307 2944 1362 alios
2992 1306 3296 1372 contulisti,
3350 1307 3540 1379 gratias
3599 1308 3850 1364 memini.

2249 1397 2407 1455 Unde
2435 1398 2615 1470 colligi
2643 1406 2822 1470 potest
2864 1399 3008 1470 quod
3041 1415 3148 1454 non
3197 1401 3407 1470 ingrato
3445 1401 3630 1470 aliquo
3655 1402 3854 1458 aﬂ‘ectu

2250 1493 2551 1552 adventum
2611 1503 2758 1549 tuum
2809 1509 3027 1565 semper
3075 1495 3210 1550 mihi
3240 1495 3472 1551 antehac
3501 1497 3860 1568 exoptatissi-

2249 1603 2398 1642 mum
2453 1586 2729 1643 declinare
2787 1588 3078 1657 potuerim.
3113 1587 3218 1644 Sed
3250 1603 3352 1658 qua
3379 1603 3544 1645 causa
3573 1590 3679 1645 hoc
3705 1589 3853 1648 fece-

2251 1679 2378 1745 rim,
2411 1679 2651 1735 breviter
2671 1677 2975 1749 expediam.

2321 1772 2376 1825 9..
2422 1771 2531 1827 Soli
2560 1771 2690 1826 mihi
2715 1773 2766 1826 in
2801 1780 2895 1827 tuo
2915 1780 2939 1819 ε
2963 1771 3223 1827 comitatu
3241 1771 3333 1844 jus
3359 1782 3570 1829 natura:
3599 1782 3852 1847 ereptum

2251 1865 2500 1922 videbam
2531 1865 2811 1932 audiendi,
2844 1873 2904 1920 ut
2933 1873 2990 1921 et
3016 1866 3265 1938 loquendi
3299 1867 3546 1937 privat-er
3584 1885 3852 1935 munere;

2251 1973 2432 2018 motus
2457 1963 2604 2019 enim
2646 1961 2963 2034 frequenter
2994 1977 3055 2018 es
3084 1961 3227 2033 quod
3258 1961 3325 2017 ad
3353 1977 3440 2018 me
3471 1964 3860 2034 pervenissent

2251 2057 2454 2128 aliqua,
2511 2072 2630 2128 quae
2688 2057 2741 2110 in
2797 2056 3130 2113 consistorio
3159 2067 3249 2111 tuo
3281 2064 3478 2112 statuta
3507 2056 3706 2113 forent.
3736 2057 3859 2129 Ego

2251 2165 2380 2221 ergo
2401 2164 2597 2220 expers
2626 2148 2934 2205 communis
2959 2163 3088 2204 usus
3111 2165 3252 2216 sum,
3275 2164 3398 2205 cum
3422 2149 3564 2204 dicat
3588 2150 3859 2207 Dominus

2250 2243 2411 2302 Jesus
2440 2245 2572 2299 nihil
2591 2259 2701 2298 esse
2721 2244 3000 2310 occultum,
3024 2243 3162 2315 quod
3181 2259 3283 2297 non
3311 2243 3668 2314 manifestetur
3695 2243 3856 2316 (Luc.

2250 2352 2366 2403 vttt,
2392 2336 2506 2409 i7).
2541 2335 2880 2392 Verecundia
2913 2336 3099 2407 igitur,
3127 2351 3231 2407 qtta
3262 2337 3410 2405 potui
3440 2377 3456 2403 ,
3478 2337 3722 2392 satisfeci
3756 2338 3860 2391 itn-

2253 2430 2440 2500 periali
2469 2430 2731 2496 arbitrio;
2754 2439 2809 2484 et
2833 2429 3087 2500 prospexi
3115 2444 3183 2484 ne
3212 2438 3306 2483 aut
3337 2429 3685 2499 ipsecausam
3709 2443 3860 2486 com-

2255 2523 2512 2579 motionis
2543 2521 2768 2592 habeas,
2796 2537 2920 2578 cum
2967 2523 3022 2578 id
3053 2523 3282 2594 egerim,
3317 2537 3389 2578 ne
3417 2522 3546 2593 quid
3576 2523 3644 2578 ad
3676 2541 3766 2580 me
3791 2525 3859 2581 de

2252 2614 2629 2687 imperialibus
2679 2615 2956 2671 deferatur
3001 2615 3259 2671 statutis:
3294 2625 3389 2670 aut
3415 2630 3518 2687 ego
3544 2631 3669 2671 cum
3701 2616 3859 2673 fuero

2253 2721 2516 2780 praesens,
2570 2717 2664 2763 aut
2713 2723 2819 2763 non
2875 2706 3094 2763 audiam
3127 2723 3224 2778 per
3250 2717 3453 2764 metum
3506 2711 3776 2777 omnium,
3805 2719 3859 2767 et

2251 2803 2404 2868 quasi
2431 2800 2778 2857 conuiventis
2817 2800 3014 2856 famam
3074 2799 3435 2857 subibo:aut
3489 2801 3563 2856 ita
3611 2803 3854 2869 audiam,

2253 2903 2312 2950 ut
2337 2893 2468 2950 mihi
2497 2909 2656 2950 aures
2702 2902 2944 2965 pateant,
2991 2908 3094 2949 vox
3122 2891 3556 2959 intercludatur;
3588 2902 3649 2949 ttt
3673 2894 3857 2950 audita

2255 3003 2363 3045 non
2394 2988 2597 3059 possim
2636 2987 2842 3059 eloqui,
2877 3003 2946 3043 ne
2967 3002 3064 3043 eos
3094 2987 3187 3058 qui
3229 2987 3284 3042 in
3328 2986 3691 3058 suspicionem
3724 3002 3855 3058 pro-

2252 3080 2480 3136 ditionis
2508 3081 2783 3147 venerint,
2813 3079 3008 3136 laedam
3043 3080 3094 3134 in
3121 3079 3385 3150 periculo.

541 3191 620 3243 Θεν
659 3183 743 3261 ἄρ’
783 3185 959 3240 Ἰσαὰκ
1005 3185 1079 3245 εἰς
1122 3184 1183 3238 τὸ
1224 3181 1398 3239 πεδίον
1441 3180 1818 3254 ἀδοὴσχῆσαι,
1843 3185 1871 3216 α
1899 3180 2135 3236 venienti

2328 3173 2380 3228 5.
2424 3171 2565 3241 Quid
2597 3170 2766 3242 igitur
2792 3170 3071 3227 facerem?
3101 3170 3220 3227 Non
3246 3171 3488 3226 audirem
3513 3171 3536 3226 ?
3559 3169 3664 3227 Sed
3689 3186 3854 3228 aures

539 3279 787 3336 Rebecca
818 3275 1012 3331 futurae
1054 3273 1316 3330 Ecclesiae
1362 3274 1546 3329 animo
1600 3275 1792 3329 videns
1845 3274 2145 3344 mysteria:

535 3371 701 3437 malo,
733 3370 978 3440 inquam,
1011 3365 1341 3422 ltallucinari
1393 3374 1573 3421 tecum
1626 3365 1810 3421 verbis
1857 3366 2143 3433 senilibus,

538 3479 609 3522 ne
637 3461 833 3539 videar
855 3470 878 3498 ε’
903 3468 1079 3516 artem
1112 3458 1446 3525 deseruisse,
1479 3474 1640 3530 quam
1694 3458 2146 3518 concitatioribus

536 3556 743 3614 deﬂare
766 3553 971 3626 aliquid
997 3554 1109 3626 jam
1139 3568 1240 3610 nec
1263 3554 1460 3609 studiis
1487 3555 1686 3610 nostris
1730 3563 1914 3623 aptum
1944 3569 2044 3611 nec
2070 3555 2147 3610 ri-

535 3642 708 3700 ribus.
741 3639 891 3707 Vale,
920 3649 976 3697 et
1002 3654 1102 3696 nos
1131 3638 1329 3711 dilige;
1355 3640 1480 3711 quia
1511 3654 1612 3711 ego
1643 3649 1695 3696 te
1720 3639 1909 3712 diligo.

1117 3733 1137 3772 τ
1179 3733 1525 3792 EPISTOLA
1567 3733 1652 3790 Ll.

538 3829 828 3886 Adventum
853 3831 964 3903 ejus
991 3844 1095 3884 non
1118 3829 1330 3900 ingrato
1345 3826 1540 3896 affectu
1571 3844 1626 3885 se
1653 3826 2048 3896 déclinare,sed
2076 3845 2138 3884 ne

610 3932 779 3979 tacere
823 3926 1120 3994 cogeretur,
1154 3931 1243 3977 aut
1295 3918 1598 3988 offensionis
1629 3938 1840 3976 causam
1868 3923 2131 3993 praeberet.

611 4012 937 4068 Iracundum
964 4029 1074 4069 esse
1105 4012 1477 4081 Theodosium,
1510 4013 1601 4069 sed
1623 4030 1690 4069 ea:
1708 4029 1762 4068 se
1793 4013 2129 4086 placabilem:

615 4121 680 4160 ne
707 4106 866 4180 igitur
885 4122 1002 4160 eum
1027 4114 1383 4175 commoveret,
1437 4106 1783 4162 valetudinem
1835 4122 2131 4162 excusasse.

609 4195 932 4270 Ingemuisse
939 4200 1208 4270 episcopos
1217 4199 1408 4254 easdem
1422 4198 1946 4266 Thessalonicensem,
1963 4201 2137 4270 proin-

601 4292 740 4349 dein
765 4292 987 4348 eluenda
1011 4293 1106 4347 illa
1121 4303 1420 4350 sanctorum
1440 4293 1750 4349 imitandam
1766 4294 2135 4364 paenitentiam,

2255 3283 2364 3324 non
2393 3283 2611 3338 possem
2659 3281 2787 3323 cera
2812 3277 3056 3323 veterum
3083 3265 3387 3322 fabularum
3414 3265 3690 3323 claudere.
3720 3266 3853 3322 Pro-

2252 3362 2478 3419 derem?
2525 3362 2634 3418 Sed
2685 3361 2831 3433 quod
2864 3362 2918 3417 in
2953 3361 3057 3416 tuis
3104 3361 3273 3432 jussis
3307 3361 3574 3425 timerem,
3626 3359 3682 3415 in
3713 3360 3850 3418 meis

2250 3455 2433 3511 verbis
2453 3453 2710 3511 deberem
2725 3469 2950 3520 cavere;
2972 3469 3041 3509 ne
3059 3454 3364 3527 mquid
3393 3465 3680 3509 cruentum
3698 3468 3850 3510 com-

2249 3547 2579 3603 mitteretur.
2613 3546 2922 3602 Tacerem?
2953 3546 3060 3603 Sed
3089 3542 3234 3618 quod
3263 3546 3630 3602 miserrimum
3655 3543 3684 3583 h
3710 3545 3848 3602 foret

2245 3638 2518 3706 omnium,
2553 3638 2868 3710 alligaretur
2895 3640 3262 3706 conscientia,
3291 3655 3394 3695 vox
3423 3639 3757 3705 eriperetur.
3781 3637 3847 3694 Et

2245 3732 2338 3788 ubi
2367 3733 2536 3789 illud?
2565 3732 2675 3789 Sed
2708 3734 2754 3789 si
2777 3733 3038 3790 sacerdos
3065 3751 3171 3790 non
3201 3734 3400 3790 dixerit
3425 3733 3655 3799 erranti,
3683 3732 3730 3789 is
3754 3731 3842 3804 qui

2242 3827 2530 3895 erraverit,
2562 3827 2616 3882 in
2647 3841 2744 3883 sua
2775 3827 2934 3898 culpa
2965 3828 3245 3896 morietur,
3303 3837 3358 3884 et
3413 3826 3674 3882 sacerdos
3717 3840 3841 3882 reus

2240 3919 2345 3974 erit
2368 3933 2568 3990 ptenas,
2599 3920 2726 3991 quia
2775 3934 2884 3976 non
2945 3918 3229 3976 admonuit
3258 3930 3530 3976 errantem
3575 3917 3841 3991 (Ezechiel

2235 4029 2318 4082 tn,
2349 4013 2484 4085 l9)?

2311 4105 2366 4159 4.
2409 4105 2611 4177 Accipe
2640 4105 2794 4174 illud,
2842 4106 3139 4178 imperator
3165 4116 3416 4179 auguste.
3448 4106 3604 4176 Quod
3636 4106 3836 4164 habeas

2242 4199 2371 4258 ﬁdei
2392 4201 2656 4268 studium,
2691 4217 2797 4258 non
2847 4216 3068 4273 possum
3114 4217 3343 4273 negare;
3374 4201 3515 4273 quod
3552 4201 3650 4258 Dei
3679 4203 3836 4258 timo-

2245 4308 2384 4363 rem,
2443 4309 2553 4350 non
2611 4293 2846 4350 difﬁteor
2877 4311 2891 4348 :
2923 4293 3016 4351 sed
3073 4294 3243 4352 habes
3295 4303 3504 4350 naturas
3546 4293 3829 4366 impetum,

599 4482 629 4513 ι
659 4474 924 4547 Quaenam
954 4469 1062 4547 sint
1093 4469 1474 4547 turpitudines,
1525 4469 1724 4547 quibus
1750 4469 2066 4547 adiunctum
2094 4486 2123 4527 a
2152 4477 2203 4539 D
2231 4482 2400 4547 xilem
2428 4482 2484 4530 et
2529 4473 2648 4545 ejus
2676 4473 3074 4547 significatione
3105 4478 3354 4534 tractavit
3375 4477 3702 4535 Ambrosius
3730 4479 3824 4535 lib.

531 4541 842 4603 Manichaeis
859 4541 1202 4614 sacrilegium
1219 4544 1416 4601 asserit
1443 4543 1788 4614 Ambrosius,
1813 4543 2127 4612 explicatur

524 4619 595 4674 ab
621 4615 926 4688 Augustino
949 4611 1122 4670 lib.de
1152 4613 1356 4688 Hazres.
1389 4611 1630 4688 capp-£6.

596 4688 624 4728 δ
667 4683 808 4743 indit.
836 4693 961 4742 cum
991 4699 1122 4756 mss.
1153 4683 1382 4754 aliquot,
1419 4684 1604 4754 quibus
1633 4685 1766 4739 leves
1813 4684 1995 4756 p0puli
2023 4685 2126 4740 Ju-

529 4759 764 4816 datorum
777 4757 975 4814 tentati.
1007 4754 1112 4828 Alii
1134 4763 1276 4828 mss.
1310 4756 1492 4826 plures
1513 4771 1578 4810 ac
1603 4754 1964 4828 probatiOres,
2011 4758 2125 4828 qui-

524 4831 617 4886 bus
640 4831 764 4903 leois
784 4828 1012 4903 populus
1033 4825 1339 4882 Judteorum
1360 4828 1538 4903 tentati
1560 4843 1579 4893 ;
1605 4825 1838 4903 minime
1865 4829 2025 4884 male.

595 4913 619 4942 ο
657 4897 795 4956 Cum
825 4897 1075 4969 imperite
1100 4908 1156 4954 et
1181 4913 1368 4968 parum
1410 4898 1662 4955 distincte
1711 4897 1900 4955 Grteca
1948 4898 2114 4956 verba

521 4975 830 5031 scribantur
860 4968 913 5026 in
935 4968 1063 5026 cod.
1097 4985 1259 5026 manu
1285 4975 1546 5040 exaratis,
1574 4987 1694 5027 eam
1727 4973 2016 5027 lectionem
2042 4988 2111 5026 ex

518 5045 630 5102 illis
655 5051 999 5115 expresserat
1026 5039 1442 5115 Amerbachius,
1467 5039 1588 5115 qua:
1604 5057 1711 5098 non
1735 5043 1896 5098 modo
1917 5045 2112 5097 barba-

2234 4549 2303 4601 de
2332 4546 2482 4618 lsaac
2507 4555 2562 4601 et
2583 4546 2784 4613 anima,
2812 4561 2934 4617 cap.
2955 4549 3022 4618 il,
3053 4563 3203 4603 num.
3233 4551 3284 4616 i,
3316 4558 3374 4605 et
3403 4549 3461 4606 In
3505 4549 3648 4607 Psal.
3677 4567 3824 4618 xvnt,

2235 4617 2486 4688 numa‘l5
2511 4627 2568 4672 et
2592 4619 2680 4688 is,
2707 4627 2867 4688 atque
2897 4617 3047 4674 alibi.
3514 4660 3520 4666 .

2303 4687 2330 4726 ἀ
2370 4687 2495 4744 Vet.
2553 4687 2718 4755 edit.,
2759 4687 2816 4742 ut
2860 4691 3080 4744 enitente
3113 4690 3380 4759 Rebecca;
3413 4692 3568 4749 Rom.
3610 4703 3665 4750 et
3691 4709 3826 4751 non-

2229 4759 2368 4842 nulli.
2388 4774 2542 4842 mss.,
2572 4769 2630 4812 ut
2645 4760 2878 4842 ueniente
2899 4761 3150 4817 Rebecca.
3183 4762 3289 4819 Sed
3317 4763 3373 4819 in
3395 4766 3512 4820 aliis
3535 4779 3669 4822 mss.
3697 4781 3827 4823 con-

2226 4833 2440 4886 cinnius
2467 4841 2521 4884 ut
2547 4833 2837 4889 omittitur.

2300 4913 2324 4982 ἐ
2362 4902 2578 4982 Omnes.
2591 4902 2722 4982 edit.
2754 4916 2808 4958 et
2835 4905 2992 4982 pauci
3013 4919 3171 4972 mss.,
3199 4915 3363 4982 artem
3397 4907 3627 4982 desisse;
3658 4908 3818 4982 aliqui

2215 4973 2328 5046 alii,
2357 4983 2523 5028 artem
2543 4973 2778 5042 dedisse;
2822 4973 3016 5031 melius
3043 4977 3250 5044 caeteri,
3299 4989 3460 5033 artem
3509 4973 3814 5046 deseruisse,

2215 5045 2608 5124 interpretandi
2639 5061 2834 5117 nempe
2876 5048 3239 5120 Scripturam,
3272 5059 3333 5105 ut
3355 5049 3563 5122 aliquid
3595 5045 3814 5124 pr0prio

2219 5128 2393 5172 tttarte
2415 5118 2750 5172 lucubraret.

2292 5187 2311 5226 ί
2355 5187 2570 5258 Scripta
2599 5189 2739 5244 circa
2764 5203 2969 5244 annum
2993 5189 3120 5248 590.

2291 5267 2316 5306 ε
2354 5259 2680 5326 Comitatus,
2713 5269 2774 5315 ut
2800 5261 3045 5317 Nannius
3073 5262 3353 5331 observat,
3379 5271 3468 5320 est
3483 5263 3686 5320 familia
3715 5266 3811 5321 im-

2216 5331 2508 5408 peratoris,
2555 5347 2679 5408 eum
2727 5331 3006 5387 olliciariis
3035 5341 3091 5390 et
3125 5334 3506 5406 stipatoribus,
3535 5352 3658 5408 qua:
3688 5338 3808 5393 olim

2211 5405 2412 5456 cohors
2438 5401 2738 5458 dicebatur.

2286 5468 2327 5550 ’1.
2355 5471 2478 5528 Vet.
2502 5472 2708 5550 edit.,A
2724 5474 2860 5542 [orte
2887 5475 3157 5544 omnium;
3181 5475 3340 5550 Rom.
3375 5479 3512 5550 foret
3535 5481 3766 5534 omnium
3789 5496 3802 5542 ;

2218 5543 2622 5616 multomelius.
2671 5544 3013 5616 Quapropter
3039 5543 3161 5602 cum
3214 5548 3270 5603 in
3322 5543 3662 5607 emendanda
3710 5553 3807 5606 hac

2215 5615 2447 5692 epistola
2476 5615 3065 5692 destituamurauxilio
3095 5633 3254 5687 mss.,
3282 5620 3417 5676 nihil
3447 5623 3626 5692 potius
3657 5622 3807 5678 nobis

2215 5685 2452 5755 videtur,
2483 5701 2646 5758 quam
2692 5695 2750 5742 ut
2799 5687 2916 5759 ejus
2935 5688 3196 5746 editionis
3240 5685 3537 5750 lectionem
3568 5693 3802 5751 retinea-

2216 5770 2361 5828 mus,
2390 5773 2552 5830 quam
2583 5767 2843 5830 praestare
2871 5759 2990 5815 aliis
3015 5760 3427 5821 arbitrabimur.

516 5131 602 5181 ra.
629 5113 917 5172 sed'etiam
951 5115 1114 5185 omni,
1148 5127 1313 5167 sensu
1342 5113 1599 5185 destituta
1652 5127 1817 5170 esset.
1866 5115 2114 5185 Quapro-

559 5196 641 5245 ter
669 5196 727 5242 ut
752 5185 1041 5242 manifesto
1068 5184 1236 5240 ulceri
1283 5183 1607 5240 medicinam
1637 5186 1896 5241 Erasmus
1947 5183 2111 5241 exhi-

559 5265 698 5326 eret,
725 5258 866 5312 hanc
895 5253 1219 5312 sententiam
1269 5255 1420 5324 quasi
1450 5271 1760 5326 germanam
1807 5256 2111 5326 substituit,

513 5325 694 5406 Graece
730 5329 930 5406 dicunt,
963 5326 1324 5406 ﬁdohoxicur
1377 5325 1686 5406 γηρᾳλαίαιί
1728 5331 1849 5406 περὶ
1868 5325 2106 5406 ντῶνλᾷνω

510 5399 935 5473 adulto-pham.
963 5397 1181 5473 Verum
1205 5414 1310 5451 nun
1356 5397 1618 5473 satist'ectt
1649 5397 2110 5473 Romanisedito-

509 5469 1090 5540 rtbusftisiquidetn.
1122 5483 1228 5523 non
1280 5469 1737 5540 paucis_vocibns
1793 5470 2106 5537 trucidatis,

505 5552 608 5602 nas
637 5537 845 5600 tantum
867 5537 1029 5597 nobis
1051 5539 1438 5604 exhibuerunt,
1470 5537 1640 5595 Grieci
1665 5540 1845 5596 dicunt
1897 5541 2111 5598 ἀδολεσ-

505 5624 701 5688 χῆσσιι.
733 5615 1005 5688 Caeterum
1027 5611 1296 5667 curiosius
1319 5611 1686 5688 characteres,
1711 5613 1868 5684 queis
1893 5611 1986 5688 hic
2029 5614 2114 5688 Io-

502 5682 603 5741 c'us
625 5689 678 5741 in
707 5700 810 5740 ms.
842 5684 976 5754 Reg.
1025 5691 1299 5754 exaratur,
1342 5682 1776 5754 examinantibus
1805 5698 1932 5739 vera
1946 5682 2112 5754 lectio

513 5756 802 5826 detegitur,
834 5767 997 5823 quam
1020 5753 1375 5810 restituimus.
1410 5753 1582 5812 Porro
1618 5753 1689 5813 de
1715 5768 1852 5812 voce
1901 5753 2112 5812 ἁδολεσ·
