4040 6166
247 287 373 353 1161

1455 284 1942 344 EPISTOLARUM
1981 284 2255 361 CLASSIS
2293 285 2335 341 l.

3416 290 3553 350 1163

241 415 398 472 quem
425 401 470 457 si
507 401 635 473 quis
662 402 834 459 lenire
864 403 1016 468 velit,
1067 403 1176 458 cito
1219 411 1404 460 vertes
1435 403 1502 458 ad
1533 404 1845 460 misericor-
1874 417 1924 478 Α
1953 403 2125 458 tribus
2152 400 2310 455 annis
2339 397 2391 454 in
2427 408 2595 463 terra,
2646 408 2739 454 aut
2771 401 2942 455 tribus
2973 400 3253 456 mensibus
3291 403 3476 472 fugere
3519 417 3548 456 a

243 492 384 549 diam
416 509 431 548 :
465 492 514 548 si
545 493 666 564 quis
695 494 956 556 stimulet,
992 494 1049 548 in
1082 493 1258 564 majus
1289 495 1614 563 exsuscitas,
1649 505 1846 549 uteum

249 601 509 644 revocare
532 587 619 642 vix
642 588 844 658 possis.
866 587 1082 644 Utinam
1109 589 1154 643 si
1186 603 1350 645 nemo
1382 589 1615 661 mitigat,
1669 589 1851 644 nullus

247 679 509 737 accendat
535 680 548 734 l
581 679 845 738 Libenter
873 695 996 736 eum
1024 681 1310 737 committo
1358 682 1453 737 tibi
1485 696 1498 732 :
1531 683 1644 752 ipse
1681 691 1732 737 te
1758 697 1847 737 re-

249 787 430 840 vocas,
457 780 513 828 et
538 771 760 842 pietatis
787 773 971 829 studio
995 773 1174 830 vincis
1195 774 1456 844 impetum
1490 782 1719 829 naturae.

319 867 372 923 5.
414 866 570 924 Hunc
589 882 691 940 ego
719 867 980 940 impetum
1004 867 1170 924 malui
1189 867 1608 939 cogitationibus
1633 867 1738 924 tuis
1765 880 1853 922 se-

246 970 396 1017 creto
425 961 791 1028 committere,
821 976 984 1033 quam
1013 960 1150 1017 meis
1172 959 1332 1017 factis
1360 961 1575 1031 publice
1605 961 1852 1016 fortassis

247 1069 488 1110 movere.
534 1051 722 1124 Itaque
769 1053 933 1109 malui
961 1052 1144 1109 ofﬁcio
1192 1069 1318 1110 meo
1377 1053 1584 1126 aliquid
1633 1053 1849 1120 deesse,

245 1162 405 1217 quant
437 1146 733 1202 humilitati
764 1163 776 1200 :
807 1156 863 1201 et
912 1147 1120 1217 requiri
1149 1146 1202 1200 in
1233 1160 1321 1201 me
1347 1145 1415 1201 ab
1446 1145 1568 1202 aliis
1599 1145 1853 1202 sacerdo-

249 1240 319 1294 tis
347 1239 757 1306 auctoritatem,
791 1254 952 1309 quam
974 1247 1075 1295 ate
1103 1237 1401 1294 desiderari
1435 1239 1486 1293 in
1511 1254 1598 1294 me
1621 1248 1644 1275 τι
1666 1253 1854 1293 aman-

253 1329 458 1387 tissime
510 1330 1022 1396 honoriﬁcentiam;
1073 1339 1130 1386 ut
1162 1344 1422 1401 represso
1453 1331 1682 1400 impetu,
1716 1329 1854 1384 inte-

249 1438 341 1494 gra
363 1433 510 1481 esset
531 1423 744 1480 consilii
771 1423 1010 1495 eligendi
1036 1424 1289 1479 facultas.
1332 1423 1604 1478 l’raztendi
1635 1423 1855 1494 aegritu-

249 1518 432 1575 dinem
480 1519 731 1590 corporis
785 1533 848 1574 re
891 1533 1021 1574 vera
1065 1534 1287 1590 gravem
1320 1558 1333 1585 ,
1393 1529 1446 1573 et
1495 1518 1598 1572 nisi
1644 1532 1670 1569 a
1721 1517 1855 1572 viris

248 1611 564 1668 mitioribus
604 1613 692 1667 vix
720 1611 1005 1668 levandam
1037 1630 1050 1664 :
1083 1612 1165 1667 vel
1198 1611 1371 1668 emori
1404 1620 1583 1665 tamen
1639 1609 1858 1664 maluis-

249 1720 389 1774 sem,
416 1722 580 1778 quam
611 1705 902 1762 adventum
953 1715 1101 1762 tuum
1133 1705 1328 1772 biduo,
1385 1713 1479 1759 aut
1517 1704 1698 1759 triduo
1749 1716 1853 1758 non

247 1807 650 1870 exspectarem.
689 1797 795 1855 Sed
820 1797 947 1868 quid
975 1797 1235 1863 facerem,
1260 1812 1366 1852 non
1393 1805 1530 1851 erat.

1952 495 2092 551 facie
2133 494 2476 550 inimicorum
2531 508 2774 562 suorum,
2831 502 2925 548 aut
2977 492 3158 549 triduo
3203 503 3434 551 mortem
3497 497 3551 551 in

1953 596 2120 644 terra.
2181 587 2247 642 Et
2279 586 2561 658 reSpondit
2605 586 2776 642 David
2804 604 2816 640 :
2843 588 3113 659 Augustin:
3153 598 3271 642 sunt
3317 589 3417 642 tria
3444 590 3552 644 lucc

1952 685 2311 750 vehementer;
2358 693 2707 738 verumtamen
2752 682 2980 738 incidant
3032 683 3086 736 in
3112 699 3269 737 ntanu
3307 681 3555 749 Domini;

1953 776 2199 844 quoniam
2224 774 2400 828 multa:
2445 774 2817 830 misericordia:
2843 776 2957 846 ejus
2984 774 3136 828 nimis
3173 790 3191 828 :
3219 783 3266 828 et
3289 775 3342 828 in
3371 790 3555 829 manus

1956 867 2180 922 hominis
2232 883 2336 922 non
2386 867 2615 921 incidant
2645 864 2839 938 (Ibid.,
2865 864 2979 936 14).
3011 865 3179 936 Culpa
3199 875 3381 923 autem
3413 876 3554 933 erat,

1953 961 2211 1033 quoniam
2244 961 2423 1017 voluit
2468 961 2609 1017 scire
2651 975 2936 1017 numerum
2987 959 3156 1016 totius
3209 960 3405 1033 plebis,
3437 974 3560 1031 qua:

1956 1069 2142 1111 secum
2171 1064 2290 1110 erat
2316 1071 2329 1108 :
2354 1054 2668 1125 quodjscire
2695 1054 2807 1109 Deo
2838 1053 2940 1108 soli
2962 1052 3150 1109 debuit
3172 1068 3481 1109 reservare.

2025 1147 2080 1202 9.
2112 1146 2180 1202 Et
2209 1161 2355 1212 cum,
2381 1146 2573 1217 inquit,
2600 1161 2748 1201 mors
2777 1146 2932 1210 ﬁeret
2959 1145 3012 1199 in
3035 1144 3217 1216 plebe,
3243 1145 3360 1215 ipso
3381 1145 3561 1215 primo

1957 1239 2044 1293 die
2075 1237 2143 1292 ad
2171 1238 2360 1293 horam
2390 1237 2601 1308 prandii
2626 1253 2749 1294 cum
2780 1236 3008 1292 vidisset
3057 1236 3222 1291 David
3251 1238 3561 1308 percutien-

1959 1340 2064 1387 tem
2090 1331 2340 1402 angelum
2369 1332 2422 1386 in
2455 1331 2691 1401 plebem,
2740 1331 2815 1386 ait
2861 1330 3028 1386 David
3060 1347 3072 1382 ε
3108 1329 3219 1401 Ego
3262 1330 3486 1401 peccavi,
3515 1340 3562 1385 et

1958 1441 2050 1496 ego
2081 1434 2259 1496 pastor
2282 1425 2572 1496 malignum
2598 1425 2720 1495 feci,
2752 1434 2797 1478 et
2826 1425 2909 1478 hic
2949 1441 3079 1495 gres:
3100 1427 3226 1494 quid
3248 1426 3406 1496 fecit?
3436 1424 3562 1478 Fiat

1957 1534 2144 1572 manus
2170 1527 2258 1572 tua
2282 1519 2336 1571 in
2363 1534 2463 1584 me,
2493 1526 2538 1571 et
2568 1518 2622 1571 in
2650 1517 2858 1572 domum
2903 1519 3067 1587 patris
3096 1517 3196 1572 ntei
3221 1516 3412 1589 (Ibid.,
3445 1517 3557 1588 17).

1959 1611 2150 1682 Itaque
2176 1611 2434 1682 paenituit
2486 1612 2802 1676 Dominum,
2844 1622 2897 1666 et
2932 1611 3100 1680 jussit
3130 1612 3325 1683 angelo
3351 1621 3409 1666 ut
3439 1627 3568 1682 par-

1961 1716 2112 1762 ceret
2140 1705 2317 1777 plebi,
2347 1704 2675 1761 sacrificium
2717 1715 2896 1761 autem
2923 1706 3142 1762 oﬂ’erret
3168 1707 3341 1762 David
3367 1722 3382 1773 ;
3415 1716 3570 1763 erant

1883 1811 1930 1870 Β
1965 1800 2110 1855 enim
2171 1807 2301 1855 tunc
2354 1797 2620 1854 sacriﬁcia
2672 1812 2771 1868 pro
2803 1797 3034 1863 delictis,
3087 1798 3206 1852 haec
3257 1813 3405 1853 nunc
3444 1807 3575 1853 sunt
3669 1800 3676 1808 ’

320 1890 374 1945 6.
415 1889 644 1946 Factum
672 1899 754 1946 est
798 1890 852 1945 in
901 1888 1038 1946 urbe
1087 1886 1660 1945 Tltessalouicensium
1708 1885 1854 1958 quod
1956 1891 2221 1969 sacriﬁcia
2245 1891 2604 1962 poenitentia}.
2648 1891 2835 1962 itaque
2860 1907 2925 1946 ea
2953 1891 3264 1947 humilitate
3291 1892 3570 1961 acceptior

252 1985 396 2040 nulla
432 1984 700 2041 memoria
729 1983 965 2052 habet,h
988 1983 1129 2056 quod
1155 1998 1412 2040 revocare
1440 1997 1547 2037 non
1583 1982 1758 2052 potui,
1789 1995 1857 2036 ne
1957 1989 2074 2044 Deo
2103 1986 2280 2042 factus
2307 1996 2429 2043 est:
2463 2001 2571 2043 non
2617 1987 2760 2042 enim
2794 1987 3099 2043 mirandum
3133 1996 3361 2058 peccare
3391 1988 3569 2044 homi-

253 2076 441 2143 ﬁeret;
475 2078 644 2133 immo
668 2075 811 2149 quod
834 2085 964 2132 ante
993 2076 1390 2132 atrocissimum
1427 2073 1542 2130 fore
1572 2073 1704 2138 dixi,
1733 2087 1855 2127 cum

1961 2096 2082 2137 nem
2119 2098 2132 2135 :
2166 2079 2262 2136 sed
2299 2080 2432 2136 illud
2452 2080 2883 2151 reprehensibile
2905 2122 2920 2147 ,
2953 2083 2997 2136 si
3032 2097 3137 2136 non
3169 2096 3228 2137 se
3277 2092 3571 2154 cognoscat

255 2176 418 2232 toties
441 2187 691 2245 rogarem
725 2189 741 2227 :
780 2181 837 2227 et
861 2169 1008 2242 quod
1037 2170 1154 2241 ipse
1185 2185 1310 2226 sero
1338 2168 1648 2224 revocando
1695 2181 1859 2238 grave
1959 2189 2180 2230 errasse
2204 2214 2222 2242 ,
2251 2189 2358 2229 non
2388 2174 2641 2230 humilia
2670 2175 2802 2231 Deo.

255 2268 463 2324 factum
492 2265 716 2338 putasti,
747 2265 853 2321 hoc
883 2265 1084 2320 factum
1131 2251 1426 2320 extenuare
1452 2277 1559 2319 non
1591 2271 1859 2332 poteram.

257 2359 490 2429 Quando
512 2358 750 2430 primum
797 2356 1044 2412 auditum
1093 2364 1199 2422 est,
1230 2364 1254 2393 ο
1284 2363 1512 2426 propter
1569 2353 1863 2409 adventum

259 2453 540 2511 Gallorum
569 2450 950 2522 episcoporum
1001 2447 1252 2521 Synodus
1301 2454 1668 2510 convenerat;
1705 2457 1865 2499 nemo

262 2561 367 2601 non
394 2543 684 2616 ingemuit,
732 2543 910 2599 nullus
941 2540 1293 2598 mediocriter
1322 2539 1533 2609 accepit
1567 2556 1578 2591 :
1612 2553 1717 2592 non
1749 2540 1870 2592 erat

261 2640 386 2696 facti
414 2639 491 2694 tui
520 2636 787 2694 absolutio
831 2635 886 2691 in
916 2633 1186 2690 Ambrosii
1218 2631 1622 2698 communione,
1667 2631 1723 2686 in
1777 2644 1866 2686 me

261 2732 427 2788 etiam
447 2729 675 2800 amplius
697 2728 977 2785 commissi
1007 2733 1432 2799 exaggeraretur
1455 2723 1678 2791 invidia,
1703 2723 1751 2778 si
1774 2737 1870 2778 ne-

266 2840 356 2881 mo
382 2824 592 2880 diceret
615 2823 708 2880 Dei
748 2822 920 2878 nOstri
942 2819 1446 2878 reconciliationem
1478 2818 1598 2874 fore
1617 2831 1872 2874 necessa-

266 2918 434 2974 riam.

337 3010 396 3064 7.
442 3009 525 3064 An
559 3007 726 3079 pudet
757 3017 830 3076 te,
862 3007 1188 3078 Imperator,
1243 3005 1348 3062 hoc
1397 3005 1577 3062 facere
1604 3004 1748 3075 quod
1775 3019 1871 3060 rex

264 3101 557 3174 propheta,
586 3109 778 3157 auctor
801 3099 1008 3157 Christi
1035 3100 1334 3158 secundum
1356 3115 1575 3157 carnem
1607 3098 1875 3170 prosapia:

2038 2268 2124 2322 10.
2169 2267 2271 2323 Job
2313 2276 2537 2324 sanctus
2585 2275 2640 2322 et
2687 2267 2803 2337 ip~‘e
2856 2276 3049 2336 potens
3095 2267 3146 2321 in
3188 2267 3422 2333 saeculo,
3450 2268 3568 2323 ait:

1966 2359 2242 2414 Peccatum
2286 2376 2458 2414 nteum
2483 2375 2585 2414 non
2611 2360 2882 2425 abscondi,
2929 2360 3020 2415 sed
3047 2376 3222 2415 corant
3250 2361 3393 2431 plebe
3433 2362 3575 2414 omni

1966 2453 2274 2508 annuntiavi
2298 2452 2608 2523 (Job.xxxt,
2642 2451 2755 2524 55).
2787 2453 3263 2524 Ipsiimmaniregi
3288 2453 3414 2510 Saul
3437 2452 3576 2509 dixit

1967 2543 2232 2600 Jonathas
2263 2544 2406 2600 ﬁlius
2433 2559 2564 2600 suus
2601 2564 2612 2598 ε
2645 2543 2773 2599 Noli
2819 2561 3035 2614 peccare
3074 2547 3128 2599 in
3177 2562 3377 2600 servum
3429 2555 3573 2598 tuum

1970 2633 2139 2690 David
2185 2635 2226 2707 (l
2255 2637 2387 2708 Reg.
2420 2653 2533 2705 XIX,
2570 2636 2648 2708 4):
2682 2647 2738 2693 et
2787 2654 2799 2690 :
2851 2635 2919 2691 Ut
2937 2638 3062 2707 quid
3081 2654 3263 2708 peccas
3286 2638 3341 2690 in
3369 2639 3576 2707 sangui-

1971 2746 2086 2784 nem
2112 2731 2434 2786 innocentem
2463 2730 2698 2785 occidere
2729 2728 2900 2785 David
2927 2731 3037 2786 sine
3069 2747 3227 2785 causa
3262 2730 3452 2802 (Ibid.,
3479 2731 3577 2804 5)?

1972 2823 2112 2891 Quia
2133 2824 2236 2879 etsi
2267 2840 2364 2880 rex
2390 2834 2531 2892 erat,
2573 2825 2833 2896 peccabat
2876 2835 3080 2891 tamen,
3121 2826 3166 2880 si
3193 2825 3471 2882 occideret
3501 2828 3580 2880 in-

1975 2926 2284 2974 nocentem.
2320 2918 2572 2991 Denique
2602 2920 2764 2976 etiam
2797 2920 2966 2975 David
2991 2935 3115 2976 cum
3142 2919 3252 2990 jam
3278 2935 3452 2992 regno
3484 2935 3579 2990 po-

1975 3010 2192 3076 tiretur,
2226 3019 2279 3066 et
2325 3011 2568 3068 audisset
2616 3011 2801 3068 Abner
2856 3013 3201 3068 innocentem
3255 3011 3493 3068 occisum
3549 3029 3578 3066 a

1977 3102 2113 3160 Joab
2152 3104 2293 3160 duce
2322 3105 2534 3161 militiae
2565 3121 2700 3174 suae,
2743 3106 2820 3160 ait
2867 3124 2879 3160 :
2930 3103 3189 3161 Innocens
3230 3122 3342 3160 sunt
3388 3121 3480 3177 ego
3533 3115 3580 3159 et

265 3194 402 3252 fecit
429 3192 642 3249 David?
672 3191 758 3247 llli
783 3192 986 3249 dictum
1018 3201 1122 3259 est,
1169 3193 1296 3264 quia
1324 3193 1477 3248 dives
1524 3192 1614 3263 qui
1644 3191 1871 3247 haberet
1897 3195 1943 3260 C
1972 3211 2190 3268 regnum
2221 3213 2389 3251 meum
2409 3197 2596 3253 amodo
2622 3206 2669 3252 et
2691 3214 2851 3269 usque
2891 3198 2944 3252 in
2969 3206 3221 3252 teternum
3262 3215 3293 3252 a
3331 3200 3583 3270 sanguine

267 3289 536 3361 plurimos
562 3301 775 3357 greges,
805 3299 967 3340 unam
999 3285 1256 3356 pauperis
1307 3300 1465 3341 ovem
1517 3295 1740 3358 propter
1778 3285 1872 3342 ad-

267 3390 495 3438 ventum
529 3378 758 3450 hOSpitis
809 3379 1010 3448 eripuit
1059 3386 1115 3434 et
1141 3377 1370 3445 occidit;
1402 3389 1453 3433 et
1481 3378 1701 3450 cognito
1729 3378 1872 3450 quod

269 3475 325 3532 in
359 3473 466 3530 hoc
493 3473 608 3544 ipse
633 3478 975 3543 argueretur,
1027 3472 1150 3543 quia
1185 3473 1302 3542 ipse
1331 3471 1568 3540 fecisset,
1596 3472 1675 3529 ait
1705 3491 1717 3526 :
1744 3472 1876 3528 Pec-

269 3567 386 3624 cavi
415 3565 636 3622 Domino
663 3565 731 3640 (Il
752 3566 884 3639 Reg.
917 3582 1014 3636 ιιι,
1065 3567 1176 3639 15).
1207 3567 1327 3624 Noli
1377 3583 1504 3639 ergo
1531 3567 1877 3638 impatienter

270 3661 444 3728 ferre,
474 3660 798 3732 Imperator,
846 3662 891 3716 si
945 3660 1158 3717 dicatur
1190 3661 1285 3717 tibi
1317 3679 1331 3714 :
1361 3660 1440 3716 Tu
1488 3660 1663 3717 fecisti
1711 3660 1874 3725 istud,

271 3755 419 3826 quod
445 3754 618 3810 David
648 3755 760 3825 regi
787 3753 994 3810 dictum
1020 3764 1154 3812 esta
1187 3755 1471 3825 propheta.
1507 3753 1564 3809 Si
1600 3752 1743 3808 enim
1775 3754 1878 3808 hoc

272 3846 468 3904 sedulo
521 3845 800 3913 audieris,
841 3855 898 3902 et
953 3847 1215 3902 dixeris:
1252 3845 1472 3900 Peccavi
1520 3844 1786 3907 Domino;
1833 3843 1879 3897 si

273 3940 482 3997 dixeris
504 3938 689 4009 regale
717 3938 863 3993 istud
908 3938 1289 4010 propheticum
1324 3955 1336 3990 :
1375 3935 1562 3992 Venite
1582 3937 1876 4002 adoremus,

273 4032 509 4105 9996
533 4030 867 4102 procidantus
909 4039 1026 4085 ante
1059 4047 1172 4084 eum
1193 4046 1212 4093 ;
1253 4039 1299 4084 et
1350 4029 1609 4099 ploremus
1633 4037 1751 4083 ante
1773 4026 1881 4082 Do-

278 4127 476 4182 ntinum
505 4132 760 4189 nostrum,
784 4123 873 4194 qui
897 4122 1020 4193 fecit
1044 4137 1137 4177 nos
1162 4120 1332 4192 (Ptol.
1372 4136 1520 4188 κείν,
1553 4120 1638 4191 6);
1671 4121 1882 4178 dicetur

280 4228 338 4277 et
369 4218 465 4275 tibi
496 4230 512 4272 :
541 4217 806 4286 Quoniam
851 4215 1082 4288 paenitet
1108 4223 1195 4283 te,
1223 4214 1446 4270 dimittit
1492 4215 1584 4272 tibi
1615 4215 1881 4272 Dominus

280 4320 566 4384 peccatum
595 4319 744 4366 tuum
769 4351 783 4376 ,
816 4318 873 4367 et
900 4323 1008 4365 non
1053 4307 1304 4364 morieris
1332 4306 1400 4379 (II
1435 4308 1566 4380 Reg.
1599 4325 1704 4372 xu,
1741 4307 1852 4380 13).

354 4405 644 4462 8.1terum
674 4418 796 4460 cum
827 4402 1043 4475 plebem
1080 4402 1353 4458 numerari
1381 4401 1637 4472 iussisset
1688 4401 1880 4469 David,

282 4512 576 4569 percussus
607 4505 690 4553 est
733 4495 926 4561 corde,
960 4504 1014 4552 et
1042 4495 1182 4550 dixit
1210 4495 1275 4550 ad
1305 4495 1595 4550 Dominum
1624 4512 1636 4548 :
1667 4493 1884 4550 Peccavi

1976 3287 2146 3344 Abner
2172 3288 2273 3358 ﬁlii
2291 3289 2403 3345 Ner
2427 3289 2493 3362 (ll
2517 3289 2648 3364 Reg.
2679 3306 2760 3358 ιιι,
2788 3290 2905 3362 28);
2925 3299 2981 3346 et
2997 3290 3267 3362 jejunavit
3288 3291 3340 3346 in
3369 3290 3579 3347 dolore.

2049 3381 2135 3434 11.
2178 3380 2306 3438 Haec
2328 3383 2453 3439 ideo
2499 3384 2718 3454 scripsi,
2751 3399 2857 3439 non
2887 3392 2945 3438 ut
2995 3392 3046 3440 te
3082 3383 3435 3452 confundam,
3484 3384 3580 3440 scd

1977 3482 2036 3526 ut
2058 3488 2246 3543 regum
2275 3476 2529 3546 exempla
2566 3485 2889 3546 provocent,
2940 3462 2999 3529 ut
3046 3477 3205 3532 tollas
3237 3476 3338 3531 hoc
3392 3492 3584 3548 pecca-

1979 3573 2093 3619 tum
2145 3565 2213 3620 de
2259 3581 2429 3637 regno
2478 3575 2571 3621 tuo
2603 3584 2616 3620 :
2648 3567 2812 3622 tolles
2864 3575 3046 3621 autem
3079 3567 3424 3622 humiliando
3473 3569 3588 3624 Deo

1979 3656 2213 3710 animam
2238 3665 2406 3712 tuam.
2441 3656 2615 3710 Homo
2645 3672 2726 3723 es,
2757 3666 2812 3712 et
2843 3656 2939 3711 tibi
2967 3655 3116 3710 venit
3148 3658 3396 3723 tentatio,
3427 3657 3586 3715 vince

1980 3762 2121 3802 eam.
2152 3747 2438 3803 Peccatum
2469 3763 2579 3802 non
2613 3749 2824 3804 tollitur
2851 3747 2955 3802 nisi
3006 3747 3264 3818 lacrymis
3308 3757 3367 3804 et
3407 3751 3583 3820 poeni-

1983 3837 2167 3891 tentia.
2222 3836 2330 3892 Nec
2387 3838 2613 3908 angelus
2666 3846 2868 3910 potest,
2902 3851 3003 3892 nec
3031 3836 3427 3908 archangelus;
3479 3839 3586 3894 Do-

1983 3927 2163 3983 minus
2192 3918 2332 3999 ipse,
2367 3930 2458 4000 qui
2497 3929 2648 3984 solus
2695 3939 2878 4001 potest
2919 3928 3103 3985 dicere
3141 3949 3152 3984 :
3184 3930 3299 4004 Ego
3325 3932 3585 3988 vobiscum

1983 4037 2097 4076 sunt
2127 4021 2347 4093 (Matth.
2395 4038 2585 4089 xxvut,
2616 4022 2733 4095 20);
2786 4024 2831 4078 si
2864 4025 3292 4094 peccaverimus,
3339 4029 3442 4085 nisi
3474 4045 3586 4100 pm-

1984 4115 2270 4171 nitentiam
2297 4115 2672 4172 deferentibus
2705 4130 2815 4170 non
2847 4116 3075 4172 relaxat.

2059 4211 2149 4266 12.
2191 4209 2432 4278 Suadeo,
2465 4224 2622 4280 rogo,
2657 4209 2870 4278 hortor,
2900 4208 3204 4278 admoneo;
3235 4213 3364 4284 quia
3413 4215 3586 4271 dolori

1985 4310 2070 4358 est
2091 4303 2247 4371 mihi,
2282 4311 2340 4360 ut
2367 4313 2421 4360 tu
2447 4301 2541 4375 qui
2566 4302 2782 4374 pietatis
2810 4302 3071 4361 inaudita:
3097 4307 3407 4377 exemplum
3438 4323 3584 4376 eras,

1986 4397 2078 4467 qui
2102 4397 2310 4469 apicem
2334 4397 2642 4456 clementia:
2666 4397 2914 4464 tenebas,
2947 4398 3042 4469 qui
3068 4400 3308 4472 singulos
3331 4412 3591 4459 nocentes

1987 4504 2096 4546 non
2141 4491 2444 4562 patiebaris
2487 4485 2814 4563 periclitari,
2851 4491 3064 4565 1000
3115 4502 3191 4548 tot
3220 4494 3451 4562 periisse
3481 4510 3586 4551 non

281 4595 620 4660 vehementer,
651 4591 790 4660 quod
843 4578 1054 4662 fecerim
1081 4591 1176 4645 hoc
1213 4591 1443 4659 verbum,
1474 4599 1520 4645 et
1574 4607 1732 4658 nunc,
1774 4589 1884 4645 Do—
1909 4573 1962 4634 Ῑ)
1988 4583 2174 4644 doleas
2210 4586 2548 4643 innocentes.
2581 4584 2700 4642 Etsi
2727 4587 2779 4640 in
2812 4585 3023 4656 prmliis
3050 4585 3364 4643 felicissime
3389 4589 3588 4659 egeris,

285 4688 442 4753 mine,
489 4689 640 4757 aufer
669 4683 992 4755 iniquitatem
1019 4684 1151 4738 servi
1189 4685 1287 4749 tui,
1333 4685 1470 4753 quod
1499 4684 1692 4755 deliqui
1731 4683 1881 4740 velte-

286 4789 482 4833 menter
507 4778 576 4852 (ΙΙ
605 4778 734 4850 Reg.
765 4793 919 4843 xxrv,
952 4776 1064 4847 10).
1115 4775 1186 4831 Et
1217 4776 1418 4832 missus
1459 4785 1542 4832 cst
1582 4775 1778 4832 iterum
1821 4775 1888 4830 ad

288 4887 411 4929 eum
432 4872 642 4928 Nathan
672 4871 964 4944 propheta,
1003 4870 1096 4940 qui
1120 4869 1168 4926 ei
1205 4871 1366 4925 trium
1396 4869 1675 4938 optionem
1702 4868 1892 4924 condi-

287 4964 497 5020 tionum
535 4963 782 5030 offerret,
838 4972 895 5018 ut
946 4976 1106 5033 quam
1134 4961 1326 5027 vellet,
1378 4960 1606 5033 eligeret
1650 4960 1888 5018 :famem

360 5113 385 5140 η
428 5103 504 5156 Ita
552 5117 744 5159 omnes
791 5102 925 5158 edit.
967 5100 1064 5158 sed
1115 5100 1269 5156 locus
1300 5099 1457 5154 nobis
1486 5099 1738 5155 nonnihil
1769 5114 1889 5154 sus-

290 5183 591 5246 pectusest
613 5173 1037 5246 corruptionis;
1070 5171 1207 5246 forte
1236 5179 1415 5246 tamen
1457 5185 1564 5224 non
1599 5169 1892 5246 difﬁculter

292 5241 587 5314 sanandus,
627 5246 675 5300 si
722 5241 822 5317 pro
842 5245 1215 5308 amantissime,
1244 5241 1604 5296 substituatur
1633 5242 1886 5296 amantis-

292 5334 445 5372 811110.

363 5388 391 5426 h
434 5387 761 5442 Promiserat
791 5387 1078 5441 Ambrosio
1090 5383 1439 5454 Theodosius
1459 5383 1712 5454 injuriam
1735 5398 1888 5440 suam

293 5457 871 5514 Thessalonicensibus
892 5471 951 5511 se
980 5455 1329 5517 donaturum,
1352 5453 1446 5510 sed
1466 5453 1887 5526 purpuratorum

292 5543 514 5584 suorum
537 5529 798 5582 instinctu
829 5541 1018 5581 rursus
1034 5526 1100 5580 ad
1124 5526 1381 5580 ultionem
1404 5525 1642 5582 animum
1665 5525 1894 5584 reﬂexe-

293 5609 402 5664 rat,
432 5606 493 5651 ut
519 5597 677 5652 docet
700 5596 1033 5653 Paulinusin
1061 5596 1337 5652 Ambrosii
1358 5596 1496 5651 Vita.

371 5680 406 5740 ε-
433 5667 595 5740 Rom.
624 5666 926 5740 edit.__sola,
958 5685 1074 5722 cum
1101 5679 1335 5740 prapter,
1369 5675 1474 5722 etc.
1499 5667 1606 5724 Sed
1636 5669 1756 5725 sine
1801 5668 1897 5740 ad-

295 5737 486 5794 verbio
513 5736 828 5810 cum_nihilo
855 5740 1010 5810 pejus
1033 5736 1231 5810 sensus
1283 5747 1543 5810 constare
1589 5749 1792 5810 potest.
1821 5739 1902 5794 De

298 5823 402 5885 qua
428 5822 592 5882 porro
621 5808 869 5880 Synodo‘
897 5808 1250 5882 intelligenda
1278 5810 1389 5868 sint
1418 5808 1664 5881 subjecta
1714 5809 1902 5879 verba,

729 5905 1010 5972 ΡΑΤιιοι.
1060 5905 1234 6015 ξίνι.

1991 4683 2093 4738 etsi
2118 4681 2173 4737 in
2202 4681 2324 4737 aliis
2361 4694 2578 4752 quoque
2606 4679 2924 4746 laudabilis;
2959 4689 3139 4736 tamen
3183 4695 3323 4752 apex
3370 4691 3588 4739 tuorum

1993 4788 2220 4844 operum
2243 4774 2416 4844 pietas
2448 4787 2665 4843 semper
2696 4771 2817 4828 fuit.
2845 4770 2900 4827 Id
2952 4771 3049 4827 tibi
3086 4773 3279 4828 invidit
3305 4773 3552 4831 diabolus
3577 4817 3594 4843 ,

1993 4864 2138 4936 quod
2152 4865 2389 4922 habebas
2410 4863 3122 4936 prmstantissimumNince
3137 4865 3320 4934 eum,d
3329 4881 3414 4921 um
3431 4865 3599 4924 habes

1989 4958 2168 5015 adhuc
2213 4959 2354 5014 unde
2392 4959 2568 5030 possis
2612 4958 2852 5014 vincere.
2893 4956 3012 5013 Noli
3049 4968 3274 5027 peccato
3316 4969 3409 5016 tuo
3445 4960 3593 5016 aliud

1992 5098 2444 5154 controvertitur.
2477 5097 2608 5152 Eam
2641 5111 2767 5153 esse
2802 5105 3048 5152 autumat
3084 5098 3369 5163 Baronius,
3405 5098 3459 5153 in
3487 5113 3594 5167 qua

1993 5168 2317 5225 Jovinianus
2339 5169 2895 5251 ejusquesect-atores
2918 5167 3264 5251 condemnati
3293 5176 3445 5251 sunt.
3463 5169 3600 5225 Iler-

1994 5255 2229 5296 mannus
2258 5237 2442 5295 autem
2467 5237 2596 5295 licet
2620 5239 2675 5294 in
2707 5237 3174 5295 Elucidationibus
3202 5238 3520 5308 proﬁteatur
3541 5255 3601 5294 se

1993 5311 2130 5368 nihil
2152 5326 2260 5382 quo
2274 5311 2362 5366 illa
2381 5310 2565 5380 opinio
2591 5311 2679 5366 vel
2697 5317 2970 5382 astruatur
2987 5311 3074 5366 vel
3084 5309 3399 5382 destruatur
3415 5311 3600 5367 adver-

1991 5390 2144 5447 tere;
2172 5379 2458 5437 lib.tamen
2477 5391 2716 5451 vtt,'cap.
2741 5381 2794 5440 1.
2811 5379 3166 5451 Vitachmbr.
3187 5390 3378 5451 censet
3383 5383 3604 5451 episco-

1993 5467 2182 5524 porum
2203 5452 2358 5524 illum
2376 5449 2698 5524 conventum
2712 5459 2933 5524 propter
2944 5449 3271 5524 Itbacianos,
3282 5460 3352 5524 et
3365 5450 3601 5524 Felicem

1993 5521 2215 5580 ditecesi
2257 5521 2586 5578 Treverensi
2628 5523 2698 5577 ab
2716 5521 3165 5592 ’eis’impositum
3210 5523 3439 5578 coivisse
3468 5537 3483 5575 :
3508 5522 3608 5580 sed

1996 5610 2098 5653 nec
2113 5595 2278 5650 ullum
2292 5593 2576 5650 sententiae
2593 5608 2706 5649 sua:
2718 5593 3120 5649 ﬁrmamentum
3140 5595 3365 5663 ipsemet
3379 5593 3610 5662 profert.

2001 5667 2080 5724 De
2105 5667 2210 5723 hac
2238 5679 2374 5723 vero
2396 5664 2587 5720 ultima
2615 5663 2827 5736 synodo
2857 5664 3054 5722 iterum
3075 5680 3104 5720 a
3133 5663 3292 5722 nobis
3317 5663 3608 5727 dicendum

2004 5737 2125 5796 erit.

2969 5902 3047 5962 37
