4040 6166
369 5184 377 5191 ρ
482 5146 598 5203 bris
625 5147 694 5202 de
716 5146 879 5201 Civit.
910 5146 1023 5211 Dei,
1060 5157 1226 5213 atque
1246 5147 1403 5213 alibi,
1435 5147 1480 5203 Ο

462 288 604 350 1165

1825 287 2071 351 ΒᾹΝΟΤΙ
2109 288 2435 350 AMBROSII

3643 287 3782 352 1161

462 418 742 482 peccatum
770 407 998 474 addere;
1025 414 1087 463 ut
1113 418 1367 479 usurpes,
1388 406 1534 480 quod
1566 421 1859 480 usurpasse
1882 407 2067 465 multis
2094 411 2148 472 Α
2172 409 2476 471 militatem.
2536 406 2631 463 illa
2686 414 3061 478 contemptum
3109 423 3124 461 :
3156 406 3257 463 Dei
3311 408 3455 464 enim
3514 424 3616 465 vos
3672 420 3785 475 est,

465 501 659 559 ofﬁcit.

544 593 634 649 15.
667 593 779 663 Ego
820 600 969 648 certe
1016 593 1068 649 in
1102 589 1355 650 omnibus
1385 593 1510 649 aliis
1559 593 1686 650 licet
1710 591 1926 649 debitor
1955 592 2074 663 pie-

471 684 567 741 tati
600 695 725 750 tuae,
757 685 843 739 cui
874 685 1119 758 ingratus
1156 699 1278 741 esse
1318 700 1424 741 non
1476 700 1717 755 possum,
1765 699 1926 756 quam
1959 685 2071 755 pie-

471 788 635 835 tatem
668 777 853 834 multis
887 778 1310 848 imperatoribus
1358 778 1746 851 prazl‘erebarn,
1791 779 1884 833 uni
1933 776 2075 833 adu:-

472 872 706 944 quabam
734 888 747 925 :
774 886 906 943 ego,
961 871 1204 942 inquam,
1252 887 1475 929 causam
1521 872 1579 929 in
1619 880 1672 927 te
1713 870 2074 928 contumacia:

474 963 677 1020 nullam
730 962 926 1031 habeo,
982 961 1080 1020 sed
1130 962 1305 1021 habeo
1375 964 1631 1021 timoris:
1664 961 1921 1019 “offerre
1965 977 2072 1019 non

474 1054 653 1113 audeo
697 1056 1060 1122 sacrificium,
1094 1057 1141 1112 si
1196 1057 1435 1113 volueris
1480 1056 1763 1112 assistere.
1815 1055 1901 1110 An
1930 1053 2075 1125 quod

474 1150 529 1204 in
557 1148 715 1204 unius
739 1148 1052 1204 innocentis
1086 1149 1349 1221 sanguine
1368 1164 1475 1205 non
1516 1148 1666 1214 licet,
1696 1151 1750 1204 in
1779 1146 2074 1207 multorum

472 1241 601 1300 licet
621 1241 645 1295 'l
676 1239 791 1297 Non
821 1248 975 1313 puto.
1216 1231 1237 1244 ’

545 1333 636 1390 14.
659 1333 945 1390 Postremo
974 1332 1158 1389 scribo
1185 1348 1345 1389 manu
1379 1348 1523 1400 mea,
1550 1331 1694 1403 quod
1728 1332 1878 1388 solus
1903 1331 2073 1402 legas.

476 1428 552 1483 lta
580 1442 668 1485 me
696 1426 960 1487 Dominus
997 1425 1066 1485 ab
1097 1427 1350 1483 omnibus
1376 1426 1821 1483 tribulationibus
1851 1424 2075 1491 liberet;

474 1523 601 1592 quia
659 1535 768 1575 non
821 1520 891 1575 ab
942 1517 1185 1586 homine,
1239 1535 1417 1590 neque
1475 1534 1572 1590 per
1620 1518 1922 1584 hominem,
1978 1515 2077 1574 sed

474 1624 663 1685 aperte
690 1614 823 1669 mihi
843 1612 1190 1670 interdictum
1207 1613 1439 1670 adverti.
1452 1612 1586 1669 Cum
1611 1612 1759 1669 enim
1775 1626 1953 1668 essem
1970 1610 2081 1667 sol-

476 1708 683 1775 licitus,
714 1708 743 1748 δ
774 1710 891 1781 ipsa
916 1721 1078 1766 nocte
1099 1723 1205 1779 qua
1236 1707 1509 1777 proﬁcisci
1539 1708 1797 1778 parabam
1818 1748 1834 1773 ,
1867 1706 2081 1764 venisse

2170 502 2316 573 quod
2344 501 2499 561 malit
2546 509 2606 559 ut
2642 500 2738 557 ﬁat
2784 500 3101 557 mandatum
3142 500 3281 570 ejus,
3310 516 3474 573 quam
3501 501 3786 558 deferautr

2171 595 2515 653 sacrificium.
2557 593 2769 653 Clamat
2799 594 2947 651 istud
2972 594 3140 660 Deus,
3182 595 3251 650 ad
3274 596 3538 666 populum
3564 595 3786 668 Moyses

2174 687 2479 754 annuntiat,
2529 686 2596 742 ad
2654 688 2890 758 populos
2939 685 3141 742 Paulus
3174 685 3458 756 prrodieat.
3507 687 3569 743 Id
3614 687 3787 743 facito

2171 769 2318 849 quod
2365 779 2626 851 intelligis
2656 780 2710 835 in
2765 788 3013 851 tempore
3052 779 3177 849 plus
3221 778 3425 834 facere.
3477 777 3788 836 lim-icor-

2173 869 2337 937 diant,
2372 871 2580 942 inquit,
2610 870 2749 929 malo
2775 886 2933 942 quam
2977 869 3545 942 sacriﬁciuHKault.
3581 870 3781 941 “.43).

2183 962 2364 1030 Quare
2394 977 2500 1019 non
2538 962 2614 1019 illi
2644 963 2821 1033 magis
2849 963 2959 1021 sint
2987 961 3304 1028 Christiani,
3353 963 3453 1034 qui
3501 973 3785 1036 peccatum

2174 1053 2544 1113 condemnant
2605 1070 2786 1119 suum.
2840 1069 3005 1125 quam
3064 1055 3159 1126 qui
3208 1055 3506 1122 defendere
3554 1057 3785 1127 putant?

2176 1145 2365 1204 Justus
2410 1147 2556 1203 enim
2600 1148 2655 1204 in
2703 1147 2921 1205 exordio
2970 1149 3224 1205 sermonis
3261 1159 3536 1205 accmtor
3577 1159 3657 1206 est
3702 1150 3784 1205 sui

2177 1236 2362 1313 (Prov.
2397 1254 2547 1305 xvtn,
2596 1237 2710 1310 17).
2758 1238 2863 1307 Qui
2915 1233 2976 1296 se
3006 1248 3227 1296 accusat
3270 1255 3394 1296 cum
3445 1242 3781 1312 peccaverit,

2174 1333 2355 1406 justus
2381 1343 2490 1403 est,
2524 1350 2635 1391 non
2657 1334 2751 1391 ille
2774 1334 2866 1405 qui
2899 1349 2961 1391 se
2989 1333 3312 1391 laudaverit.

2254 1425 2341 1483 16.
2386 1426 2624 1494 Utinam.
2656 1426 2983 1498 Imperator,
3033 1427 3203 1483 etiam
3252 1434 3377 1483 ante
3413 1426 3546 1483 mihi
3596 1428 3786 1499 potius
3830 1470 3837 1481 .

2179 1518 2561 1584 credidissem,
2607 1535 2773 1590 quam
2839 1520 3227 1577 consuetudini
3273 1530 3399 1576 tua.
3454 1519 3593 1575 Cum
3644 1531 3786 1592 puto

2179 1611 2324 1681 quod
2354 1612 2465 1668 cito
2504 1611 2760 1682 ignoscis,
2791 1610 2901 1669 cito
2939 1626 3188 1677 revocas,
3221 1620 3284 1667 ut
3310 1626 3461 1681 sape
3483 1611 3703 1678 iecisti;
3732 1622 3790 1670 et

2182 1710 2240 1758 tu
2273 1714 2582 1774 preventus
2608 1721 2687 1770 es,
2723 1713 2778 1761 et
2805 1719 2909 1776 ego
2952 1720 3062 1763 non
3089 1703 3389 1773 declinavi,
3420 1704 3566 1775 quod
3593 1721 3789 1767 cavere

475 1801 694 1873 quidem
723 1803 872 1859 visus
911 1817 971 1859 es
996 1802 1066 1858 ad
1099 1801 1431 1864 Ecclesium;
1463 1800 1559 1857 sed
1597 1800 1729 1856 mihi
1751 1801 2077 1859 sacriﬁcium
2106 1799 2156 1860 B
2182 1810 2289 1851 non
2320 1796 2640 1853 debueram.
2668 1796 2775 1854 Sed
2815 1798 3021 1868 gratias
3050 1798 3303 1861 Domino,
3330 1798 3423 1869 qui
3454 1799 3570 1854 ruit
3596 1812 3786 1856 servu-

476 1893 680 1950 ot'ferre
711 1909 819 1951 non
851 1894 1026 1951 licuit.
1057 1894 1175 1949 Alia
1206 1903 1499 1965 praetereo,
1541 1901 1602 1950 ut
1647 1895 1797 1963 pomi
1838 1910 2035 1951 cavere
2064 1914 2080 1952 :

475 1987 574 2045 sed
604 1988 798 2059 pertuli
828 2003 1015 2044 amore
1048 1998 1173 2055 tuo,
1225 1995 1285 2043 ut
1326 1986 1589 2043 arbitror.
1619 1986 1886 2063 Dominus
1912 1987 2078 2047 faciat

476 2091 535 2137 ut
562 2081 750 2137 omnia
795 2095 918 2137 cum
952 2078 1349 2147 tranquillitate
1369 2078 1584 2134 cedant.
1611 2077 1907 2136 Muitifarie
1939 2080 2082 2137 Deus

479 2183 669 2230 noster
721 2170 1002 2238 admonet,
1066 2172 1238 2242 signis
1300 2170 1637 2239 coelestibus,
1692 2172 2084 2243 prophetarum

476 2266 767 2339 praeceptis
802 2284 817 2319 :
848 2266 1155 2321 visionibus
1195 2264 1361 2321 etiam
1411 2274 1779 2335 peccatorum
1809 2267 1923 2320 vult
1978 2280 2084 2322 nos

479 2360 822 2432 intelligere;
872 2372 982 2430 quo
1033 2373 1291 2430 rogemus
1344 2373 1493 2424 eum,
1537 2369 1595 2413 ut
1646 2358 2084 2428 perturbationes

480 2452 709 2521 auferat,
740 2469 928 2525 pacem
968 2453 1127 2510 vobis
1156 2453 1554 2524 imperantibus
1574 2462 1776 2521 servet,
1816 2454 1951 2512 tides
1981 2455 2085 2513 Ee-

480 2546 662 2603 clcsiaa
689 2558 744 2603 et
779 2547 1145 2618 tranquillitas
1173 2555 1510 2616 perseveret,
1551 2547 1640 2605 eui
1666 2547 1892 2618 prodest
1913 2547 2087 2604 chris-

481 2642 659 2697 tianos
683 2648 739 2696 et
758 2638 879 2711 pios
908 2653 1032 2696 esse
1056 2640 1439 2709 imperatores.

556 2732 643 2788 ts.
676 2733 835 2787 Certe
864 2731 947 2785 vis
974 2731 1197 2799 probari
1239 2731 1371 2791 Deo.
1402 2730 1593 2787 Omnis
1623 2729 1705 2787 rei
1751 2738 1987 2803 tempus,
2027 2739 2087 2788 ut

482 2823 744 2894 scriptum
807 2831 894 2878 est
948 2821 1257 2895 :Tempus,
1317 2823 1512 2895 inquit,
1575 2825 1825 2897 faciendi,
1864 2823 2087 2883 Domina

486 2915 714 2989 (Eccles.
746 2932 825 2978 ιιι,
862 2913 954 2988 1);
986 2924 1042 2969 et
1082 2933 1096 2969 :
1131 2913 1353 2982 Tempus
1402 2914 1709 2985 beneplaciti
1734 2914 1878 2975 Deus
1908 2915 2084 2989 (Paul.

485 3023 673 3073 cxvm,
697 3007 846 3079 126).
870 3004 1027 3062 Tunc
1047 3003 1274 3074 offeres,
1298 3022 1421 3063 cum
1446 3009 1786 3065 sacriﬁcandi
1809 3011 2090 3080 acceperis

486 3099 826 3163 facultatem,
892 3096 1115 3167 quando
1171 3098 1345 3154 hostia
1412 3111 1504 3157 tua
1554 3111 1777 3173 accepta
1826 3105 1894 3158 sit
1949 3104 2083 3162 Deo.

2181 1890 2265 1946 los
2313 1903 2447 1945 suos
2491 1890 2783 1960 castigare,
2824 1904 2893 1946 ne
2929 1889 3137 1962 ιωι
3183 1888 3397 1962 perdat.
3448 1888 3601 1946 Istud
3650 1890 3786 1946 mihi

2179 1998 2469 2041 commune
2496 1993 2583 2041 est
2624 1999 2749 2043 cum
2796 1984 3100 2056 prophetis,
3148 1994 3205 2041 et
3233 1984 3337 2040 tibi
3358 1984 3466 2041 erit
3490 1999 3789 2042 matutine

2179 2091 2308 2134 cum
2339 2078 2564 2133 sanctis.

2257 2172 2344 2227 17.
2387 2174 2470 2227 An
2522 2187 2624 2242 ego
2653 2184 2673 2212 ε
2703 2171 2953 2230 Gratiani
3005 2183 3216 2244 patrem
3262 2188 3373 2230 nou
3421 2172 3599 2231 oculis
3642 2172 3786 2229 meis

2184 2263 2511 2335 praeferam?
2538 2265 2752 2323 Debent
2781 2266 2998 2323 veniam
3026 2276 3218 2323 saneta
3255 2267 3365 2323 alia
3407 2267 3635 2338 pignora
3668 2274 3783 2322 tua.

2185 2354 2353 2412 Dulce
2376 2356 2511 2413 mihi
2534 2371 2736 2414 nomen
2755 2356 3008 2422 antetuli,
3031 2357 3234 2428 quibus
3262 2372 3511 2414 meum
3536 2372 3784 2421 cocuntu-

2185 2448 2329 2505 niter
2348 2447 2542 2505 detuli.
2570 2448 2731 2518 Amo,
2764 2450 2954 2521 dilige,
2981 2451 3330 2515 orationibpa
3354 2466 3687 2523 prosequor.
3730 2450 3789 2508 Si

2180 2542 2390 2611 credis,
2419 2557 2694 2614 sequere;
2725 2544 2795 2611 si,
2826 2544 3071 2612 inquam,
3116 2545 3321 2611 credis,
3350 2560 3592 2618 agnosce
3642 2546 3788 2616 quod

2180 2634 2311 2693 dico
2345 2654 2359 2690 :
2389 2635 2439 2692 si
2474 2651 2584 2693 non
2632 2636 2831 2704 αοῶι,
2893 2637 3111 2708 ignosce
3157 2637 3305 2705 quod
3350 2637 3512 2706 facio,
3570 2639 3629 2693 in
3676 2653 3788 2709 quo

2190 2727 2357 2784 Deum
2390 2726 2644 2797 oratore.
2691 2727 3051 2787 Beatisaintus
3078 2736 3137 2785 et
3184 2728 3612 2785 ﬂorentissimus
3660 2745 3785 2786 eunt

2188 2818 2391 2877 sanctis
2427 2819 2746 2890 lugubribus
2798 2819 3000 2879 iuraris
3056 2821 3457 2893 usuquillitste
3494 2832 3783 2894 perpetua,

2190 2910 2494 2983 Imperator
2519 2927 2767 2985 auguste.

2709 3005 2738 3047 ἀ
2770 3006 3106 3069 ΕΡΙΒΤΘΒΔ
3146 3008 3260 3070 ιιι.

2191 3098 2435 3157 Tum
2464 3115 2676 3159 causata
2703 3117 2797 3159 cur
2828 3102 2889 3157 in
2909 3102 3117 3173 judicio
3166 3117 3289 3157 curn
3322 3111 3475 3175 cepte
3518 3101 3787 3163 abeundo

484 3189 679 3245 Nonne
730 3205 816 3243 me
846 3187 1148 3244 delectaret
1175 3188 1383 3247 habere
1427 3192 1657 3260 gratiam
1708 3192 2079 3265 imperatoris,
2110 3182 2157 3248 C
2258 3194 2457 3259 timeat,
2490 3194 2746 3251 suum
2800 3196 3119 3266 gratulatus,
3170 3196 3221 3252 ei
3263 3206 3321 3251 ut
3360 3196 3572 3268 facilem
3620 3213 3678 3253 se
3717 3198 3786 3253 ad

486 3293 546 3339 ut
577 3282 879 3338 secundum
919 3281 1252 3337 voluntatem
1276 3289 1425 3336 tuam
1456 3297 1700 3357 agerem,
1732 3285 1780 3340 si
1800 3300 1966 3343 causa
1992 3303 2090 3359 pa-

486 3374 730 3432 teretur?
760 3375 825 3429 Et
852 3372 1087 3444 simplex
1111 3371 1292 3429 oratio
1314 3376 1640 3433 sacriﬁcium
1673 3389 1759 3439 est
1790 3395 1804 3432 :
1848 3379 1967 3436 haec
1992 3396 2090 3438 ve.

486 3472 632 3527 niam
678 3470 869 3536 refert,
921 3468 1008 3524 illa
1050 3466 1446 3536 offensionem;
1478 3470 1603 3541 quia
1628 3470 1753 3529 haec
1801 3471 1964 3531 habet
1991 3473 2092 3531 hu-

560 3663 587 3694 α
632 3652 733 3711 llic
774 3650 1139 3724 episcopalem
1192 3653 1575 3708 auctoritatem
1613 3652 1860 3713 ofﬁciosa
1904 3656 2084 3714 indui-

485 3727 666 3800 gentia
697 3734 965 3800 temperat
989 3724 1183 3800 beatus
1209 3724 1559 3800 Ambrosius.
1601 3724 1745 3800 Alibi
1778 3743 1909 3800 vero
1932 3726 2084 3785 illum

485 3794 729 3855 Severius
772 3797 952 3868 egisse
1005 3794 1494 3868 animadvertimus
1524 3810 1647 3852 cum
1701 3796 2085 3855 Valentiniano

483 3872 728 3941 juniore.
759 3865 887 3941 dum
915 3882 1040 3922 euut
1088 3865 1239 3941 aditu
1274 3866 1964 3941 Ecclesiarprobibendum
2014 3872 2084 3927 ab

484 3936 776 4013 gpiscopis,
833 3940 1058 4013 ejusque
1104 3936 1245 4013 dona
1298 3936 1595 4013 rejicienda
1659 3942 1938 4013 minitatus
1975 3951 2081 4002 est.

486 4002 815 4067 Intmoiler‘o
854 4002 914 4065 Et
939 4002 1308 4084 Theodosium
1328 4002 1516 4084 ipsum
1548 4002 1799 4067 acerbius
1829 4014 2080 4084 increpa-

485 4084 588 4161 vit,
633 4096 755 4135 cum
790 4081 1061 4161 _eumdem
1109 4081 1162 4135 in
1214 4079 1538 4161 Eccleiianr
1564 4098 1662 4161 per
1710 4085 1817 4161 vim
1866 4079 2078 4161 ingredi

486 4153 627 4226 velle
658 4152 961 4226 suspicatus
989 4161 1155 4226 esset,
1186 4152 1461 4226 utnarr‘at
1500 4152 1763 4210 Paulinus
1803 4156 1858 4210 in
1907 4152 2081 4226 ipsius

490 4223 632 4278 Vita.
656 4222 763 4278 Sed
786 4225 989 4278 sanctis
1013 4222 1288 4291 episcopis
1327 4222 1381 4278 id
1425 4227 1599 4279 moris
1645 4235 1782 4290 erat,
1814 4236 1870 4282 ut
1900 4222 1955 4282 et
1982 4228 2076 4283 ad-

485 4306 677 4350 versus
706 4292 940 4348 humiles
990 4308 1052 4347 ac
1104 4293 1497 4366 resipiscentes
1540 4295 1931 4366 indulgentiam
1968 4315 2080 4365 prin

485 4381 547 4421 se
591 4366 816 4430 ferrent,
861 4364 1313 4435 etAseverltatem
1342 4364 1737 4435 distringerent
1790 4370 1842 4423 in
1885 4364 2081 4425 contu-

487 4450 691 4493 maces.
736 4435 889 4492 Unde
914 4433 1242 4507 Cyprianus,
1263 4436 1426 4505 epist.
1456 4433 1569 4501 55,‘
1591 4437 1763 4507 antiq.
1798 4439 1933 4492 edit.
1969 4458 1983 4493 :
2018 4440 2080 4495 Si

486 4479 1549 4578 ἓίέιῗιῖιῖὲεηῖἶζῦἦιῗῖἶὶὶιῖῖὶζᾞῶτῖῐιιἨ
1578 4479 1763 4563 εἷ’ὶῖἔ
1784 4479 2082 4566 animi.
2107 4479 2162 4540 Ῑ)

488 4574 590 4633 non
630 4578 886 4649 precibus,
941 4574 1219 4650 srd_'mint‘_s
1244 4574 1468 4647 regredi
1511 4592 1755 4650 possenu
1806 4597 1899 4650 pro
1946 4595 2083 4639 certo

489 4647 706 4704 habeant
747 4660 924 4703 contra
984 4648 1113 4701 tum
1159 4647 1393 4705 clausam
1437 4656 1575 4704 stare
1640 4647 1927 4707 Ecclesium
1965 4651 2080 4709 Do-

557 4792 583 4831 ι’
614 4791 732 4849 Non
756 4789 936 4846 omnia
986 4790 1199 4845 somnia
1243 4789 1360 4847 sive
1391 4802 1687 4849 nocturnas
1716 4794 1953 4851 visiones
1993 4813 2081 4853 re-

481 4863 745 4934 jicicbant
778 4861 1218 4934 antiquiPatrcs,
1253 4863 1381 4934 quin
1407 4863 1573 4934 immo
1617 4882 1722 4919 non
1748 4868 1911 4924 modo
1949 4866 2079 4925 Am-

489 4928 730 5010 brosium
790 4928 1088 5010 deﬁtultis
1132 4928 1568 5010 apparitionibus
1617 4943 1891 5010 tamquam
1940 4938 2078 4994 divi-

484 5008 629 5060 nitus
669 5004 924 5059 immissis
953 5002 1184 5059 subinde
1236 5004 1383 5074 loqui
1412 5002 1927 5075 auidmavert'imus,
1979 5010 2075 5067 sed

484 5076 1002 5149 etiamCyprianutn
1029 5074 1473 5149 pluribusitocis,
1505 5076 1867 5149 Augustinum
1913 5074 1965 5136 in
2014 5083 2078 5138 li-

1483 5149 1756 5216 r¢gorium
1789 5150 1841 5206 in
1874 5151 1985 5208 'lib.
2021 5169 2074 5210 tv

484 5218 691 5303 Dialog.
724 5218 897 5303 enin
927 5216 1202 5303 Hominis,
1243 5218 1497 5290 aliosque
1540 5220 1882 5278 benemultos
1935 5239 2072 5296 quos

480 5298 968 5360 pmtertttittimus.

556 5370 578 5397 ε
630 5359 842 5430 Ambigi
908 5366 1092 5431 potest
1160 5359 1446 5430 cuiusnam
1521 5362 1766 5418 Gratiani
1828 5360 1922 5421 hic
1975 5365 2072 5422 flat

476 5431 986 5507 mentio;_Etteertas
1026 5431 1111 5507 vir
1134 5432 1352 5507 quidem
1378 5431 1803 5507 ⁸εισι-ιιεΐῒιὶεεὶπτιιις
1851 5436 2072 5507 scripsit

476 5518 585 5557 non
601 5501 826 5572 ,ιιι-1111⁵11
846 5502 1050 5558 exstrue
1076 5501 1497 5572 stmbrosiiulaco
1522 5516 1628 5559 nec
1657 5508 1767 5559 non
1784 5521 1857 5562 ex
1886 5501 2069 5567 verbis

474 5571 722 5642 Gregorii
750 5572 1139 5644 {ipsum
1168 5571 1464 5644 Honorium
1489 5576 1542 5627 et
1567 5573 1861 5632 Arcadimn
1888 5578 2068 5634 Then-

474 5642 918 5715 dostiwtil'ros‘par
960 5644 1222 5715 aitet-um,
1245 5642 1313 5699 de
1356 5645 1557 5715 quibus
1596 5656 1848 5703 auctnres
1893 5647 2065 5708 ferme

470 5714 688 5779 sileant,
735 5712 1152 5782 se‘neperisse,
1188 5712 1507 5770 Gratianmn
1564 5715 1777 5772 scilicet
1826 5730 1881 5773 et
1933 5718 2062 5776 Pul-

472 5782 737 5833 cheriam.
791 5782 866 5836 De
926 5782 1209 5838 l’ulcheria
1263 5783 1519 5855 quidem,
1584 5802 1745 5859 quam
1795 5786 2062 5849 Baronius

2263 3288 2679 3358 componendum
2705 3288 2948 3358 nrrabunt,
2977 3288 3185 3349 suadet.

2667 3389 2691 3418 ε
2716 3379 3027 3439 Msenatus
3063 3380 3317 3437 Ttrmto.

2262 3476 2315 3531 1..
2357 3474 2518 3533 Venit
2548 3474 2642 3533 tibi
2669 3475 2935 3533 innocens
2961 3476 3210 3545 victoria,
3254 3475 3463 3533 utsine
3486 3476 3600 3535 vati
3639 3491 3787 3533 ann-

2187 3658 2394 3729 aliique
2432 3660 2606 3731 multi
2658 3669 2981 3731 agnoscunt,
3032 3661 3181 3718 nulla
3233 3661 3617 3723 cmtmonia
3656 3672 3781 3720 est:

2186 3744 2375 3785 verum
2412 3730 2771 3804 degratiano
2810 3732 2951 3791 haud
3000 3733 3070 3788 ita
3124 3735 3437 3804 expeditum
3462 3734 3629 3803 tuerit
3658 3749 3786 3804 pro—

2187 3751 2375 3785 verum
2412 3751 2480 3786 uc
2507 3751 2771 3788 urauano
2812 3751 2951 3791 naua
3000 3751 3070 3788 1ιῆ
3124 3751 3437 3804 expetuntur
3462 3751 3629 3803 Mm
3678 3796 3685 3801 ζ
3727 3751 3784 3791 ο-

2183 3803 2882 3876 nuntiare._Etenirnlocus
2918 3803 3189 3876 Gregorii,
3223 3804 3314 3876 qui
3339 3804 3440 3860 sub
3464 3805 3623 3860 finem
3650 3751 3784 3863 8:11-

2185 3874 2349 3928 tionis
2372 3875 2425 3928 in
2458 3873 2646 3947 funere
2675 3873 2944 3930 Flaccilla:
2968 3873 3214 3942 habetur,
3242 3873 3298 3931 et
3329 3892 3437 3947 quo
3479 3877 3568 3932 ille
3593 3889 3784 3933 auctor

2187 3955 2419 4015 quatuor
2467 3946 2696 4012 liberos,
2755 3956 2864 4002 tres
2913 3948 3186 4001 masculos
3234 3946 3453 4004 scilicet
3500 3963 3567 4004 ac
3618 3951 3781 4003 tiliam

2189 4031 2372 4089 unam,
2402 4016 2731 4089 Theodosio
2783 4016 2992 4074 diserte
3038 4017 3265 4077 attribui
3312 4020 3419 4077 sibi
3453 4021 3780 4089 nuntiarint;

2184 4088 2254 4159 ita
2289 4088 2552 4159 explicari
2582 4089 2869 4145 commode
2925 4096 3125 4158 potest,
3175 4098 3234 4144 ut
3276 4105 3308 4144 e
3360 4088 3530 4159 tribus
3571 4090 3725 4147 liberi

2181 4157 2320 4213 duos
2350 4152 2443 4229 qui
2469 4159 2642 4215 virilis
2687 4175 2852 4215 sexus
2879 4152 3085 4228 essent,
3113 4152 3324 4215 ’marito
3350 4152 3606 4217 Flacciﬂa
3654 4152 3784 4217 reli2

2139 4243 2149 4253 '
2183 4230 2382 4298 querit,
2412 4240 2684 4301 tamquam
2717 4231 2786 4286 ad
2830 4231 3047 4298 imperii
3087 4231 3467 4290 defensionem
3511 4233 3779 4289 idoneos:
3824 4250 3837 4256 '

2187 4301 2305 4373 ipsa
2328 4317 2460 4358 vero
2487 4303 2660 4373 solam
2692 4302 2858 4373 filiam
2913 4303 3018 4358 sibi
3060 4304 3371 4363 retinuerit.
3420 4303 3573 4373 Quod
3598 4314 3779 4365 autem

2186 4371 2509 4429 Ambrosius
2570 4372 2673 4429 hoc
2723 4372 2847 4429 loco
2901 4373 3039 4429 dicit
3082 4374 3152 4430 de
3193 4371 3478 4443 Gratiano,
3555 4391 3663 4430 non
3712 4376 3781 4432 de

2187 4457 2315 4516 vero
2337 4454 2393 4498 et
2421 4459 2519 4515 per
2537 4446 2819 4516 sanguinis
2850 4446 3298 4515 propagationem
3328 4456 3447 4500 sato
3472 4444 3585 4501 tilio
3617 4446 3778 4503 intel-

2189 4513 2676 4591 iigaun-{necesse
2721 4528 2838 4582 est;
2871 4528 2994 4571 cum
3028 4513 3399 4591 imperatores
3443 4526 3604 4591 aetate
3656 4534 3780 4587 pro.

2187 4585 2453 4643 vectiores
2475 4586 2759 4657 juniorutn
2788 4585 3130 4662 quamquam
3159 4589 3345 4644 alieno
3365 4589 3583 4662 semine
3602 4585 3780 4662 prog-

2186 4667 2435 4728 natorum
2470 4669 2742 4726 parentes,
2773 4667 2831 4715 et
2879 4658 3130 4728 jnniores
3154 4658 3472 4717 earumdem
3496 4658 3777 4721 seniorum

2186 4727 2488 4798 principum
2517 4729 2658 4784 tllios
2701 4728 2806 4786 dici
2851 4727 3204 4786 censoevisse
3258 4730 3457 4795 passim
3506 4730 3777 4789 indicetur

2182 4801 2252 4873 ab
2278 4800 2586 4873 Ambrosio.
2616 4801 2709 4856 Sic
2734 4803 2895 4873 epist.
2926 4800 3015 4866 17,
3044 4817 3099 4857 n.
3132 4803 3219 4866 ii,
3249 4801 3621 4873 Theodosium
3674 4802 3775 4855 Va-

2186 4869 2487 4943 lentiniani
2520 4873 2748 4929 secuntli
2772 4869 3005 4941 'patrem
3033 4874 3303 4943 appeilat;
3355 4871 3440 4929 sic
3468 4874 3647 4943 epist.
3679 4874 3770 4941 24,

2183 4958 2244 5017 ιιἱ
2269 4942 2322 5007 7,
2357 4942 2642 5017 Maximum
2669 4953 2957 5017 tyrannum
3003 4942 3363 5014 conquestum
3391 4942 3584 5017 refert,
3628 4946 3773 5015 quod

2179 5010 2245 5066 ad
2272 5027 2332 5068 se
2369 5010 2779 5070 Valentinianus
2808 5031 2915 5068 non
2968 5010 3178 5069 venerit
3205 5017 3355 5083 quasi
3375 5015 3520 5081 ﬁlius
3560 5010 3770 5081 ad'pn-

2179 5093 2328 5148 trem,
2358 5085 2452 5139 sed
2493 5087 2662 5141 multo
2691 5085 2890 5142 clarius
2933 5086 3095 5153 cpiSt.
3128 5086 3218 5152 53,
3254 5100 3406 5142 num.
3434 5084 3491 5152 5,
3520 5087 3770 5150 eumdem

2182 5153 2618 5227 Yalentinianum
2666 5160 2767 5214 etsi
2796 5157 2907 5227 jam
2955 5155 3063 5211 vita
3097 5157 3340 5213 iunctum
3373 5159 3572 5227 vncilat
3603 5154 3771 5217 (ilium

2177 5222 2489 5300 Theodosii.
2515 5228 2584 5300 ξι
2604 5227 2729 5285 hinc
2748 5222 2944 5300 collige
2965 5227 3236 5298 quomodo
3248 5226 3493 5289 Gratiani
3517 5239 3673 5299 pater
3687 5228 3772 5286 hic

2175 5296 2281 5352 dici
2316 5298 2485 5365 possit
2511 5298 2871 5356 Theodosius.

2246 5366 2273 5406 ἀ
2306 5368 2528 5439 Scripta
2552 5371 2695 5427 circa
2721 5386 2921 5426 annum
2953 5369 3083 5429 592.

2248 5447 2272 5476 ο
2303 5437 2461 5512 Rom.
2492 5441 2794 5512 edit._sola.
2822 5440 3093 5512 episc0pus
3122 5438 3347 5497 Titiana.
3383 5438 3772 5512 Titianusiau-

2173 5516 2279 5586 Em
2314 5510 2422 5586 ille,
2477 5523 2572 5565 seu
2624 5510 2881 5586 Tatianus
2908 5510 3007 5586 (ita
3062 5513 3208 5586 cnim
3247 5521 3516 5586 vocatum
3547 5512 3604 5567 in
3633 5511 3768 5568 Cod.

2171 5576 2377 5653 Theod.
2410 5589 2572 5653 atque
2596 5582 2720 5638 alibi
2752 5576 3077 5653 reperimus)
3110 5582 3288 5653 magni
3338 5582 3520 5638 meriti
3548 5599 3613 5639 ac
3642 5598 3771 5640 auc—

2171 5652 2415 5727 toritatis.
2434 5650 2573 5727 fuit,
2597 5654 2687 5727 qui
2720 5650 3036 5727 dignitatem
3059 5650 3307 5727 praefecti
3338 5654 3770 5727 praetoribgessit

2169 5721 2272 5797 sub
2303 5716 2994 5797 Theodosio-imperatore.
3034 5716 3137 5797 sub
3154 5716 3641 5797 quugt'iannﬁiius'
3656 5725 3774 5797 eius

2169 5742 2272 5777 suo
2312 5742 2613 5806 Ineouosio
2665 5742 2994 5797 ntperatore,
3034 5742 3629 5807 suuquusuannnttus
3656 5742 3773 5794 eius

2168 5790 2402 5857 Proetus
2468 5805 2589 5863 sive
2645 5742 2924 5856 xProculus
2983 5793 3227 5869 pmfectt
3262 5794 3773 5872 .Couttsutiuupolis
