4076 6172
315 281 447 335 ΗΒό

1491 285 1981 346 ειιιδτοιιιιυιι
2018 287 2301 348 CLASSIS
2342 291 2379 346 Ι.

3464 295 3600 356 illiti

305 395 541 452 ritndine
571 396 796 466 potiaris
823 390 1068 454 victoria:
1120 400 1448 466 securitate;
1477 401 1707 457 Ruﬁnus
1753 403 1897 459 enim
1929 415 1982 474 Α
2008 411 2168 459 taret.
2196 402 2349 472 Quod
2378 417 2482 474 ego
2537 418 2645 460 non
2672 419 2774 476 pro
2812 407 3194 463 recordatione
3250 409 3463 480 injuria:
3511 428 3601 470 ve-

303 505 366 542 es
401 490 662 560 magistro
685 492 990 546 ciliciorum
1024 492 1206 549 lactus
1234 503 1320 550 est
1350 495 1404 549 in
1450 497 1734 551 consulatu
1765 512 1903 566 pra:-

306 580 478 636 lectus
544 585 801 652 prattorio
843 600 950 640 :ac
1004 601 1102 655 per
1143 586 1246 642 hoc
1274 595 1298 624 ι
1326 588 1450 658 plus
1507 601 1668 658 posse
1712 589 1901 660 capit,

305 673 399 728 sed
452 673 545 728 tibi
571 675 683 744 jam
740 675 873 730 nihil
919 677 1151 743 obesse;
1186 688 1269 734 est
1295 681 1439 734 enim
1489 681 1717 736 aliarum
1763 697 1903 751 pra!-

305 768 477 824 l‘ectns
511 775 773 838 partium.
804 771 832 810 δ
861 771 1032 840 Quam
1071 773 1285 844 gaudeo
1327 775 1410 829 vel
1464 775 1565 841 illi,
1600 785 1657 830 ut
1695 778 1899 840 amico;

300 863 422 932 quia
455 864 662 919 honore
691 874 904 928 auctus,
937 867 1146 920 invidia
1175 868 1387 923 levatus
1417 877 1501 923 est
1534 885 1548 922 :
1583 869 1665 924 vel
1692 869 1812 935 tibi,
1845 878 1903 923 ut

301 956 440 1022 lilio;
473 958 598 1027 quia
632 958 900 1014 liberatus
943 976 1003 1015 es
1033 961 1103 1015 ab
1129 977 1216 1028 eo,
1249 977 1410 1032 quem
1444 963 1544 1017 tibi
1593 965 1900 1034 graviorem

295 1055 533 1124 judicem
588 1057 963 1122 arbitrabare;
1009 1068 1066 1112 ut
1118 1059 1162 1114 si
1211 1059 1279 1115 de
1325 1060 1548 1130 negotio
1591 1060 1901 1116 delinireris

297 1161 422 1201 cum
478 1159 566 1203 tua
612 1159 817 1219 nepte,
880 1151 1100 1222 pietatis
1174 1160 1280 1206 tute
1330 1153 1446 1218 sit,
1527 1168 1634 1206 non
1713 1150 1902 1205 tormi-

300 1241 464 1296 dinis.

369 1332 424 1386 2.
449 1332 684 1403 Ideoque
712 1333 1016 1404 promptior
1047 1346 1168 1390 esto
1186 1335 1477 1400 decisioni,
1506 1336 1662 1406 cujus
1691 1345 1746 1392 et
1772 1351 1898 1406 spes

296 1425 494 1497 potior,
528 1436 580 1481 et
610 1427 818 1481 fructus
837 1437 943 1482 est.
973 1427 1132 1497 Spes,
1163 1427 1290 1497 quia
1321 1437 1476 1498 pater
1510 1439 1532 1466 ο
1565 1430 1740 1499 neptis
1768 1437 1896 1493 tuae,

293 1519 386 1590 qui
414 1519 482 1575 de
529 1519 676 1574 illius
704 1520 974 1574 sententia
1006 1520 1106 1574 sibi
1160 1520 1454 1590 plurimum
1493 1519 1893 1587 blandiebotur,

288 1611 402 1680 jam
434 1611 580 1681 quod
611 1611 679 1668 de
708 1627 776 1666 eo
803 1620 1006 1682 speret,
1061 1627 1170 1666 non
1203 1611 1405 1676 habet;
1473 1613 1568 1667 ille
1619 1611 1763 1667 enim
1791 1613 1894 1666 alia

292 1714 472 1770 curat,
504 1706 776 1775 praeterita
807 1704 1050 1775 negligit,
1088 1705 1173 1760 vel
1226 1720 1350 1760 cuin
1398 1704 1511 1771 illo,
1563 1705 1707 1771 quod
1767 1714 1895 1760 tunc

2010 494 2142 548 teris
2188 496 2525 566 exprompsi,
2576 498 2672 552 sed
2722 513 2819 567 pro
2848 500 3164 557 testimonio
3201 505 3598 561 conversionis.

2007 583 2146 640 illud
2187 587 2332 641 enim
2361 587 2620 655 alienum,
2663 590 2764 644 hoc
2817 606 2999 658 suum,
3041 593 3187 662 quod
3217 608 3245 646 a
3281 603 3332 650 te
3363 596 3597 652 infusum

2006 679 2110 733 sibi
2142 681 2212 734 ita
2243 682 2437 745 tenuit,
2488 691 2549 737 ut
2573 685 2762 739 matris
2795 689 3208 756 persuasionem
3259 692 3598 747 excluderet.

2005 770 2103 826 ille
2140 786 2200 828 se
2231 789 2261 827 a
2296 789 2384 830 me
2415 776 2680 830 nutritum
2729 777 3090 847 praeferebat,
3123 781 3220 838 ille
3258 792 3318 837 ut
3347 785 3595 843 sedulum

2007 875 2217 933 patrem
2247 866 2625 934 desiderabat,
2666 870 2759 925 ille
2792 872 3051 928 simulato
3077 889 3107 928 a
3138 875 3465 944 quibusdam
3496 881 3599 934 ad—

2007 969 2201 1014 ventus
2227 962 2329 1014 mei
2359 963 2576 1028 nuntio,
2614 964 2965 1034 impatienter
2989 969 3424 1037 prtestolabatur.
3454 973 3595 1041 Quin

2003 1054 2168 1106 etiam
2199 1053 2306 1108 illis
2351 1055 2482 1124 ipsis
2515 1056 2720 1126 publici
2755 1057 2962 1114 doloris
2983 1059 3206 1127 diebus,
3245 1061 3410 1118 tcum
3438 1079 3596 1120 sanc-

2004 1153 2090 1199 tos
2115 1156 2170 1200 et
2205 1159 2454 1202 summos
2482 1149 2801 1204 sacerdotes
2835 1151 3050 1207 Domini
3090 1154 3232 1209 intra
3261 1155 3468 1211 Gallias
3502 1158 3595 1213 Ita-

2000 1237 2190 1303 beret;
2229 1249 2288 1294 ut
2317 1255 2345 1292 a
2379 1256 2468 1296 me
2499 1249 2682 1297 tamen
2724 1245 3087 1301 sacramentis
3115 1246 3462 1317 baptismatis
3492 1251 3596 1304 ini-

2002 1331 2264 1398 tiaretur,
2290 1331 2638 1389 scribendam
2672 1335 2972 1392 arbitratus
3014 1348 3097 1394 est
3123 1358 3136 1394 :
3167 1341 3311 1410 quod
3339 1344 3442 1398 etsi
3487 1361 3592 1398 non

1995 1423 2431 1492 rationabiliter,
2463 1427 2777 1484 amabiliter
2802 1437 2982 1484 tamen
3011 1446 3140 1503 erga
3168 1447 3256 1488 me
3285 1448 3444 1490 suum
3473 1445 3591 1492 stu-

1997 1517 2145 1571 dium
2176 1518 2500 1576 testiﬁcatus
2527 1531 2630 1576 est.

2067 1610 2119 1662 5.
2147 1608 2303 1665 Hunc
2325 1627 2458 1682 ergo
2477 1613 2799 1669 noniatitno
2821 1617 3080 1674 anhelent
3101 1620 3319 1688 Spiritu,
3338 1623 3593 1678 secretis-

1995 1716 2103 1771 que
2121 1705 2326 1759 mentis
2353 1715 2521 1774 atque
2543 1707 2712 1760 animi
2743 1708 3046 1764 visceribus
3073 1713 3418 1781 amplectar?
3443 1715 3597 1768 iiunc

290 1801 537 1870 gert-bit,
569 1799 824 1869 deposuit
848 1797 1030 1854 ofﬁcio
1057 1816 1070 1853 :
1099 1800 1201 1853 iste
1233 1799 1432 1869 negotii
1487 1799 1569 1852 sui
1612 1800 1892 1862 meritum,
1927 1797 1972 1858 Β
2001 1793 2136 1848 mihi
2161 1804 2435 1850 mortuum
2469 1798 2693 1866 putem?
2717 1797 2894 1853 immo
2921 1802 3086 1856 mihi:
3110 1804 3281 1875 magis
3298 1815 3594 1860 mortuum.

291 1907 399 1946 non
446 1890 736 1946 sententizc
782 1901 1072 1959 patronum
1105 1891 1439 1946 considerat.
1473 1890 1542 1945 Et
1568 1890 1779 1945 fructus
1806 1891 1895 1958 ju-

288 1983 522 2038 cundior
559 1992 664 2050 est,
701 1994 757 2036 ιιι
813 1983 910 2037 tibi
939 1983 1210 2040 referatur
1249 1983 1550 2039 decisionis
1575 1986 1771 2054 gratia,
1801 1984 1893 2053 qui

290 2079 542 2148 potueris
581 2078 692 2149 jam
725 2095 1010 2150 spernere,
1038 2088 1093 2135 et
1141 2095 1246 2134 non
1302 2080 1600 2150 spreveris,
1639 2080 1892 2148 pietatem

287 2183 545 2243 spectans
597 2172 1040 2238 necessitudinis,
1072 2187 1181 2227 non
1228 2173 1508 2228 stimulum
1553 2170 1888 2227 oﬂensionis.

289 2263 446 2328 Vale,
477 2274 531 2319 et
563 2279 662 2318 nos
685 2264 871 2336 dilige,
908 2275 968 2319 ut
1018 2265 1200 2328 liiius;
1253 2263 1377 2334 quia
1424 2277 1524 2318 nos
1572 2268 1657 2327 te,
1714 2272 1773 2316 ιιι
1803 2277 1895 2332 po-

287 2368 496 2426 rcntes,
522 2359 820 2430 diligimus.

688 2452 896 2524 1003
927 2450 954 2488 ιι
987 2450 1320 2507 EPISTULA
1366 2451 1496 2506 un.

287 2543 512 2598 Causam
560 2544 752 2598 silentii
795 2546 874 2596 sui
915 2545 1154 2615 aperiens
1188 2587 1202 2609 ,
1255 2542 1638 2598 Vulturnum
1695 2544 1890 2597 obitum

359 2638 583 2691 maxime
631 2646 842 2707 propter
891 2654 1144 2690 sumntum
1176 2638 1288 2706 ejus
1341 2638 1391 2690 itt
1439 2636 1604 2690 Deum
1651 2637 1891 2706 pietatem

359 2741 511 2800 atque
536 2732 592 2784 in
619 2747 673 2784 se
701 2731 1098 2785 benevolentia»:
1131 2731 1288 2801 luget.
1339 2729 1534 2784 Deinde
1563 2732 1800 2784 nuntiato
1825 2731 1894 2782 ad

357 2824 591 2897 ejusdem
610 2824 928 2892 sepulturam
977 2824 1073 2878 sibi
1097 2833 1287 2893 prtrsto
1317 2839 1426 2878 esse
1459 2841 1687 2878 marmor
1707 2867 1719 2887 ,
1750 2833 1803 2876 ut
1830 2839 1889 2878 ea

355 2931 592 2970 sororum
613 2915 756 2967 illius
783 2930 942 2968 causa
964 2922 1266 2979 maturatur,
1291 2915 1489 2968 suadet.

580 3007 885 3064 Aulestes
923 3005 1232 3062 Tusonosm
1269 3006 1601 3077 imperatori.

365 3101 408 3153 l.
451 3101 738 3155 Silentium
781 3113 964 3152 meum
1005 3099 1149 3168 rupit
1180 3113 1359 3153 sermo
1401 3098 1706 3153 clementiae
1731 3106 1834 3151 tua!
1870 3114 1882 3158 ;

1993 1886 2141 1952 Quas
2168 1903 2272 1958 ego
2303 1888 2536 1944 Domino
2555 1889 2870 1946 delereham
2893 1895 3123 1962 gratias,
3148 1895 3294 1964 quod
3327 1897 3398 1950 ita
3429 1897 3483 1951 in
3510 1913 3596 1953 me

1991 1993 2296 2035 conversus
2316 1989 2485 2041 esset.
2517 1980 2666 2052 quod
2707 1982 2784 2037 ita
2833 1985 3160 2040 emendatus
3186 2027 3198 2048 .
3231 1988 3385 2057 quasi
3416 1990 3597 2044 senio-

1996 2073 2071 2126 ris
2090 2074 2374 2143 cujusdam
2396 2076 2576 2129 :atatis
2596 2090 2782 2130 mores
2813 2077 3109 2131 induisset:
3130 2094 3268 2148 quas
3295 2080 3603 2135 clementia:

2001 2173 2127 2229 tute,
2159 2165 2302 2234 quod
2334 2181 2458 2221 eum
2497 2181 2607 2221 non
2632 2166 2809 2222 solum
2864 2183 3034 2239 regno
3083 2170 3448 2237 reddidisses;
3499 2173 3594 2229 sed

1992 2258 2182 2322 etiam,
2204 2257 2352 2328 quod
2373 2267 2460 2313 est
2477 2259 2735 2328 amplius,
2774 2261 3106 2316 instituisses
3135 2263 3264 2318 fidei
3290 2274 3344 2318 et
3375 2259 3596 2333 pietatis

1995 2362 2104 2406 tute
2149 2350 2498 2420 disciplinis?
2528 2351 2686 2408 nunc
2728 2367 2863 2423 ergo
2909 2369 3021 2409 non
3047 2355 3290 2422 doleam,
3330 2359 3431 2411 :cvi
3460 2361 3598 2414 inte.

1993 2461 2175 2516 grato,
2202 2454 2492 2516 antequam
2515 2455 2984 2501 sacramentorum
3003 2461 3126 2517 quat
3153 2449 3362 2521 1m
3385 2449 3601 2509 desidit-

1993 2538 2152 2604 ravit,
2177 2537 2572 2607 adipisceretur
2592 2539 2844 2608 gratiam,
2872 2541 3151 2608 repentina
3174 2543 3358 2598 obisse
3386 2547 3596 2598 morte?

1994 2629 2346 2700 Relrigerasti
2379 2630 2642 2696 animum,
2693 2630 2836 2699 quod
2864 2632 3028 2685 etiam
3077 2631 3194 2701 ipse
3233 2631 3487 2702 dignatus
3533 2648 3594 2688 es

1994 2721 2138 2778 terre
2181 2723 2560 2777 testimonium
2579 2737 2710 2777 meo
2733 2723 2931 2778 dolori.
2963 2723 3062 2789 Te,
3096 2725 3416 2795 imperator,
3449 2727 3594 2782 arbi-

1994 2824 2136 2870 trum
2159 2824 2326 2870 teneo
2347 2815 2576 2870 adiectus
2598 2817 2727 2881 mei,
2758 2826 2810 2869 te
2835 2830 2972 2871 metr.
2991 2816 3193 2872 mentis
3219 2818 3592 2887 interpretem.

2063 2911 2113 2964 Δ.
2156 2909 2263 2965 Sed
2307 2909 2472 2964 ﬂendi
2522 2919 2766 2979 tempora
2814 2910 2952 2963 alias
2994 2925 3102 2965 non
3136 2909 3366 2966 deerunt
3399 2929 3412 2966 :
3446 2927 3591 2967 nunc

1992 3001 2060 3056 de
2089 3000 2371 3072 sepultura
2404 2999 2541 3071 ejus,
2593 3002 2854 3071 quoniam
2898 3002 3120 3071 scripsit
3161 3003 3459 3058 clementia
3499 3014 3589 3060 tua

1991 3094 2066 3148 ita
2093 3093 2181 3148 hic
2210 3091 2238 3129 δ
2265 3093 2688 3163 procurandum.
2717 3092 2774 3150 Si
2804 3107 2998 3149 exsors
3041 3096 3265 3150 recessit
3295 3095 3591 3165 baptisma-

280 3194 420 3250 uiltii
450 3193 596 3248 enim
649 3192 702 3246 in
745 3201 852 3246 tant
887 3191 1133 3245 tristibus
1181 3192 1344 3245 rebus
1395 3191 1587 3245 melius
1618 3190 1797 3244 lacero
1826 3188 1878 3242 in
1909 3180 1953 3242 C
1988 3186 2076 3251 tis,
2109 3186 2248 3257 quid
2261 3188 2631 3257 cognoverim,
2658 3201 2804 3241 nunc
2831 3187 3091 3257 repressi.
3121 3188 3215 3243 Est
3241 3189 3329 3244 hic
3357 3191 3597 3262 porphy-

280 3287 522 3341 animum
557 3283 898 3349 induxeram,
927 3298 1088 3353 quam
1116 3283 1160 3336 si
1203 3283 1315 3337 lieri
1344 3292 1556 3351 posset,
1588 3297 1676 3337 me
1707 3283 1881 3350 ipsum
1935 3346 1938 3348 γ

279 3378 507 3432 abdere.
542 3375 650 3431 Sed
679 3376 806 3446 quia
842 3376 894 3428 in
943 3389 1164 3430 secessu
1221 3375 1403 3444 aliquo
1452 3373 1780 3430 delitescere
1829 3383 1885 3430 et

281 3467 598 3525 sacerdotio
616 3468 768 3524 exire
795 3482 906 3522 non
928 3477 1197 3538 poteram,
1229 3468 1310 3522 vel
1341 3467 1566 3522 silentio
1608 3467 1751 3520 intra
1796 3481 1883 3521 me

283 3560 335 3614 ia
343 3558 464 3614 teba
475 3575 524 3613 ιη
534 3599 547 3612 .

353 3653 410 3707 2.
454 3651 622 3707 Doleo
649 3653 819 3717 enim,
842 3650 1039 3713 lateor.
1071 3650 1264 3706 dolone
1290 3649 1488 3706 acerbo
1508 3691 1523 3713 ,
1553 3665 1660 3705 non
1703 3651 1880 3705 solum

280 3743 426 3815 quod
459 3743 749 3797 immatura
779 3751 940 3797 attate
971 3742 1386 3797 Valentinianus
1408 3751 1669 3811 angustus
1687 3742 1875 3797 deces-

280 3837 448 3900 serit,
481 3837 579 3892 sed
622 3836 784 3890 etiam
817 3845 839 3871 ε
868 3834 1009 3905 quod
1050 3835 1377 3892 informatus
1409 3835 1536 3899 fide,
1571 3850 1633 3889 ac
1663 3837 1769 3891 tuis
1799 3836 1882 3890 in.

279 3931 494 3989 stitutis
525 3937 731 3984 tantam
761 3927 1110 3984 devotimtem
1143 3944 1272 3997 erga
1321 3928 1490 3984 Deum
1521 3938 1766 3984 nostrum
1801 3930 1882 3984 in-

279 4024 500 4087 duerat,
557 4031 724 4091 atque
778 4029 928 4074 tanto
970 4020 1022 4074 iu
1056 4035 1142 4074 me
1190 4021 1508 4074 incubuerat
1555 4019 1772 4088 all'ectu,
1827 4030 1883 4076 ut

277 4130 441 4187 quem
467 4122 596 4168 ante
619 4113 1070 4184 persequebatur,
1102 4126 1245 4166 nunc
1268 4110 1514 4184 diligeret
1537 4128 1548 4163 :
1572 4127 1729 4180 quctn
1755 4120 1881 4168 ante

281 4219 340 4266 ut
369 4207 742 4266 adversarium
776 4204 1098 4275 repellebat,
1151 4219 1295 4259 nunc
1349 4215 1410 4258 ut
1451 4212 1729 4274 parentem
1784 4221 1882 4276 pu-

280 4382 516 4427 munere
535 4374 759 4422 ornatus
797 4372 902 4420 est.
939 4363 1138 4420 Vanum
1165 4379 1289 4420 cum
1337 4372 1560 4432 uterque
1607 4363 1660 4417 in
1692 4362 1876 4419 odium

1991 3280 2218 3335 relicum
2249 3279 2464 3334 labrum
2489 3277 2944 3350 pulcherrimum,
2968 3290 3029 3334 et
3047 3282 3106 3334 in
3125 3295 3262 3337 usus
3284 3281 3591 3352 itujuamodi

1988 3374 2362 3443 aptissimum;
2399 3389 2522 3428 nam
2565 3382 2626 3427 et
2662 3373 3022 3428 Maximianus
3061 3373 3380 3430 Diocletiani
3412 3377 3596 3432 socius

1987 3472 2062 3521 ita
2093 3467 2347 3521 humatus
2380 3476 2483 3522 est.
2529 3467 2666 3523 Sunt
2713 3467 2908 3522 tabula:
2958 3469 3356 3541 porphyreticm
3393 3472 3595 3540 pretio-

1988 3559 2217 3615 sissima:
2243 3601 2257 3616 .
2289 3559 2303 3596 ί
2341 3559 2540 3628 quibus
2565 3559 2830 3615 vestiatur
2854 3560 3174 3630 operculum
3197 3603 3212 3627 ,
3243 3577 3352 3630 quo
3378 3564 3592 3633 regales

1989 3651 2208 3705 esuvim
2235 3650 2576 3706 claudantur.

2054 3743 2106 3797 5.
2150 3742 2263 3796 Hoc
2291 3742 2467 3794 fuerat
2494 3750 2881 3810 prmparatum,
2927 3740 3022 3795 sed
3051 3744 3470 3811 exspectabatur
3499 3760 3588 3801 re-

1981 3833 2244 3901 scriptum
2268 3831 2574 3886 clementia:
2604 3841 2744 3888 tum:
2775 3834 2931 3901 cujus
2953 3835 3305 3904 perceptione
3331 3848 3589 3895 recreatte

1985 3938 2110 3981 sunt
2142 3934 2343 3980 sancta)
2365 3925 2490 3980 lilizn
2521 3935 2658 3990 tute,
2679 3926 2774 3981 lilii
2801 3927 2876 3982 tui
2908 3928 2920 3976 i
2953 3927 3317 3987 Valentiniani
3344 3947 3586 4002 sorores,

1985 4033 2105 4087 quae
2136 4032 2196 4072 se
2239 4016 2494 4087 gravibus
2533 4017 2780 4072 afﬁciunt
2821 4017 3026 4083 modis;
3061 4028 3118 4074 et
3142 4023 3378 4094 amplius
3407 4028 3592 4097 exagi-

1984 4111 2253 4175 tabantur,
2270 4109 2411 4180 quod
2429 4110 2518 4165 ditt
2539 4109 2672 4164 nihil
2695 4112 3028 4167 scriberetur
3051 4114 3179 4169 sibi.
3206 4115 3358 4173 Unde
3390 4120 3456 4175 iis
3481 4137 3587 4178 non

1985 4220 2173 4276 parum
2205 4205 2436 4261 accessit
2465 4204 2670 4269 solatii,
2697 4204 2794 4261 sed
2819 4204 2946 4261 dum
2979 4206 3274 4265 inhumata:
3300 4223 3432 4268 sunt
3461 4215 3590 4270 reli-

1983 4365 2107 4439 dem
2136 4361 2725 4439 Αςιιιιιτιςιῇιιιιὶιξιιιιιιιι·⁸
2743 4364 2794 4418 in
2839 4365 3050 4439 funebri
3082 4367 3394 4426 laudatione
3425 4372 3582 4439 hujus

280 4442 458 4532 itolini
502 4438 808 4532 incidisset...
860 4436 946 4492 hic
980 4434 1284 4532 lpatret‘tlin
1332 4435 1584 4516 exsilium
1615 4434 1761 4532 pelli,
1817 4436 1872 4488 li-
1905 4472 1957 4532 D
1986 4436 2154 4506 ipsius
2173 4435 2824 4532 .Valetttittliani,rmoxitne
2852 4437 2953 4491 sub
2974 4437 3133 4494 linem
3165 4441 3448 4532 orptio't‘tis.
3474 4434 3581 4500 Ne-

282 4514 412 4569 lium
436 4525 568 4566 vero
595 4509 1104 4579 capitalisupplicio
1129 4508 1270 4563 allici
1318 4508 1548 4574 curavit,
1598 4514 1660 4560 ut
1686 4516 1870 4562 non-at

280 4584 534 4640 lusimus
565 4581 636 4636 lib
663 4597 735 4635 tv.

352 4668 378 4692 ἰ
413 4653 629 4710 Ultimm
653 4651 783 4722 edit.
829 4651 1026 4722 Parim,
1057 4650 1172 4722 plus
1196 4665 1304 4705 esse
1332 4651 1497 4722 capit.
1523 4648 1679 4717 Quod
1711 4664 1874 4722 porro

283 4725 508 4783 ltuﬁnns
534 4739 598 4778 ea:
639 4721 898 4791 magistro
925 4720 1228 4776 ofﬁciorum
1282 4721 1569 4788 pmrleotns
1617 4720 1873 4791 pra-torio

280 4799 332 4854 in
390 4795 676 4853 consulatu
745 4792 918 4848 factus
966 4792 1188 4858 dicitur,
1244 4792 1372 4848 hinc
1421 4792 1870 4862 iutelligeillnm

279 4868 536 4926 maximis
590 4864 803 4934 imper-ii
873 4863 1226 4934 dignitatibus
1290 4861 1623 4919 cumulatum
1680 4861 1868 4934 luisse.

278 4932 826 5008 Bullengorus,iib.t
857 4934 925 4990 de
941 4932 1449 5008 'Vlmperat.R9m.,
1491 4949 1611 5002 cap.
1649 4932 1746 5008 18:
1765 4933 1873 5008 agit

278 5015 345 5067 tle
369 5003 725 5071 Consulibus;
761 5007 855 5061 lib.
891 5021 908 5060 ι
937 5007 1005 5061 de
1055 5006 1290 5076 imperio
1310 5005 1470 5076 Rom.
1513 5021 1636 5076 nan,
1682 5004 1771 5068 15,
1804 5003 1872 5058 de

277 5082 535 5150 Magistro
564 5078 745 5142 (Μία,
778 5089 829 5132 et
863 5078 954 5133 lib.
986 5093 1067 5141 ιιι.
1099 5073 1220 5150 cap.
1244 5077 1409 5150 _2.__de
1435 5073 1704 5150 Pr‘atlecto
1733 5089 1874 5140 pra:-

279 5143 438 5208 torio.
472 5150 740 5206 Gmterntn
769 5158 845 5203 tot
875 5164 938 5203 ac
969 5159 1076 5202 tum
1102 5143 1438 5216 multiplices
1465 5144 1584 5216 ejus
1611 5143 1870 5209 honores,

278 5223 568 5295 quominus
621 5221 918 5295 [acinorum
973 5231 1442 5295 sueruntpmnas
1487 5215 1702 5295 lueret,
1763 5232 1870 5270 nuit

279 5285 694 5361 prohibuerunt.
721 5291 930 5359 Quade
971 5306 1031 5345 re
1059 5290 1143 5344 adi
1176 5285 1520 5354 Philostorgii
1569 5285 1666 5340 lib.
1705 5300 1780 5350 sl,
1817 5295 1872 5342 et

279 5366 434 5422 alios.

351 5437 377 5474 ι’
410 5436 552 5491 Edit.
587 5435 766 5497 Rom.,
797 5430 1108 5502 Congaudeo
1136 5431 1211 5485 vel
1240 5430 1340 5502 illi,
1371 5437 1472 5483 etc.

352 5520 373 5546 ε
407 5506 633 5562 Mtterb.
670 5515 726 5560 et
774 5500 922 5560 mss.
965 5517 1132 5570 prope
1186 5501 1266 5556 ad
1294 5516 1483 5566 unum,
1511 5500 1684 5569 neptis
1741 5508 1866 5554 tuw.

282 5576 418 5643 Quid
440 5578 502 5631 de
531 5577 635 5630 illis
666 5577 877 5630 sentias.
923 5574 1034 5628 Sibi
1063 5573 1361 5641 plurimum,
1393 5583 1502 5629 etc.
1545 5570 1654 5630 Sed
1683 5585 1867 5625 veram

278 5647 570 5704 lectionem
601 5646 859 5704 exhibent
881 5644 1010 5702 alia
1034 5645 1167 5700 editi

348 5717 371 5754 ·¹
399 5719 611 5786 Scripta
635 5732 777 5772 anno
794 5717 922 5772 592.
1245 5734 1250 5737 -

275 5839 284 5852 ,
354 5801 374 5826 υ
406 5789 498 5844 llis
527 5785 740 5842 ’mirunt
774 5789 826 5841 in
857 5787 1080 5844 modum
1111 5787 1466 5853 conveniunt,
1495 5801 1618 5855 qua:
1663 5785 1730 5839 ab
1775 5798 1868 5837 eo-

1981 4523 2085 4577 que
2119 4509 2282 4561 etiam
2313 4508 2383 4561 ab
2417 4506 2502 4560 bis
2531 4506 2844 4578 discrepant
2862 4522 2946 4572 ea,
2977 4525 3097 4578 qum
3120 4513 3579 4570 scribit'i‘lteodo-

1981 4579 2251 4656 retus_lib.
2272 4595 2302 4631 ν
2333 4579 2471 4656 Hist.
2496 4592 2616 4656 cap.
2647 4581 2731 4656 l_5.
2767 4577 2877 4656 Nec
2906 4577 3242 4656 non_S_uidas
3272 4585 3322 4638 in
3345 4585 3574 4656 Excerp.

1983 4649 2088 4704 Vit.
2125 4651 2331 4704 Caesar.
2367 4649 2458 4704 tibi
2485 4649 2553 4703 de
2576 4651 2794 4718 juniore
2826 4649 3222 4707 Valentiniano.

2055 4720 2071 4756 τ
2111 4721 2165 4794 In
2195 4721 2390 4776 Galliis
2420 4736 2485 4794 ea
2517 4730 2840 4794 tempestate
2865 4720 3129 4777 ﬂorebant
3158 4725 3397 4794 episcopi
3454 4729 3580 4784 vitm

1979 4793 2340 4846 sanctimonia
2381 4792 2824 4853 eminentissimi,
2860 4800 2920 4846 ut
2951 4803 3076 4862 puta
3121 4792 3382 4850 Martinus
3402 4797 3578 4854 Turo-

1978 4863 2180 4923 nensis,
2207 4861 2513 4942 .Delpltinns
2544 4861 2984 4932 Burdegalensis,
3022 4863 3313 4920 Victriclus
3363 4869 3573 4926 “Olito-

1977 4933 2274 5001 magensis,
2300 4940 2355 4986 et
2375 4931 2490 4986 alii.

2051 5012 2075 5047 ϐ
2106 5001 2494 5083 Otnnes__edit.,
2539 5003 2701 5083 magis
2730 5003 2962 5083 uitiatori
2982 5020 3176 5083 omnes
3202 5024 3358 5070 mss.,
3409 5017 3574 5083 magis

1976 5071 2452 5146 mortuum.__|_laud
2482 5071 2654 5146 malo:
2666 5087 2867 5146 sensu;
2913 5074 3052 5131 idem
3087 5080 3230 5133 enim
3273 5090 3377 5146 est,
3427 5071 3572 5138 πρνεί

1975 5144 2188 5226 diceret
2219 5161 2232 5196 :
2264 5143 2358 5226 illa
2386 5141 2566 5196 omnia
2598 5142 2863 5207 efﬁciunt,
2923 5155 2983 5200 ut
3010 5162 3134 5203 eum
3163 5150 3294 5206 mihi
3323 5141 3572 5222 erejttunt

1977 5224 2148 5284 magis
2174 5224 2426 5269 sentiam.

2049 5284 2074 5321 ⁸³
2116 5285 2256 5340 Edit.
2296 5285 2700 5364 procurandum.
2881 5302 3158 5364 exsors...
3188 5300 3572 5364 non-repressi;

1976 5370 2107 5410 mss.
2133 5367 2325 5434 contra
2354 5366 2413 5411 ut
2438 5357 2491 5410 in
2520 5365 2704 5434 testu;
2730 5357 2832 5412 nisi
2855 5361 2996 5427 quod
3024 5359 3162 5417 haud
3191 5366 3346 5434 ponti
3371 5357 3574 5424 habent

1975 5443 2096 5498 runt
2114 5427 2252 5498 edit.
2267 5469 2281 5490 ,
2317 5445 2419 5482 non
2445 5430 2686 5498 repressi.

2103 5497 2180 5552 ita
2209 5498 2454 5576 plerique
2477 5497 2632 5565 mss.;
2665 5501 2796 5576 edit.
2825 5515 2956 5576 vero
2975 5510 3034 5556 et
3053 5504 3144 5576 alii
3165 5506 3384 5573 quidam
3413 5525 3570 5576 mss...

1972 5571 2158 5640 quibus
2188 5571 2495 5624 vestiebatur
2522 5572 2844 5637 aperculum,
2878 5572 3015 5628 labri
3045 5571 3321 5634 videlicett

2012 5711 2022 5721 ο
2050 5641 2081 5721 i_
2111 5639 2260 5721 iusta
2288 5651 2343 5696 et
2368 5641 2536 5696 (irata
2563 5642 2927 5698 Valentiniani
2954 5645 3116 5717 hujus
3141 5651 3440 5706 sorores-in
3464 5653 3572 5708 vir-

1973 5713 2198 5782 ginitate
2230 5722 2664 5783 perseverarunt.
