4040 6166
466 267 601 328 1189

1800 258 2041 320 SANCTI
2083 255 2405 318 AMBliOSll

3627 253 3775 315 “68

465 385 606 454 quite
634 425 646 446 ,
697 395 1035 452 nequaquam
1077 380 1182 435 sibi
1208 388 1470 450 parcunt;
1502 377 1752 433 videntur
1787 378 1931 433 enim
1962 377 2063 432 sibi
2091 380 2141 438 Α
2240 375 2386 429 illum
2423 377 2710 444 profectam
2737 387 3294 435 esse-commemorans,
3326 372 3454 426 duos
3489 371 3775 427 Faustinos

465 475 710 547 germani
735 474 817 528 sui
867 472 1246 542 quotidianum
1297 470 1456 526 funus
1500 479 1708 526 tenere.
1739 469 1807 524 Et
1849 483 1910 524 re
1942 483 2066 523 vera

463 584 587 622 cum
637 567 756 619 sine
804 565 928 618 lletu
981 579 1176 635 magno
1231 579 1294 619 ac
1321 565 1442 619 sine
1484 563 1676 618 dolore
1710 562 1862 634 gravi
1911 577 2066 616 num-

466 673 628 729 quam
645 657 781 722 sint;
808 664 989 711 tamen
1009 655 1459 725 quotiescumque
1479 669 1546 710 eo
1569 653 1858 717 accedunt,
1873 667 2065 708 exsan-

464 764 599 820 gues
630 755 1002 803 revertuntur.
1035 746 1104 801 Et
1133 746 1266 816 ipsis
1294 747 1458 817 igitur
1489 745 1831 809 consuletur,
1864 754 1918 801 et
1940 743 2067 799 cha-

467 840 700 897 rissimis
727 841 937 896 exuviis
956 880 970 906 ,
1001 840 1046 894 si
1074 839 1414 896 acceleretur
1442 839 1743 910 sepultura,
1776 853 1847 894 ne
1881 837 2069 893 :estivo

464 933 681 1003 penitus
720 932 1004 987 solvantur
1046 931 1261 996 calore;
1292 930 1382 986 vix
1413 931 1557 987 enim
1595 930 1938 1001 superiorem
1969 944 2071 985 tes-

468 1033 636 1081 tatem
662 1023 1050 1095 transegimus.

534 1118 589 1174 6.
632 1117 949 1173 Mandatum
981 1129 1136 1173 tuum
1167 1131 1329 1174 servo
1376 1126 1430 1172 et
1459 1115 1785 1172 commendo
1814 1114 2065 1171 Domino.

470 1212 672 1284 Diligat
700 1219 754 1268 te
778 1211 1062 1277 Dominus,
1096 1212 1219 1282 quia
1253 1220 1310 1266 tu
1337 1211 1554 1266 Domini
1580 1224 1768 1266 servos
1794 1209 1997 1280 diligis.

988 1317 1013 1344 η
1055 1303 1396 1363 EPlSTOLA
1434 1301 1568 1360 LIV.

467 1400 758 1458 Remissam
783 1399 1074 1472 apparitori
1098 1398 1372 1466 offensam,
1393 1414 1485 1453 nec
1506 1413 1608 1452 non
1630 1395 1872 1452 Faustini
1895 1396 2071 1451 tussim

786 1492 1230 1548 recrudescentem
1274 1489 1500 1546 Eusebio
1529 1491 1750 1546 nuntiat.

941 1585 1244 1642 Aunaosms
1283 1584 1310 1622 ι)
1354 1583 1610 1639 EUSEBIO.

540 1681 592 1737 1.
635 1682 928 1752 Apparitor
977 1690 998 1715 ο
1048 1677 1416 1748 prml'ecturaz,
1466 1676 1559 1746 qui
1608 1683 1832 1744 propter
1876 1687 2072 1743 operas

2242 466 2640 522 accommodatis
2671 466 2887 537 familia:
2914 464 3120 519 Noachi
3148 464 3590 520 benedictionibus
3619 481 3776 519 casar-

2243 573 2361 628 nat;
2393 571 2439 616 et
2467 561 2716 616 salutanti
2752 559 3113 615 Valentiniano
3153 559 3403 613 Chanaan
3447 568 3495 613 et
3525 557 3778 614 Nembrot

2243 670 2489 724 personas
2514 662 2680 723 aptat.

2637 746 2942 800 Ananosms
2981 741 3009 780 ¹ι
3051 744 3301 801 Eussmo.

2247 841 2298 895 1.
2341 840 2633 895 Faustinus
2687 848 2917 909 uterque
2983 837 3078 892 tibi
3140 836 3388 893 redditus
3442 846 3568 903 est,
3619 837 3782 894 nobis

2173 940 2463 1002 utrumque
2510 930 2856 986 Ambrosium
2907 930 3101 1000 pignus
3149 928 3379 985 resedit.
3433 929 3555 1000 Ipse
3609 929 3780 986 habes

2175 1024 2318 1095 quod
2352 1025 2581 1094 primum
2613 1024 2666 1078 in
2716 1033 2890 1094 patre,
2921 1031 2977 1078 et
3005 1020 3150 1093 quod
3191 1021 3649 1092 jucundissimum
3692 1029 3780 1076 est

2174 1117 2232 1172 in
2251 1117 2363 1173 lilio
2390 1117 2630 1183 minore;
2658 1116 2783 1188 quia
2811 1123 2869 1172 et
2895 1114 3115 1170 virtutis
3143 1114 3356 1183 apicem
3384 1122 3562 1181 tenes,
3591 1122 3648 1174 et
3680 1114 3784 1169 hu-

2175 1209 2421 1264 militatis
2457 1209 2684 1265 exhibes
2727 1208 3002 1279 gratiam:
3033 1221 3134 1262 nos
3169 1207 3311 1278 quod
3352 1207 3591 1263 medium
3637 1207 3784 1262 inter

2177 1310 2385 1372 patrem
2429 1311 2484 1358 et
2530 1301 2810 1371 juniorem
2856 1300 3046 1356 lilium.
3102 1299 3307 1356 Tecum
3353 1315 3567 1355 summa
3613 1301 3784 1355 t0tius

2176 1393 2392 1459 domus,
2446 1391 2462 1428 ί
2512 1401 2570 1447 et
2616 1391 2922 1462 perpetuati
2967 1390 3219 1446 vocabuli
3259 1389 3398 1460 jugis
3447 1389 3778 1445 successio:

2178 1485 2323 1555 apud
2355 1499 2453 1540 nos
2485 1498 2644 1554 parca
2675 1482 3044 1550 mediocritas,
3076 1498 3198 1552 qua:
3227 1492 3282 1538 et
3309 1481 3377 1537 de
3397 1495 3609 1537 summo
3640 1495 3782 1551 pen-

2176 1576 2324 1640 deat,
2371 1583 2427 1630 et
2475 1572 2530 1629 in
2580 1574 2886 1644 posteriore
2925 1573 3204 1629 subsistat.
3254 1573 3454 1628 Tecum
3482 1572 3651 1643 igitur
3691 1587 3784 1628 re-

2175 1668 2333 1738 quies
2361 1668 2650 1737 utriusque
2680 1675 2959 1734 nostrum,
3009 1682 3132 1737 quae
3177 1681 3300 1722 cum
3349 1666 3584 1722 invicem
3626 1665 3784 1722 nobis

466 1775 800 1830 Portuenses
827 1771 1091 1827 olfensam
1119 1777 1510 1834 contraxerat,
1539 1766 1650 1836 jam
1684 1767 1736 1820 in
1780 1774 1937 1836 portu
1971 1781 2070 1821 na-
2103 1773 2152 1833 Β
2177 1761 2506 1826 refunditur,
2552 1775 2772 1816 omnem
2815 1759 2981 1814 animi
3023 1760 3288 1829 abstergit
3328 1758 3779 1814 sollicitudinem.

462 1865 630 1936 vigat.
676 1861 993 1933 Opportune
1038 1870 1220 1916 autem
1275 1858 1526 1923 advenit;
1576 1872 1702 1913 nam
1741 1857 1903 1913 simul
1945 1854 1972 1894 ἀ
2015 1866 2073 1912 ut

470 1959 657 2028 accepi
687 1957 899 2012 litteras
930 1965 1071 2020 tuas,
1097 1953 1210 2010 vidi
1243 1954 1578 2023 prmlectum,
1611 1953 1795 2023 rogavi
1840 1967 1940 2023 pro
1965 1967 2031 2008 eo
2057 1971 2069 2006 :

466 2051 676 2123 ignovit
703 2049 882 2116 illico,
912 2049 1076 2120 jussit
1105 2046 1308 2102 retrahi
1348 2047 1634 2116 epistolam
1658 2088 1672 2112 ,
1706 2061 1866 2116 quam
1893 2046 1962 2102 de
1990 2045 2071 2101 la-

464 2143 765 2201 cultatibus
794 2142 912 2213 ejus
941 2139 1284 2212 publicandis
1327 2139 1648 2196 dictaverat.
1683 2140 1838 2208 Quod
1883 2140 1928 2194 si
1964 2148 2074 2194 tar-

463 2238 588 2294 dius
617 2237 901 2301 venisset,
951 2250 1115 2291 nemo
1166 2235 1340 2305 magis
1370 2234 1658 2304 probasset
1697 2233 2073 2303 inexplicabile

463 2332 600 2388 illud
629 2347 769 2403 opus
797 2345 920 2387 esse
953 2337 1140 2400 portus
1166 2327 1549 2395 reformandi',
1598 2342 1758 2397 quam
1804 2327 1907 2382 iste
1934 2368 1947 2392 ,
1979 2326 2073 2397 qui

472 2422 687 2495 ιοοά.
729 2422 839 2478 illic
889 2419 1232 2491 naufragium
1278 2417 1522 2482 fecerat,
1557 2418 1660 2474 nisi
1709 2426 1763 2474 te
1793 2417 2075 2473 habuisset

465 2515 924 2584 gubernatorem;
970 2524 1027 2569 ut
1051 2513 1210 2568 aliter
1240 2526 1346 2568 non
1385 2519 1571 2581 posset
1612 2510 1736 2566 inde
1764 2510 1866 2566 nisi
1895 2509 2074 2566 nudus

464 2607 644 2664 exire.

535 2701 593 2754 2.
635 2701 928 2756 Faustinus
958 2699 1215 2770 parvulus
1245 2699 1381 2754 tussi
1413 2698 1644 2765 laborat,
1673 2708 1696 2735 ε
1729 2697 1796 2751 ad
1827 2705 2068 2752 sanetam

463 2807 714 2848 sororem
745 2798 995 2847 curatum
1033 2792 1206 2856 venit,
1261 2799 1318 2845 et
1364 2790 1510 2844 venit
1558 2797 1778 2859 sponte;
1809 2796 2071 2858 expertus

465 2884 611 2941 enim
655 2894 740 2939 est
786 2883 982 2939 melius
1025 2883 1128 2937 sibi
1173 2889 1422 2936 ventrem
1451 2883 1654 2937 curari.
1690 2880 1708 2918 ί
1746 2881 1988 2951 Denique
2016 2889 2072 2936 et

465 2991 556 3031 me
586 2975 857 3030 medicum
891 2983 1080 3043 putat,
1116 2980 1400 3042 exspectat
1428 2973 1732 3043 prandium.
1767 2973 1952 3043 Itaque
1982 2971 2072 3029 hic

464 3069 552 3123 bis
582 3067 650 3122 ad
675 3067 819 3123 diem
851 3074 1098 3132 curatur,
1125 3075 1180 3121 et
1203 3075 1446 3136 cmperat
1469 3067 1700 3138 pulchre
1723 3067 1905 3122 valere
1929 3084 1942 3122 :
1972 3066 2070 3122 sed

2176 1854 2378 1910 Tecum
2415 1853 2463 1908 is
2491 1853 2586 1924 qui
2619 1863 2675 1910 et
2701 1853 2945 1908 moribus
2973 1861 3030 1908 et
3055 1852 3319 1923 operibus
3357 1852 3474 1906 suis
3506 1862 3563 1908 et
3592 1851 3784 1908 sobole

2178 1947 2269 2004 tali
2297 1947 2504 2003 invenit
2533 1947 2761 2018 gratiam
2790 1946 2933 2016 apud
2961 1946 3248 2002 Dominum
3277 1957 3547 2000 nostrum.
3577 1943 3781 2000 Tecum

2175 2041 2222 2096 is
2251 2043 2342 2110 qui
2373 2041 2518 2095 inter
2548 2038 2738 2094 mundi
2771 2038 2929 2108 hujus
2953 2037 3220 2108 procellas
3250 2036 3579 2108 ispiritalem
3608 2036 3783 2091 nutri-

2176 2133 2614 2204 vitzcolumbam,
2659 2146 2783 2202 qure
2832 2131 2883 2186 ei
2931 2129 3141 2186 fructus
3185 2129 3377 2186 allerat
3427 2128 3574 2199 pacis
3616 2127 3770 2200 (Gen.

2175 2241 2290 2293 Vlll,
2320 2226 2379 2279 11
2415 2226 2477 2279 ἐι
2508 2223 2663 2294 seq.),
2701 2232 2858 2279 uncta
2908 2223 3055 2278 olivo
3099 2222 3450 2293 integritatis.
3491 2222 3694 2277 Tecum
3735 2223 3782 2278 is

2174 2317 2266 2388 qui
2315 2315 2608 2371 tediticavit
2655 2330 2804 2370 aram
2855 2315 2998 2381 Deo,
3031 2330 3193 2385 quem
3233 2314 3517 2370 benedixit
3557 2314 3702 2370 Dcus
3728 2322 3782 2370 ct

2176 2409 2317 2465 ﬁlios
2342 2409 2461 2480 ejus
2484 2450 2498 2474 ,
2527 2409 2719 2464 dicens
2745 2427 2758 2463 :
2793 2407 3018 2463 Crescite
3040 2449 3054 2475 ,
3085 2418 3132 2463 et
3162 2408 3585 2477 multiplicamini
3620 2406 3778 2480 (Gen.

2171 2518 2247 2571 ιι,
2282 2501 2370 2576 9),;
2399 2519 2522 2559 cum
2552 2517 2662 2572 quo
2693 2510 3084 2558 testamentum
3130 2493 3276 2572 paCis
3323 2501 3514 2557 statuit
3540 2514 3686 2570 suae;
3725 2510 3783 2559 ut

2172 2596 2242 2651 sit
2271 2596 2319 2651 ei
2352 2604 2409 2652 et
2435 2596 2561 2650 ﬁliis
2587 2597 2703 2666 ejus
2732 2597 2786 2651 in
2820 2596 3136 2666 progeniem
3164 2604 3447 2654 aeternam.

2241 2687 2299 2742 2.
2341 2688 2520 2743 Habes
2567 2687 2731 2761 igitur
2777 2686 3051 2744 baeredem
3099 2687 3300 2742 divina:
3342 2686 3779 2757 benedictionis,

2170 2790 2480 2838 consortem
2510 2783 2731 2852 gratiae,
2789 2780 2814 2818 ¹ί
2840 2781 3160 2852 participem
3183 2780 3436 2852 justitiae.
3483 2782 3592 2838 Sed
3622 2783 3775 2849 vide,

2170 2892 2378 2948 quaeso,
2413 2893 2480 2931 ne
2508 2877 2611 2933 iste
2640 2885 2831 2933 noster
2857 2875 2972 2933 Noe
3003 2877 3266 2948 agricola,
3299 2877 3475 2933 bonus
3502 2877 3778 2948 plantator

2168 2970 2364 3026 feracis
2393 2970 2565 3026 vinea:
2593 3013 2607 3037 ,
2638 2985 2765 3026 cum
2803 2968 2971 3025 fuerit
2998 2971 3201 3026 amoris
3255 2971 3466 3044 1005
3507 2979 3563 3026 et
3589 2971 3779 3042 gratia:

2173 3074 2276 3121 tuae
2319 3065 2623 3123 inebriatus
2656 3065 2885 3136 poculo,
2915 3073 3188 3137 tamquam
3217 3065 3534 3134 crapulatns
3561 3081 3590 3120 a
3616 3064 3775 3132 vino,

466 3161 596 3215 dum
623 3175 747 3215 eum
779 3160 949 3214 nimio
974 3173 1162 3214 amore
1188 3158 1466 3215 abstinere
1491 3161 1749 3230 gestiunt,
1781 3160 1978 3216 tussire
2004 3160 2072 3218 de
2101 3174 2146 3236 ρ
2176 3158 2381 3215 diutius
2412 3159 2579 3231 quieti
2610 3159 2887 3230 indulgeat
2914 3178 2926 3212 :
2956 3173 3019 3214 ac
3045 3159 3089 3214 si
3117 3157 3257 3214 forte
3286 3157 3659 3224 indormierit,
3686 3175 3780 3216 ex-

467 3264 660 3309 ventre
690 3253 810 3322 plus
839 3251 1038 3322 ccepit;
1062 3261 1118 3306 et
1143 3252 1414 3307 laborabit
1442 3252 1638 3319 adhuc,
1664 3254 1765 3308 nisi
1797 3253 1864 3308 ad
1895 3254 2066 3310 medi-

466 3356 718 3402 camenta
748 3360 849 3400 sua
892 3353 1226 3402 revertatur.
1258 3345 1392 3402 Vale
1416 3386 1432 3415 ,
1474 3354 1530 3402 et
1567 3362 1665 3402 nos
1713 3347 1908 3419 dilige;
1941 3349 2063 3420 quia

469 3453 570 3494 nos
601 3445 654 3494 te
682 3436 976 3508 diligimus.

991 3539 1015 3576 8
1062 3528 1401 3587 EPISTOLA
1439 3531 1549 3586 LV.

469 3624 683 3681 Evsunn
710 3621 938 3677 sobolem
962 3622 1154 3692 partim
1180 3623 1324 3692 apud
1345 3638 1400 3678 se
1424 3624 1751 3691 remansisse,
1783 3625 1977 3692 partim
1998 3627 2066 3680 ad

537 3790 563 3818 α
603 3779 816 3848 Scripta
844 3777 985 3832 circa
1012 3790 1214 3831 annum
1243 3775 1370 3832 592.

543 3851 569 3889 ι)
594 3849 812 3906 Eusebii
835 3848 1193 3922 Bononiensis
1216 3848 1458 3922 episcopi
1476 3848 1745 3922 memoria
1769 3849 1822 3904 in
1845 3848 2067 3922 Martyr.

471 3923 632 3980 llorn.
656 3922 876 3990 ponitur
901 3935 954 3974 vt
982 3918 1401 3991 kal.‘0ctobres.
1435 3919 1578 3975 idem
1622 3921 1675 3975 in
1703 3918 1884 3991 Aquil.
1907 3918 2065 3976 conc.

469 3989 807 4048 memoratur
852 4006 974 4060 pag.
1009 3991 1133 4056 801,
1183 3989 1275 4043 ubi
1306 4005 1407 4046 nos
1446 3991 1613 4046 alium
1657 3989 1780 4046 non
1799 3991 1970 4048 videri
2001 3992 2070 4047 ab

469 4079 561 4129 eo,
591 4076 752 4134 quem
779 4060 1109 4134 Ambrosius,
1138 4060 1292 4134 initio
1325 4062 1418 4116 lib.
1447 4062 1515 4134 de
1556 4062 1732 4134 lnstit,
1765 4061 1916 4132 Virg.
1956 4063 2072 4118 lau-

468 4135 583 4201 dat,
609 4131 1044 4203 submonuimus.
1078 4131 1186 4188 Sed
1215 4131 1388 4198 illum,
1419 4133 1485 4186 ad
1517 4149 1678 4203 quem
1711 4133 1828 4187 haec
1862 4131 1915 4188 et
1941 4135 2067 4188 sub-

467 4220 700 4273 sequens
727 4203 958 4272 epistola
985 4202 1355 4273 destinantur,
1377 4203 1446 4257 ab
1465 4202 1923 4260 eo'existimamus
1945 4220 2066 4260 esse

469 4272 772 4340 diversum,
799 4283 858 4328 ut
885 4273 1090 4328 dictum
1119 4280 1203 4327 est
1239 4272 1294 4326 in
1325 4273 1561 4328 Admon.
1589 4277 1656 4328 ad
1699 4274 1792 4329 lib.
1821 4274 1890 4330 de
1930 4277 2062 4330 Inst.

469 4347 621 4416 Virg.
654 4344 808 4416 Quod
841 4358 972 4416 ergo
997 4344 1051 4397 in
1081 4357 1214 4416 mss.
1238 4343 1444 4416 aliquot
1493 4354 1553 4400 et
1578 4345 1707 4399 edit.
1734 4345 1785 4398 in
1816 4346 2069 4402 lemmate

469 4413 728 4473 scribitur
759 4413 978 4470 Eusebio
1009 4415 1250 4480 episcOpo
1271 4453 1287 4479 ,
1323 4414 1374 4468 id
1402 4416 1575 4469 errori
1615 4429 1804 4469 eorum
1836 4417 2068 4471 ascribi-

470 4505 614 4556 mus,
647 4487 739 4556 qui
769 4501 838 4541 ex
867 4492 1098 4556 utroque
1127 4483 1366 4556 Eusebio
1410 4500 1578 4540 unum
1611 4484 1876 4556 iecerunt.
1909 4486 2070 4543 Certe

471 4561 526 4614 in
555 4553 819 4629 sequente
847 4555 1074 4626 epistola
1105 4553 1396 4629 episcopus
1426 4570 1533 4610 non
1565 4555 1864 4629 salutatur,
1883 4572 1984 4612 nec
2015 4559 2067 4613 in

471 4624 752 4685 ambarum
786 4624 898 4682 line
936 4634 1159 4697 vocatur
1191 4624 1375 4690 frater,
1403 4641 1511 4697 quo
1537 4626 1758 4682 nomine
1785 4628 2070 4697 episcopos

473 4700 681 4768 alloqui
703 4699 844 4753 solet
867 4696 1208 4752 Ambrosius.

549 4785 569 4810 ε
613 4770 926 4850 Apparitor,
971 4781 1279 4850 apparere,
1309 4769 1704 4850 et.appa‘riiu_m
1747 4770 1876 4840 quid
1921 4771 2065 4850 sint,

472 4838 746 4913 quamque
790 4839 922 4913 varii
970 4838 1129 4913 hujus
1177 4839 1412 4913 nominis
1461 4838 1828 4913 oili_ciales,'et
1873 4843 2070 4910 quibus

471 4909 602 4968 olim
656 4909 939 4983 paruerint
990 4909 1434 4983 magistratibus,
1486 4910 1777 4982 diligenter
1832 4915 2074 4982 explicat

469 4979 809 5054 Bulengerus
850 4980 944 5054 lib.
986 4996 1038 5034 vt
1083 4981 1150 5054 d_e
1190 4979 1326 5054 Imp.
1354 4981 1510 5054 Rom.
1542 4979 1662 5053 cap.
1697 4984 1783 5037 17.
1816 4979 2071 5054 Idemque

474 5055 544 5110 de
569 5051 966 5124 apparitoribus
996 5051 1237 5121 praefecti
1269 5053 1548 5124 praetorio,
1579 5051 1835 5122 eiquibus
1856 5051 2065 5119 eratis.

471 5126 544 5180 de
570 5122 677 5194 quo
721 5125 820 5196 hic;
853 5123 1050 5196 agitur,
1095 5122 1353 5196 nonnulla
1391 5124 1582 5178 refert.
1624 5123 1861 5182 Adverte
1907 5141 2070 5196 porro

470 5193 636 5266 quam
682 5194 861 5266 lepide
906 5193 1423 5266 ludat_Ambrosius
1461 5204 1647 5250 noster
1676 5197 1727 5250 in
1770 5193 2069 5265 proverbiis

469 5263 505 5320 εἰ
536 5278 696 5334 portu
719 5263 997 5331 derivatis,
1031 5263 1286 5337 nimirum
1311 5263 1783 5337 accommodanda
1811 5282 2071 5337 reparan-

469 5337 665 5392 dorum
712 5345 960 5408 portuum
994 5334 1322 5408 redemptori
1355 5337 1451 5389 has
1473 5338 1804 5408 iparmmias,
1835 5334 1888 5391 in
1916 5348 2070 5408 portu

469 5405 732 5480 navigare,
759 5407 890 5480 eiin
918 5415 1077 5480 portu
1093 5405 1376 5480 impingere
1401 5407 1487 5480 vel
1510 5409 1849 5480 naufragium
1876 5405 2066 5480 facere,

467 5479 536 5535 de
565 5476 762 5551 quibus
785 5478 952 5551 Erae:
968 5476 1103 5551 _cbil.
1141 5478 1194 5543 1,
1222 5484 1368 5531 cent.
1395 5478 1422 5530 1
1455 5476 1728 5548 adag.'46,
1753 5489 1810 5533 et
1847 5479 1980 5534 cbil.
2013 5481 2066 5545 1,

465 5547 613 5606 cent.
649 5551 704 5617 5,
732 5548 889 5616 adag.
921 5547 1014 5602 76.

536 5619 564 5657 (ι
602 5616 858 5689 Quaedam
904 5617 1032 5672 edit.
1082 5616 1361 5690 exhibent,
1411 5627 1464 5673 ut
1509 5621 1801 5690 accepit....
1821 5620 1958 5690 jussi
1983 5635 2064 5675 re-

462 5688 636 5742 trahi.
652 5692 911 5745 Neutrum
935 5688 1204 5756 apposite.

539 5769 561 5795 θ
602 5758 683 5811 Ad
731 5767 962 5812 sanctam
1006 5773 1264 5828 sororem,
1317 5759 1372 5815 id
1424 5769 1528 5828 est,
1583 5760 2054 5819 sanctimonialem

576 5938 832 5952 -ιδιι,.,...,λ

2171 3255 2303 3311 citet
2329 3269 2452 3310 eum
2480 3254 2612 3310 Sem
2641 3253 2815 3310 nostri
2845 3251 3203 3309 desiderium.

2244 3351 2300 3404 '5.
2343 3349 2443 3405 Est
2472 3359 2528 3405 et
2558 3349 2630 3404 ibi
2657 3347 2852 3418 Japbet
2893 3347 3082 3417 junior
3109 3362 3176 3403 ex
3225 3346 3483 3401 lratribus
3509 3344 3665 3416 (Gen.
3697 3361 3774 3411 ιιι,

2173 3440 2291 3513 25),
2340 3441 2432 3511 qui
2478 3441 2697 3511 pietatis
2741 3440 3049 3496 reverentia
3092 3449 3299 3510 patrem
3351 3439 3573 3504 induat,
3615 3453 3776 3509 quem

2175 3542 2333 3606 pater
2361 3543 2413 3590 et
2459 3533 2740 3590 dormiens
2782 3533 2987 3601 videat,
3021 3549 3122 3591 nec
3148 3548 3400 3604 umquam
3445 3532 3516 3588 dc
3559 3542 3779 3604 pectore

2178 3627 2416 3683 dimittat
2439 3641 2558 3693 suo,
2590 3627 2723 3697 quin
2749 3641 2970 3698 semper
2998 3627 3172 3684 oculis
3192 3636 3247 3684 et
3267 3627 3551 3700 complexu
3577 3636 3776 3696 teneat,

2177 3780 2475 3850 virginem;
2507 3795 2614 3850 qua
2638 3779 2707 3837 de
2730 3795 2791 3837 re
2817 3781 3031 3836 dicetur
3060 3796 3177 3851 seq.
3209 3782 3368 3851 epist.

2225 3851 2270 3924 At
2313 3851 2516 3907 Omnes
2542 3866 2699 3920 mss.,
2733 3863 2780 3907 et
2811 3851 3067 3907 medicum
3096 3861 3285 3924 putat;
3313 3852 3410 3909 sed
3442 3853 3496 3909 in
3526 3854 3775 3910 omnibus

2175 3921 2307 3978 edit.
2345 3939 2424 3977 me
2449 3924 2738 3994 reperitur.

2247 4004 2270 4064 β
2311 3994 2524 4064 Scripta
2555 3995 2700 4050 circa
2725 4010 2926 4050 annum
2955 3994 3084 4051 392.

2243 4063 2268 4100 ¹¹
2309 4063 2546 4140 Νρηθει
2587 4065 2818 4140 dubium
2841 4068 2969 4140 quin
3001 4066 3089 4123 hic
3129 4067 3400 4140 Eusebius
3442 4067 3585 4140 idem
3619 4069 3778 4140 plane

2171 4136 2263 4210 s_it.
2313 4136 2953 4210 adquemiinscribitur
3005 4139 3256 4209 superior
3306 4139 3573 4210 epistola,
3620 4136 3776 4210 pater

2173 4205 2415 4280 Faustini
2449 4205 2707 4280 alterius,
2752 4209 2870 4278 ejus
2898 4224 3030 4265 vero
3072 4205 3163 4280 qui
3193 4205 3778 4266 tussi'laborare'uun-

2173 4278 2336 4352 tiatus
2357 4288 2464 4344 est,
2487 4293 2639 4334 avus.
2659 4279 2969 4352 Utrumque
2990 4278 3171 4335 autem
3203 4282 3290 4336 hic
3315 4282 3588 4352 designari
3616 4298 3778 4338 nemo

2171 4347 2384 4421 dubitet
2408 4367 2420 4402 :
2442 4365 2630 4405 verum
2658 4349 2799 4405 haud
2822 4347 3167 4407 mediocriter
3185 4355 3388 4407 erravit
3412 4347 3475 4408 F.
3509 4353 3774 4421 Nannius,

2173 4417 2299 4494 dum
2333 4421 2661 4494 Ambrosium
2691 4421 2880 4491 pignus
2923 4422 2994 4494 ita
3044 4421 3302 4494 exponit,
3349 4425 3505 4494 quasi
3545 4417 3778 4494 ipsemet

2174 4491 2730 4564 Aimbrosiusrnosier
2775 4506 2899 4564 cum
2941 4493 3051 4549 alio
3099 4491 3413 4558 Ambrosio,
3477 4491 3631 4564 patre
3675 4510 3776 4551 suo

2095 4598 2148 4658 1)
2174 4561 3287 4658 '1‘91‘1‘1'1'22.sitﬂlficeff";33191969"?
3323 4561 3548 4658 suae"
3581 4568 3683 4621 ηίεί
3705 4568 3775 4658 ac

2177 4634 2770 4708 ii_mbro_sio_puero_e_t
2813 4633 3114 4708 Ambrosia‘
3141 4636 3370 4708 virgine,
3405 4637 3577 4708 cujus
3602 4639 3774 4708 gratia

2179 4703 2315 4776 iiber
2357 4705 2426 4760 de
2480 4704 2652 4758 lnstit.
2687 4705 2837 4776 Virg.
2871 4707 3053 4760 editus
3096 4703 3360 4774 luitfhoc
3384 4703 3587 4762 dictum
3605 4703 3770 4764 'esse.

2181 4775 2324 4829 Idem
2360 4776 2524 4848 etiam
2559 4791 2667 4848 non
2699 4775 2856 4848 aliter
2881 4776 3267 4848 hallucinatur,
3299 4778 3426 4832 dum
3452 4788 3774 4848 sequentem

2177 4846 2502 4920 sententiam
2555 4845 2778 4913 perinde
2825 4848 3039 4919 accipit,
3089 4864 3151 4903 ac
3183 4847 3229 4920 si
3267 4848 3363 4904 Vir
3411 4845 3635 4905 sanctus
3682 4867 3777 4920 per

2177 4919 2419 4989 vocesin
2444 4926 2591 4985 patre
2624 4927 2834 4989 patrem
2879 4935 3036 4974 suum
3084 4919 3428 4974 Ambrosium
3455 4960 3469 4983 ,
3503 4930 3560 4976 et
3593 4919 3691 4989 per
3717 4924 3774 4978 τὸ

2179 4988 2232 5040 in
2278 4987 2386 5055 ﬁlio
2429 4987 2636 5042 minore
2671 4988 3018 5045 Parthenium
3047 4991 3269 5044 fratrem
3299 5005 3455 5045 suum
3505 4987 3770 5048 minorem

2180 5057 2528 5128 intelligeret.
2556 5059 2661 5114 Sed
2689 5061 2811 5128 quis
2835 5061 3068 5116 somniet
3107 5059 3378 5116 Ambrosii
3410 5064 3584 5118 nostri
3612 5079 3771 5119 avum

2173 5127 2342 5184 fuisse
2363 5127 2516 5186 hunc
2563 5127 2880 5188 Eusebium.
2939 5131 3067 5187 Haec
3114 5133 3291 5202 apinae
3319 5143 3448 5187 sunt
3491 5149 3558 5188 ac
3608 5149 3773 5190 mera

2174 5214 2502 5327 nugaeCodex
2541 5272 2730 5341 Vind.,
2786 5284 2834 5327 et
2861 5283 3108 5345 perpetua
3133 5274 3398 5338 uocabuli;
3421 5275 3555 5330 edit.
3587 5275 3769 5343 Rom.,

2174 5349 2220 5396 et
2244 5345 2572 5416 perpetuitati
2615 5344 2900 5399 uocabuli:
2933 5345 3125 5400 rnelius
3151 5345 3342 5416 reliqui
3374 5360 3510 5401 mss.
3543 5362 3608 5402 ac
3639 5348 3767 5403 edit.

2175 5420 2230 5466 ut
2265 5415 2316 5467 in
2347 5424 2519 5468 textu.
3221 5429 3224 5431 ·

2251 5483 2265 5532 i
2317 5484 2950 5557 ambrosiamgintellige,
2993 5486 3062 5541 de
3092 5482 3280 5557 quain
3306 5487 3542 5544 Admon.
3579 5489 3674 5545 lib.
3704 5489 3772 5546 de

2175 5551 2311 5624 Inst.
2343 5553 2493 5624 Virg.
2525 5569 2555 5609 a
2585 5556 2742 5612 nobis
2770 5551 2994 5613 dictum.

2245 5623 2272 5699 ξι
2310 5623 2549 5699 lta_edit_.
2579 5636 2689 5683 vet.
2722 5643 2786 5683 ac
2811 5630 2996 5699 plures
3034 5643 3168 5684 mss.
3198 5638 3254 5683 at
3280 5629 3439 5685 Rom.
3473 5630 3615 5687 edit.
3645 5647 3765 5688 cum

2169 5693 2290 5752 aliis
2316 5695 2637 5767 quibusdam
2667 5693 2828 5768 mss.,
2852 5699 3134 5770 principem
3153 5701 3394 5772 justitire.
