4040 6166
276 263 430 323 “69

1466 271 1955 332 EPISTOLARUM
1985 271 2269 333 CLASSIS
2307 277 2347 333 l.

3445 281 3586 338 “70

273 391 451 450 atque
479 380 742 452 evigilans
772 380 1069 451 intelligat,
1098 395 1220 451 qua:
1251 382 1301 436 ei
1336 381 1528 439 fecerit
1569 384 1715 439 filius
1753 399 1883 439 suus
1908 395 1962 454 Α
2059 385 2365 454 Capuanum
2411 387 2690 442 concilium
2731 391 2887 458 ﬁnem
2934 388 3123 456 ali'erre
3174 407 3278 446 non
3333 394 3586 463 potuisse.

267 473 486 543 junior.
520 472 621 541 Qui
652 473 882 528 latitudo
913 473 1103 528 Latine
1132 474 1355 542 dicitur,
1379 490 1445 532 eo
1473 476 1619 546 quod
1645 477 1696 531 in
1728 477 1882 533 labiis

271 569 400 640 ejus
439 567 635 623 diffusa
663 567 839 638 gratia
870 569 962 633 sit,
995 579 1050 623 et
1082 568 1134 623 in
1168 569 1444 635 moribus;
1476 578 1699 641 propter
1737 570 1882 640 quod

270 660 561 716 benedixit
591 675 714 714 eum
745 660 1028 726 Dominus,
1053 661 1175 730 quia
1205 661 1324 732 ipse
1353 670 1375 696 η
1407 671 1680 728 tamquam
1703 661 1883 716 Bono-

270 754 423 809 niam
458 763 756 809 retrorsum
804 753 1020 809 rediens
1063 763 1270 824 patrem
1305 754 1439 810 texit
1484 755 1575 826 pio
1604 754 1882 810 charitatis

269 848 551 904 velamine
578 846 731 918 (Gen.
761 863 837 914 ix,
865 847 983 918 26),
1007 857 1063 904 et
1107 849 1303 904 detulit
1350 848 1537 918 pietati
1582 850 1879 916 honorem,

269 944 342 1000 de
368 957 481 1014 quo
509 956 563 998 et
595 950 750 1012 pater
781 943 858 997 ait
890 960 903 996 :
938 942 1187 1012 Lretiﬁcet
1222 942 1358 998 Deus
1387 942 1581 1014 Japliet
1611 945 1662 998 in
1707 945 1877 998 domi-

268 1037 366 1090 bus
399 1035 521 1091 Sem
549 1033 741 1108 (Ibid.,
769 1034 884 1107 27).
922 1034 1075 1091 Unde
1100 1046 1154 1090 et
1193 1037 1244 1090 in
1275 1038 1689 1092 enumeratione
1718 1051 1880 1106 gene-

268 1130 550 1185 rationum
577 1127 730 1187 (Geta.
758 1145 813 1196 x,
841 1128 867 1182 1
899 1137 944 1182 et
973 1125 1110 1200 seq.)
1143 1129 1428 1199 pra-fertur
1454 1130 1661 1185 seniori
1700 1129 1875 1198 fratri,

267 1222 325 1278 in
350 1220 734 1278 benedictione
749 1220 1098 1276 substituitur
1118 1239 1131 1275 :
1158 1221 1449 1292 prmfertur
1468 1232 1694 1294 propter
1708 1221 1878 1278 hono-

265 1330 392 1370 rem
448 1316 717 1384 nominis,
759 1316 1114 1372 substituitur
1180 1327 1402 1388 propter
1459 1319 1874 1389 praerogativam

265 1409 509 1465 senioris
538 1409 734 1477 aetatis,
769 1419 824 1466 et
855 1409 1324 1467 honorificentiam
1354 1397 1568 1467 natura!
1609 1412 1874 1468 debitam.

340 1505 396 1558 4.
441 1503 569 1559 Sem
610 1512 791 1559 autem
829 1503 1032 1558 dicitur
1059 1503 1226 1558 latine
1259 1520 1479 1560 nomen.
1511 1504 1580 1559 Et
1621 1505 1757 1560 bene
1790 1503 1878 1559 hic

265 1604 463 1649 noster
489 1593 810 1648 Ambrosius
854 1593 1055 1650 bonum
1104 1609 1327 1662 nomen,
1362 1596 1413 1649 in
1443 1595 1596 1666 cujus
1625 1594 1877 1650 domibus

263 1685 293 1723 ἲ»
328 1685 591 1740 dilatetur
615 1685 840 1755 .Iaphet;
869 1687 991 1752 quia
1013 1688 1184 1756 potius
1206 1697 1282 1742 est
1304 1703 1490 1742 nomen
1512 1687 1702 1742 bonum
1725 1703 1877 1759 super

2059 475 2391 542 Flavianum,
2424 479 2560 548 quod
2588 481 2887 557 imperatori
2918 499 3092 550 preces
3122 484 3401 553 obtulerit,
3433 487 3586 541 incn-

2055 581 2136 625 sat
2163 588 2181 624 :
2209 573 2301 625 sed
2321 573 2396 625 ita
2421 582 2591 626 tamen
2620 584 2676 627 ut
2711 575 2807 629 hoc
2848 577 3015 646 ipsius
3045 578 3161 648 juri
3204 577 3337 632 nolit
3365 580 3586 649 allicere.

2058 662 2328 718 Postremo
2358 663 2705 737 TheOphilum
2733 669 2988 737 quomodo
3010 670 3274 740 judicium
3303 672 3398 726 hoc
3427 690 3459 726 a
3487 671 3587 728 Ca-

2057 771 2230 822 puana
2254 758 2452 826 synodo
2477 758 2557 812 illi
2586 761 2913 814 commissum
2939 774 3197 830 exerceat,
3223 774 3424 832 monet;
3447 776 3500 819 ut
3523 784 3586 822 ea

2056 847 2121 902 de
2143 863 2200 902 re
2224 849 2478 918 imprimis
2507 851 2576 903 ad
2607 851 2901 906 Romanum
2926 854 3222 925 pontiﬁcem
3249 856 3438 926 referat
3461 874 3585 912 sua-

2056 941 2203 996 dens.

2447 1039 2752 1093 Auaaosws
2790 1037 3124 1095 Tusormm.

2057 1127 2109 1180 l.
2155 1125 2271 1181 Non
2303 1126 2469 1184 habet
2519 1129 2665 1199 quod
2697 1139 2888 1201 urgeat
2915 1128 2942 1165 ιλ
2966 1130 3228 1202 Evagrius
3255 1173 3269 1198 ,
3319 1141 3374 1188 et
3423 1132 3589 1188 habet

1981 1217 2124 1288 quod
2172 1229 2382 1275 metuat
2433 1221 2745 1286 Flavianus,
2796 1223 3030 1293 ideoque
3077 1223 3279 1294 refugit
3327 1238 3582 1280 examen.
3675 1263 3681 1266 -

1982 1312 2121 1368 Dent
2148 1311 2345 1370 fratres
2372 1316 2586 1370 veniam
2617 1316 2792 1372 dolori
2818 1316 2997 1387 justo;
3032 1319 3161 1388 quia
3193 1328 3418 1389 propter
3438 1319 3586 1388 ipsos

1981 1406 2268 1463 universus
2296 1409 2446 1464 orbis
2474 1412 2806 1479 concutitur,
2837 1421 2894 1466 et
2934 1412 3016 1466 illi
3043 1423 3223 1468 tamen
3251 1423 3443 1469 nostro
3475 1429 3584 1469 non

1979 1502 2386 1571 compatiuntur
2413 1503 2610 1560 dolori.
2645 1503 2659 1540 ί
2695 1505 3000 1575 Perstringi
3032 1506 3226 1562 saltem
3257 1521 3317 1561 se
3347 1506 3588 1577 aequani-

1980 1599 2142 1653 miter
2170 1597 2349 1653 ferant
2374 1600 2444 1654 ab
2477 1600 2564 1664 iis,
2614 1615 2753 1667 quos
2799 1599 2988 1656 vident
3032 1615 3125 1654 sua
3169 1616 3268 1671 per
3309 1611 3584 1656 tantorum

1980 1689 2258 1744 curricula
2310 1697 2614 1759 temporum
2666 1691 2848 1745 vexari
2898 1692 3220 1746 intentione.
3281 1689 3429 1747 luter
3485 1693 3584 1746 hos

263 1780 462 1834 nmltas
493 1778 792 1833 divitiarum
822 1780 999 1850 capias
1046 1778 1230 1852 (Prov.
1264 1797 1408 1849 χχιι,
1443 1780 1522 1852 1).
1553 1780 1634 1838 Sit
1662 1796 1792 1853 ergo
1819 1790 1875 1838 et
1906 1791 1951 1851 Β
1980 1779 2181 1836 etenim
2209 1780 2348 1834 duos
2376 1781 2535 1844 nihil,
2570 1781 2712 1850 quod
2745 1781 2810 1836 ad
2842 1782 3042 1836 Christi
3072 1797 3260 1853 pacem
3293 1784 3584 1853 pertineat,

263 1872 372 1928 iste
402 1872 746 1938 benedictus,
777 1883 832 1927 et
857 1873 1028 1942 gratia
1055 1873 1174 1943 ejus
1194 1888 1360 1943 super
1385 1889 1576 1929 aurum
1599 1885 1654 1929 et
1681 1890 1874 1945 argen-

261 1974 404 2030 tum,
437 1965 510 2019 sit
539 1966 592 2020 in
625 1965 876 2034 portione
904 1965 1022 2034 ejus
1048 1979 1234 2022 semen
1267 1967 1521 2032 Abrahae,
1554 1967 1678 2022 csit
1701 1968 1871 2023 bene-

261 2059 438 2115 dictio
458 2060 640 2114 omnis
663 2059 716 2114 in
742 2062 1059 2130 posteritate
1108 2068 1163 2114 et
1187 2060 1337 2114 omni
1363 2060 1566 2115 familia
1589 2061 1721 2130 justi
1747 2061 1868 2115 viri.

261 2151 382 2209 Sed
413 2153 736 2208 maledictus
766 2167 959 2218 nemo,
991 2151 1260 2208 benedicti
1302 2167 1520 2217 omnes;
1551 2153 1872 2209 benedictus

261 2246 416 2302 enim
447 2245 595 2302 Sara:
624 2245 849 2301 fructus.

338 2340 395 2394 5.
439 2337 687 2394 Salutant
719 2349 770 2394 te
799 2338 1107 2401 Ambrosii,
1159 2337 1368 2392 salutat
1393 2337 1719 2393 Parthenius
1748 2337 1871 2392 dul-

262 2434 539 2500 cissimus,
576 2433 778 2488 salutat
805 2431 1219 2488 Valentinianus
1247 2439 1469 2501 paratus
1499 2431 1564 2485 ad
1594 2430 1871 2485 humilita-

265 2537 408 2593 tem;
457 2525 601 2596 quod
640 2525 905 2581 Hebraice
954 2521 1210 2579 Chanaan
1259 2523 1479 2589 dicitur,
1532 2523 1684 2594 quasi
1736 2537 1871 2594 puer

262 2621 453 2676 fratris
481 2620 601 2685 sui,
631 2616 658 2655 ιι
689 2618 774 2674 cui
803 2629 858 2673 et
886 2618 1104 2672 nomine
1132 2631 1232 2671 suo
1261 2619 1447 2672 cessit.
1482 2616 1550 2671 Et
1577 2616 1698 2671 ideo
1727 2626 1868 2671 tam-

263 2729 430 2786 quam
459 2711 753 2768 Nembroth
782 2712 982 2783 gemini
1007 2711 1161 2782 gigas
1182 2709 1441 2770 nominis.
1467 2717 1691 2764 venator
1719 2721 1871 2778 egre-

264 2808 391 2878 gius
431 2821 597 2877 super
638 2815 882 2873 terram,
925 2805 994 2859 de
1038 2819 1147 2875 quo
1187 2803 1394 2858 dictum
1425 2813 1549 2858 est:
1583 2800 1869 2872 Tamquam

269 2902 562 2958 Nembroth
592 2903 737 2973 gigas
764 2910 977 2956 venator
1019 2909 1139 2953 ante
1185 2897 1468 2954 Dominum
1507 2897 1665 2971 (Gen.
1698 2912 1754 2962 x,
1789 2895 1866 2965 9).

265 2996 514 3065 Namque
553 2995 774 3064 ingenio
808 2993 1166 3059 subrusticus,
1213 2992 1426 3047 viribus
1471 2991 1706 3057 validus,
1735 3003 1869 3060 quos

269 3089 492 3160 ingenio
548 3103 764 3158 aequare
817 3101 923 3141 non
973 3095 1180 3156 potest,
1233 3086 1440 3140 viribus
1491 3093 1758 3156 superat;
1813 3091 1868 3136 ut

1981 1872 2244 1944 eligentes
2274 1874 2454 1944 gravis
2488 1883 2601 1928 toto
2629 1873 2762 1930 orbe
2788 1874 2968 1930 stabat
2993 1874 3287 1931 discordia.

2047 1968 2100 2020 ‘2.
2143 1966 2241 2022 Cui
2275 1967 2431 2021 bonae
2459 1967 2608 2036 pacis
2635 1965 2920 2038 naufragio
2969 1976 3158 2023 sancta
3205 1967 3451 2039 synodus
3481 1969 3582 2023 tia-

1979 2059 2200 2130 puensis
2233 2060 2451 2117 tandem
2479 2061 2754 2116 obtulerat
2792 2070 3010 2130 portum
3053 2061 3498 2132 tranquillitatis;
3525 2073 3586 2118 ut

1977 2152 2231 2208 omnibus
2279 2167 2376 2221 per
2423 2160 2597 2207 totum
2650 2152 2925 2208 Orientem
2983 2154 3210 2209 daretur
3267 2156 3583 2210 communio

1977 2245 2302 2300 catholicam
2334 2245 2722 2300 confitentibus
2755 2245 2939 2311 fidem,
2988 2255 3044 2301 et
3065 2245 3278 2301 duobus
3309 2248 3428 2302 istis
3475 2258 3583 2303 tua:

1977 2336 2284 2392 sanctitatis
2333 2349 2561 2390 examen
2592 2335 2989 2404 impertiretur,
3021 2336 3279 2391 fratribus
3308 2349 3361 2392 et
3387 2352 3582 2392 consa-

1975 2428 2292 2484 cerdotibus
2338 2429 2539 2483 nostris
2579 2428 2854 2499 Egyptiis
2886 2428 3090 2499 pariter
3129 2429 3578 2496 considentibus;

1976 2520 2101 2591 quia
2136 2522 2236 2575 hoc
2269 2535 2458 2576 verum
2481 2519 2748 2590 judicium
2790 2520 3035 2575 futurum
3080 2520 3328 2577 arbitrati
3367 2538 3577 2589 sumus,

1974 2610 2118 2682 quod
2147 2611 2328 2665 neutri
2355 2611 2497 2681 parti
2521 2611 2724 2667 sociata
2748 2613 3156 2680 communione,
3182 2613 3367 2684 aliquo
3391 2614 3580 2668 favore

1977 2703 2361 2774 propenderet.

2049 2801 2106 2854 ‘5.
2146 2797 2279 2853 Cum
2326 2812 2392 2852 ex
2435 2797 2521 2852 his
2552 2797 2715 2868 igitur
2748 2801 2760 2847 i
2798 2797 3124 2868 mquissimis
3155 2798 3348 2870 synodi
3379 2800 3586 2854 consti-

1979 2893 2110 2945 tutis
2156 2905 2502 2961 speraremus
2547 2891 2658 2960 jam
2711 2891 3010 2947 remedium
3052 2892 3275 2956 datum,
3310 2892 3583 2963 finemque

1977 2985 2200 3039 allatum
2233 2982 2546 3048 discordiae,
2578 2982 2774 3038 scribit
2802 2986 3064 3037 sanctitas
3097 2993 3185 3037 tua
3234 2984 3427 3038 iterum
3475 2983 3584 3037 frao

1981 3085 2118 3131 trem
2149 3086 2394 3130 nostrum
2426 3073 2746 3128 Flavianum
2774 3073 2840 3128 ad
2873 3088 3094 3143 precum
3117 3073 3318 3128 auxilia
3341 3115 3354 3136 ,
3383 3083 3438 3128 et
3479 3074 3581 3129 im-

267 3181 593 3238 Comaciuas
644 3195 806 3250 rupes
835 3189 1049 3249 gestare
1075 3194 1285 3244 secum,
1319 3189 1341 3214 ε’
1375 3186 1430 3234 et
1458 3178 1676 3244 faciem,
1712 3187 1867 3232 tauro
1896 3185 1941 3247 ρ
1974 3171 2256 3242 perialium
2280 3169 2672 3239 rescriptorum
2697 3167 2952 3238 suffragia
2978 3169 3330 3224 remeavisse.
3356 3165 3581 3222 Frustra

270 3275 518 3346 prepior,
549 3273 698 3328 vultu
728 3272 978 3326 videatur
1021 3272 1339 3341 exprimere
1360 3311 1376 3337 ,
1412 3272 1781 3340 posthabitam
1808 3286 1867 3326 se

269 3366 615 3434 indignatus,
643 3372 700 3417 et
732 3371 955 3432 paterno
985 3373 1210 3418 exutum
1238 3362 1505 3418 vocabulo
1524 3403 1539 3429 ,
1583 3372 1864 3432 metropo-

270 3458 502 3511 litanum
538 3456 712 3510 virum
741 3456 1067 3511 Bononiensi
1109 3455 1417 3522 subditum;
1471 3457 1592 3527 quia
1625 3456 1868 3512 infantiae

267 3549 448 3606 nescit
474 3549 763 3605 blanditias
783 3591 798 3617 ,
828 3559 881 3605 et
912 3548 979 3605 de
1022 3549 1246 3604 nutricis
1281 3549 1493 3620 gremio
1523 3563 1583 3603 se
1614 3548 1632 3586 ί
1668 3548 1870 3603 illaesus

267 3642 535 3698 excussit.
570 3642 721 3710 Vale,
751 3653 811 3700 et
848 3657 947 3699 nos
972 3643 1167 3715 dilige;
1197 3644 1324 3713 quia
1356 3658 1457 3698 nos
1488 3652 1541 3698 te
1570 3642 1865 3712 diligimus.

657 3738 867 3810 ιοοε
905 3748 931 3785 ε
975 3737 1311 3793 EPISTOLA
1353 3735 1486 3789 LVI.

274 3829 428 3886 Dolet
467 3830 775 3886 Alanosws
822 3832 1227 3886 contentionibus
1273 3830 1484 3900 Evagrii
1525 3844 1586 3880 ac
1633 3823 1874 3879 Flaviani

351 4024 374 4048 ει
417 4011 533 4065 Vet.
563 4009 720 4071 edit.,
747 4018 1006 4076 tamquam
1033 4009 1197 4074 bonus
1223 4024 1239 4071 ;
1266 4005 1420 4058 Rom.
1453 4003 1668 4076 adjecit,
1711 4015 1864 4076 nepa,

275 4089 413 4142 forte
438 4083 561 4151 quia
589 4069 876 4148 subjicitur
895 4081 946 4132 in
973 4072 1142 4151 textu,
1172 4069 1454 4151 retrorsum
1474 4069 1700 4151 rediens,
1724 4069 1867 4151 quod

276 4172 431 4226 nepa:
458 4145 556 4208 seu
599 4145 798 4226 canerc
846 4150 1122 4203 convenit.
1159 4147 1302 4226 Vera
1332 4155 1532 4226 nlﬂlllel'l
1579 4145 1742 4199 lectio
1787 4150 1869 4226 est

277 4213 436 4291 mss.,
471 4235 727 4293 tamquam
751 4221 1058 4293 Bononiam,
1082 4213 1579 4293 qttjtlatnBononia,
1608 4214 1868 4293 non_satis

277 4286 448 4359 recte,
480 4286 602 4349 cuni
653 4295 740 4349 hic
789 4300 980 4363 agatur
1024 4286 1115 4346 de'
1141 4290 1400 4363 Faustino
1430 4303 1597 4358 puero
1630 4286 1868 4363 _qu_i_una

277 4385 400 4426 cum
431 4358 580 4435 patre
605 4358 1103 4439 redii_t_Bononiam_.
1130 4363 1206 4439 Et
1219 4359 1601 4439 cnntinuopro
1621 4358 1866 4439 lwt_i_ﬁcet,

277 4428 471 4496 eadem
502 4439 658 4492 llom.
692 4436 825 4491 edit.
869 4436 1048 4506 posuit
1074 4434 1335 4504 laliﬁcet:
1365 4432 1506 4502 quod
1551 4446 1656 4484 non
1684 4428 1872 4498 displi-

277 4521 447 4574 ceret,
477 4510 521 4564 si
550 4508 636 4564 vel
669 4524 804 4562 uuus
833 4523 937 4560 ms.
967 4505 1373 4575 suffragaretur.

347 4582 376 4620 δ
404 4573 477 4636 lta
505 4581 664 4635 Rom.
700 4579 831 4634 edit.
865 4593 987 4632 cum
1019 4573 1157 4631 mss;
1222 4575 1393 4630 multo
1446 4573 1728 4643 pluribus:
1763 4580 1867 4626 vet.

279 4664 460 4709 autem
492 4666 615 4705 cum
651 4666 758 4704 uno
785 4651 868 4704 vel
897 4649 1091 4712 altero,
1123 4648 1318 4701 lwlelur
1347 4644 1558 4716 Japhet.

356 4737 377 4762 α
422 4723 567 4794 Edit.
599 4732 708 4794 vet.
737 4737 800 4775 ac
824 4719 979 4794 pauci
1002 4733 1159 4783 mss.,
1182 4719 1283 4771 sint
1305 4713 1684 4779 benedictione;
1710 4713 1870 4794 Rom.

279 4796 411 4851 edit.
439 4795 505 4847 sit
528 4793 820 4848 benedictus
843 4791 1039 4856 omnis;
1070 4805 1200 4844 mss.
1235 4803 1430 4858 magno
1453 4800 1703 4850 numero,
1737 4794 1793 4838 ut
1818 4791 1872 4837 in

281 4878 452 4921 ιριιυ.

351 4936 375 4973 tl
417 4935 672 4992 Nonnulli
700 4949 856 4998 mss.,
880 4934 963 4987 cui
984 4943 1031 4985 et
1053 4932 1258 4986 nomine
1279 4931 1543 4985 successit.

357 5021 380 5046 θ
420 5008 563 5063 Edit.
593 5007 839 5076 quaedam
891 5004 1092 5068 Paris.,
1141 5014 1188 5056 et
1241 5002 1427 5076 faciem
1474 4999 1874 5076 tauri__prop_rio

280 5083 448 5136 uultu.
479 5069 682 5152 Sensus
711 5076 928 5147 quidem
955 5083 1198 5152 apertus,
1222 5069 1315 5128 sed
1347 5085 1480 5127 mss.
1510 5080 1565 5124 et
1589 5069 1869 5152 aliis_edit.

280 5152 607 5207 contrarius.
643 5149 708 5202 Et
731 5141 870 5202 sane
907 5141 1032 5200 vera
1071 5146 1234 5199 lectio
1262 5153 1366 5206 est,
1401 5157 1563 5210 quam
1595 5141 1876 5208 amplecti-

283 5239 437 5287 mur;
467 5220 724 5275 alluditur
753 5219 898 5273 enim
930 5218 997 5272 ad
1023 5215 1155 5272 illud
1192 5214 1338 5283 Virg.
1369 5213 1464 5268 lib.
1497 5227 1554 5266 tu
1586 5211 1787 5282 Georg.
1827 5229 1839 5264 :

375 5317 433 5368 Et
454 5315 628 5366 faciem
652 5319 792 5362 tauro
815 5313 1042 5375 propior;
1069 5322 1280 5373 quaeque
1307 5307 1455 5356 ardua
1478 5311 1596 5356 tota.

283 5426 472 5481 faciem
504 5433 682 5480 autem
713 5423 896 5493 posuit
927 5420 1247 5496 Ambrosius
1275 5429 1617 5496 proexterna
1642 5413 1877 5496 regionis

283 5498 682 5566 specieratqne
715 5488 1038 5566 asperitatis
1078 5492 1328 5560 imagine.
1379 5493 1546 5545 Porro
1577 5488 1878 5566 Comacinas

282 5562 438 5634 rupes
465 5562 706 5619 Nannius
728 5578 845 5616 eam
876 5564 1089 5632 Alpium
1111 5572 1314 5634 partem
1339 5576 1461 5634 esse
1489 5562 1728 5634 conjicit,
1759 5571 1879 5634 quae

281 5629 452 5692 ϐόηιο
502 5634 824 5696 imminent,
873 5629 981 5703 quo
1030 5633 1296 5689 coloniam
1347 5633 1637 5702 Pompeius
1684 5629 1879 5703 Strabo

284 5705 529 5774 deduxit,
573 5715 727 5771 pater
760 5698 982 5775 Pompei
1015 5705 1189 5774 Magni
1225 5723 1236 5758 :
1271 5705 1365 5759 sed
1408 5698 1544 5771 haec,
1574 5703 1766 5772 inquit,
1797 5698 1880 5753 di—

287 5778 489 5833 vinatio
514 5783 616 5831 est.

1971 3281 2102 3336 ergo
2149 3273 2420 3318 tantorum
2467 3260 2815 3318 sacerdotum
2865 3261 3018 3316 fusus
3067 3259 3240 3328 labor,
3285 3261 3482 3315 iterum
3511 3260 3580 3314 ad

1974 3361 2131 3432 hujus
2172 3361 2360 3416 saeculi
2403 3357 2608 3430 judicia
2659 3358 3072 3424 revertendum,
3125 3358 3321 3414 iterum
3368 3357 3434 3413 ad
3495 3372 3583 3412 re-

1970 3455 2192 3522 scripta,
2226 3454 2425 3508 iterum
2455 3452 2797 3508 vexabuntur
2819 3451 3137 3508 sacerdotes
3167 3467 3352 3518 senes,
3401 3460 3580 3506 trans-

1971 3545 2246 3602 fretabunt
2292 3548 2485 3610 maria,
2535 3547 2732 3601 iterum
2785 3545 3004 3600 invalidi
3058 3559 3294 3615 corpore
3346 3547 3579 3614 patriam

1977 3640 2265 3709 peregrino
2293 3638 2580 3692 mutabunt
2626 3637 2767 3701 solo,
2799 3636 2994 3690 iterum
3021 3643 3368 3690 sacrosancta
3392 3636 3584 3690 altaria

1979 3729 2324 3793 deserentur,
2375 3737 2432 3782 ut
2481 3729 2533 3781 in
2585 3728 2874 3797 longinqua
2917 3725 3350 3795 proficiscamur,
3381 3726 3580 3783 iterum

1982 3835 2278 3890 pauperum
2308 3819 2480 3874 turbae
2505 3820 2888 3890 episcoporum
2908 3860 2922 3883 ,
2957 3817 3154 3887 quibus
3191 3827 3316 3872 ante
3345 3832 3581 3874 onerosa

2050 3994 2066 4031 τ
2114 3993 2190 4048 Ita
2222 4007 2410 4047 omnes
2453 3993 2583 4047 edit.
2616 4008 2680 4048 ac
2710 3994 2895 4062 plures
2927 4008 3082 4058 mss.,
3130 3994 3361 4051 aliorum
3392 4009 3576 4056 autem

1975 4063 2245 4139 nonuplli,
2275 4064 2326 4118 in
2354 4065 2550 4139 ulcus;_
2564 4063 2831 4139 ncnnulli,
2867 4066 3086 4130 inultus,
3113 4067 3284 4136 magis
3305 4073 3572 4139 apposite.

2047 4147 2071 4184 8
2111 4135 2324 4203 Scripta
2353 4149 2499 4190 anno
2521 4135 2648 4190 592.

2045 4205 2072 4244 ιι
2112 4207 2188 4261 De
2250 4205 2476 4260 dissidio
2537 4205 2797 4260 Ecclesia:
2849 4204 3206 4262 Antiochensi
3242 4209 3313 4264 ob
3367 4209 3570 4268 Meletii

1972 4289 2136 4349 atque
2167 4278 2374 4332 Paulini
2407 4277 2777 4334 ordinationes
2800 4285 2967 4340 moto,
2995 4276 3170 4347 deque
3195 4289 3353 4349 pacto
3375 4297 3573 4338 novum

1975 4349 2273 4406 antistitem
2298 4349 2352 4403 in
2383 4349 2610 4403 alterius
2639 4349 2909 4404 demortui
2931 4349 3108 4402 locum
3137 4364 3244 4405 non
3270 4349 3576 4407 sufficiendi

1898 4413 1950 4474 D
1978 4439 2073 4492 per
2101 4420 2342 4492 Flaviani
2372 4419 2854 4492 consecrationem
2892 4419 3093 4474 violato
3134 4420 3452 4478 Ambrosinus
3476 4423 3578 4477 ali-

1979 4490 2108 4564 quid
2143 4491 2256 4562 jam
2278 4490 2561 4564 'delihavit
2605 4492 2769 4562 epist.
2803 4491 3077 4564 l5,__num.
3123 4491 3180 4556 4,
3209 4501 3264 4548 et
3293 4493 3452 4562 epist.
3473 4494 3573 4564 μ,

1979 4561 2219 4626 tium.’5,
2264 4561 2353 4617 ubi
2387 4578 2486 4617 nos
2528 4561 2691 4617 etiam
2744 4561 2990 4616 nonnihil
3032 4561 3437 4618 annotavimus.
3469 4562 3574 4618 Ea-

1978 4635 2226 4690 rumdem
2259 4641 2437 4689 autem
2472 4635 2746 4688 turbarum
2778 4633 3185 4688 continuatione
3216 4633 3417 4690 factum
3447 4643 3532 4690 est
3555 4677 3572 4700 ,

1980 4717 2036 4760 ut
2059 4706 2319 4760 Paulinus
2343 4713 2626 4770 antequam
2656 4713 2980 4765 moreretur,
3013 4704 3302 4774 Evagrium
3332 4705 3432 4760 sibi
3454 4719 3578 4760 suc-

1977 4791 2252 4833 cessorem
2279 4774 2585 4846 adoptaret,
2613 4785 2670 4830 et
2712 4775 2862 4829 nullo
2902 4775 3012 4828 alio
3038 4773 3270 4846 adjutus
3316 4775 3576 4846 episcopo

1979 4850 2360 4917 inauguraret;
2392 4845 2495 4914 qua
2543 4855 2767 4917 utraque
2795 4861 2855 4900 re
2880 4860 3002 4899 cum
3036 4845 3088 4898 in
3120 4861 3313 4917 sacros
3339 4845 3577 4917 eationes

1981 4916 2260 4988 peccatum
2283 4919 2373 4982 sit,
2395 4932 2501 4971 non
2521 4916 2718 4971 mirum
2737 4929 2819 4988 est
2846 4924 3132 4988 utrumque
3155 4917 3259 4970 sibi
3285 4916 3368 4972 dif
3369 4916 3576 4984 ddisse,

1981 4987 2034 5044 in
2065 4988 2244 5043 mmuli
2275 4999 2456 5042 autem
2483 4988 2681 5042 vitiosa
2703 4987 3045 5041 ordinatione
3074 5000 3223 5053 spem
3253 4988 3574 5044 collocasse.

1980 5058 2307 5116 Cousuleudi
2342 5073 2505 5126 porro
2545 5059 2613 5114 de
2654 5057 2758 5113 hoc
2784 5056 3078 5112 schismate
3103 5057 3359 5114 Socrates
3387 5058 3484 5114 lib.
3517 5074 3575 5122 v,

1979 5147 2100 5201 cap.
2134 5130 2168 5201 5
2194 5139 2249 5184 et
2276 5129 2366 5201 15.
2396 5129 2728 5201 Sozomenus
2753 5129 2846 5201 li_b_.
2875 5144 2934 5201 ῃ,
2959 5143 3084 5201 cap.
3116 5129 3206 5190 31.
3238 5138 3400 5198 atque
3421 5129 3573 5192 alibi;

1979 5197 2076 5260 sed
2117 5200 2204 5256 hic
2248 5200 2467 5256 ultimus
2487 5200 2728 5270 apertius
2769 5199 3012 5254 Flaviani
3059 5197 3324 5255 fautorem
3355 5214 3416 5254 se
3444 5214 3576 5270 pro-

1979 5274 2180 5330 litetur.

2057 5346 2073 5383 ί
2119 5343 2246 5398 Mss.
2279 5342 2505 5412 aliquot,
2537 5342 2843 5412 Prtestringi
2869 5339 3226 5412 saltem.lnfra
3254 5355 3386 5397 vero
3411 5341 3581 5412 inten-

1986 5419 2120 5470 tione
2147 5411 2625 5483 idemgsigniﬁcari
2675 5428 2737 5468 ac
2783 5411 3131 5468 contentione
3174 5423 3230 5467 et
3274 5411 3578 5483 pervicacia

1982 5482 2268 5544 commode
2295 5481 2534 5540 Nannius
2560 5485 2886 5540 observavit.

2057 5558 2069 5608 i
2120 5554 2325 5638 Omnes
2355 5554 2489 5610 edit.
2530 5571 2600 5638 _ac
2644 5568 2797 5638 mss.__
2825 5553 3097 5638 nonnulli,
3125 5555 3430 5638 aequissima:
3457 5569 3582 5623 syn-

1981 5633 2163 5685 odi....
2196 5624 2448 5696 ﬁnemque
2491 5627 2717 5682 oblatum
2745 5624 3054 5691 discordicc;
3101 5624 3191 5680 alii
3217 5626 3340 5680 cod.
3390 5639 3585 5694 magno

1984 5713 2214 5767 numero
2242 5737 2257 5762 ,
2286 5703 2345 5750 ut
2375 5699 2425 5750 in
2455 5707 2630 5762 textu,
2662 5699 2768 5751 nisi
2796 5697 2938 5766 quod
2966 5711 3064 5767 pro
3093 5697 3335 5765 allatum,
3365 5699 3419 5753 in
3451 5711 3581 5752 mss.

1989 5766 2317 5841 quihusdam
2341 5768 2587 5832 habetur,
2619 5768 2880 5830 ablatum;
2909 5766 3016 5824 non
3042 5777 3212 5825 recte.
