4040 6166
461 275 588 329 -ΙΓΙΙ

1824 259 2068 321 SANCTI
2112 262 2431 321 AMBROSII

3627 261 3761 318 flii

455 397 746 460 paupertas
773 402 878 442 non
903 393 1038 450 erat,
1065 394 1089 422 ³
1118 392 1360 438 externa:
1390 382 1509 452 opis
1537 389 1780 452 egentes,
1811 379 2050 450 compel-
2080 382 2132 441 Α
2157 377 2438 435 destruere
2469 377 2614 448 quod
2647 376 2973 433 :cdiiicatum
3005 387 3087 433 est
3112 395 3123 431 :
3159 377 3220 434 Si
3246 377 3382 433 enim
3419 377 3558 448 quod
3585 379 3757 446 aediﬁ-

455 485 635 537 lentur
665 479 899 550 inopiam
927 491 1171 550 gemere,
1194 485 1286 529 attt
1313 482 1463 530 certe
1491 473 1688 529 victum
1711 472 1932 543 inOpum
1965 472 2053 526 iti-

461 577 606 632 neris
637 589 924 642 usurpare.

537 667 743 740 1007
790 667 844 721 4.
887 665 1096 720 Interea
1136 662 1286 718 solus
1317 662 1474 718 exlex
1509 660 1831 725 Flavianus,
1878 665 1937 712 ut
1981 659 2054 713 illi

457 762 692 826 videtur,
717 773 822 814 non
849 758 1015 824 venit,
1037 755 1252 827 quando
1267 771 1458 811 omnes
1475 753 1854 810 convenimus.
1881 750 2056 806 Fene-

455 862 605 909 rator
642 861 696 907 et
725 851 936 908 debitor
968 851 1196 905 invicem
1228 849 1326 906 sibi
1357 855 1670 913 occurrunt,
1696 846 1784 901 isti
1817 845 1919 902 sibi
1949 860 2054 901 non

456 957 685 1020 possunt
709 961 1000 1002 occurrere
1031 965 1042 999 :
1073 944 1220 999 solus
1263 958 1452 999 exsors
1483 941 1790 1004 Flavianus,
1841 949 1899 994 ut
1943 939 2058 1009 ipse

457 1042 593 1105 vult,
627 1038 982 1094 sacerdotalis
1008 1036 1293 1103 consortii,
1324 1034 1415 1104 qui
1446 1048 1545 1088 nec
1569 1031 1939 1103 imperialibus
1969 1031 2060 1086 de-

458 1134 643 1200 cretis,
678 1146 782 1189 nec
807 1130 1151 1188 sacerdotum
1187 1127 1479 1185 conventui
1513 1125 1853 1198 praesentiam
1899 1123 2061 1179 faciat

461 1227 564 1284 sui.

535 1319 586 1374 5.
627 1316 738 1372 Nec
761 1325 940 1372 tamen
983 1315 1146 1371 etiam
1186 1313 1289 1370 hoc
1317 1313 1450 1369 moti
1476 1311 1692 1377 dolore,
1736 1310 1888 1366 fratri
1921 1311 2061 1365 Eva-

458 1413 575 1484 grio
601 1411 867 1466 donamus
893 1409 1132 1480 speciem
1163 1408 1320 1464 bona:
1344 1421 1546 1473 causte,
1585 1405 1676 1477 qui
1705 1420 1770 1460 eo
1802 1404 2056 1460 defensa-

462 1504 622 1560 bilior
650 1502 753 1560 sibi
779 1503 1012 1568 videtur,
1043 1500 1187 1572 quod
1230 1516 1353 1554 eum
1397 1499 1592 1569 refugit
1621 1497 1937 1560 Flavianus,
1969 1505 2060 1551 aut

461 1598 604 1670 quod
635 1597 838 1652 habere
867 1611 928 1652 se
970 1595 1204 1650 alterum
1251 1593 1547 1649 arbitratur
1575 1592 1837 1662 aequalem
1859 1634 1872 1657 ,
1920 1601 2063 1646 uter-

463 1706 570 1760 que
615 1690 805 1744 alicnze
838 1688 1006 1757 magis
1053 1685 1417 1741 ordinationis
1456 1684 1626 1749 vitiis,
1667 1681 1694 1720 ι’
1733 1699 1894 1754 quam
1950 1683 2065 1737 suis

2159 473 2296 540 cavi,
2341 471 2583 537 destruo,
2617 471 3063 542 pravaricatorem
3104 486 3182 525 me
3219 471 3328 537 ipse
3367 471 3660 536 constituo;
3701 487 3759 523 ac

2158 568 2202 621 si
2244 582 2359 637 qua:
2383 565 2642 632 destruxi,
2681 565 2864 619 iterum
2903 564 3154 634 wdiﬁcem
3192 561 3336 634 (Gal.
3370 578 3438 627 ιι,
3476 562 3590 632 18).
3633 563 3762 618 Ser-

2161 672 2313 718 vetur
2343 676 2471 733 ergo
2505 661 2792 730 impertita:
2821 660 2971 730 pacis
2991 659 3164 730 gratia
3195 657 3336 714 inter
3368 657 3678 722 universos,
3709 667 3760 712 et

2160 757 2512 812 nihilominus
2544 755 2838 810 declinatio
2884 754 3053 823 partis
3082 752 3310 808 alterius
3353 751 3649 807 frustrandi
3681 749 3763 806 cf-

2160 849 2360 905 fectum
2393 848 2595 904 habere
2628 863 2735 902 non
2765 847 2964 915 possit.

2234 943 2284 994 7.
2329 940 2472 997 Sane
2495 939 2838 996 referendum
2859 937 3191 993 arbitramur
3221 947 3242 976 ο
3271 935 3338 991 ad
3376 946 3622 1010 sanctum
3653 936 3757 990 fra-

2163 1045 2298 1090 trem
2330 1044 2574 1089 nostrum
2615 1033 2872 1088 Romamn
2903 1029 3243 1087 sacerdmem
3286 1031 3583 1096 Ecclesiae;
3622 1046 3759 1101 quo-

2165 1125 2310 1180 niam
2342 1125 2724 1197 praesumimus
2748 1139 2810 1180 ea
2841 1135 2894 1180 te
2919 1121 3313 1194 judicaturum,
3342 1139 3460 1194 qua:
3487 1123 3650 1178 etiam
3680 1122 3760 1177 illi

2163 1221 2454 1290 diSplicere
2497 1228 2787 1291 nequeant.
2840 1216 2914 1273 ita
2961 1219 3108 1274 enim
3138 1217 3268 1273 utile
3312 1218 3414 1274 erit
3451 1217 3757 1273 consultum

2165 1313 2473 1378 sententiae,
2508 1311 2578 1366 ita
2614 1313 2758 1382 pacis
2785 1321 2840 1367 et
2865 1310 3067 1382 quietis
3099 1313 3395 1378 securitas;
3424 1311 3468 1366 si
3500 1311 3551 1365 id
3578 1318 3762 1365 vestro

2167 1416 2438 1462 statuatur
2463 1405 2716 1472 consilio,
2747 1405 2892 1475 quod
2925 1406 3287 1460 communioni
3319 1415 3517 1460 nostra:
3538 1404 3758 1462 dissen-

2167 1500 2376 1555 sionem
2405 1513 2510 1554 non
2545 1498 2775 1564 afferat;
2814 1497 3030 1570 1008
3053 1506 3110 1552 ut
3134 1512 3236 1553 nos
3269 1512 3503 1568 quoque,
3531 1509 3761 1568 accepta

2168 1603 2473 1648 vestrorum
2525 1593 2671 1648 serie
2724 1601 3089 1657 statutorum,
3131 1589 3267 1647 cutn'
3302 1593 3354 1647 id
3393 1599 3598 1662 gestum
3640 1606 3766 1649 esse

2167 1685 2605 1756 cognoverimus,
2654 1684 2798 1756 quod
2844 1683 3082 1740 Ecclesia
3122 1683 3364 1740 Romana
3404 1683 3546 1740 haud
3601 1683 3765 1741 dubie

462 1785 652 1836 fretus.
724 1782 877 1847 Quos
947 1787 1128 1833 tamen
1188 1793 1288 1832 nos
1344 1778 1395 1830 in
1457 1775 1738 1830 meliorem
1807 1777 2640 1848 vocamusBcomprobaverit,
2699 1778 2803 1832 ircti
2856 1775 3088 1833 fructum
3143 1776 3452 1847 hujusmodi
3498 1778 3762 1834 examinis

464 1875 642 1939 viam;
677 1885 733 1927 ut
756 1871 1010 1926 malimus
1024 1886 1122 1926 eos
1141 1869 1255 1926 suis
1281 1868 1460 1940 potius
1487 1868 1666 1934 bonis,
1701 1882 1862 1939 quam
1885 1869 2064 1924 alieno

467 1966 599 2021 vitio
628 1963 864 2020 defendi.

538 2061 590 2115 6.
632 2058 748 2126 Qua
790 2057 860 2114 de
907 2074 966 2113 re
1017 2057 1274 2127 quoniam
1322 2054 1555 2127 propriis
1606 2054 1826 2111 texuisti
1871 2055 2066 2112 litteris

467 2164 628 2222 posse
649 2159 834 2222 typum
859 2149 1084 2218 reperiri
1108 2148 1370 2218 aliquem,
1403 2161 1512 2218 quo
1535 2146 1709 2216 possit
1735 2146 1938 2202 auferri
1960 2145 2068 2201 fra-

469 2252 610 2298 trum
640 2241 910 2298 discordia
935 2282 949 2306 ,
983 2254 1105 2295 cum
1126 2249 1318 2295 sancta
1349 2237 1606 2310 Synodus
1635 2239 1965 2309 cognitionis
1987 2239 2074 2307 jus

469 2335 812 2390 unanimitati
864 2341 1000 2399 tuae,
1044 2331 1370 2401 caeterisque
1410 2345 1478 2385 cx
1519 2329 1756 2401 Egypto
1785 2345 2071 2386 consacer-

467 2427 686 2482 dotibus
714 2426 922 2480 nostris
948 2423 1286 2478 commiserit
1313 2440 1324 2476 :
1357 2421 1554 2476 iterum
1593 2431 1810 2492 oportet
1844 2420 2068 2478 fratrem

473 2531 716 2574 nostrum
751 2517 1075 2572 Flavianum
1108 2513 1442 2584 convenias;
1485 2520 1547 2568 ut
1580 2513 1624 2567 si
1653 2514 1706 2567 in
1729 2527 1796 2568 eo
1825 2527 2077 2584 perseve-

471 2612 706 2679 raverit,
747 2627 855 2681 quo
896 2609 1221 2666 veniendum
1272 2624 1380 2664 non
1422 2615 1610 2678 putet,
1653 2608 1819 2663 salvis
1857 2607 2073 2663 concilii

468 2707 694 2771 Nicteni,
721 2706 815 2759 sed
848 2704 1014 2760 etiam
1038 2703 1234 2775 synodi
1266 2703 1570 2773 Capuensis
1601 2702 1842 2766 statutis,
1868 2701 2070 2756 illibata

471 2816 604 2873 pace
656 2799 1042 2855 universorum
1099 2798 1172 2852 ita
1213 2795 1491 2863 consulas,
1543 2805 1742 2851 utnon
1791 2794 2071 2851 videamur

547 3020 570 3044 ³
615 3008 828 3063 Ultima:
877 3006 1008 3061 edit.
1056 3003 1251 3072 Paris,
1298 3013 1501 3058 caterua:
1559 3003 1672 3070 apis
1721 3010 1952 3072 egentes.
1996 2999 2071 3053 De

476 3081 718 3149 sequenti
746 3076 1215 3149 porrosententia
1241 3071 1484 3149 Nannius
1516 3073 1600 3149 ita_
1615 3071 1806 3149 scribit
1836 3090 1848 3124 :
1882 3089 1899 3121 ι
1938 3071 2073 3149 [iec-

476 3143 590 3204 tum
617 3164 683 3202 ne
713 3148 782 3202 sit
810 3147 972 3200 valde
995 3160 1206 3202 mecum
1234 3145 1470 3214 ambigo,
1501 3153 1558 3197 ut
1588 3143 1677 3198 hic
1715 3156 1929 3214 sensus,
1961 3143 2074 3214 ενι-

478 3222 678 3275 latioae
706 3233 1002 3287 pauperum
1024 3216 1274 3272 viaticum
1289 3212 1648 3287 conquirunt;
1672 3212 1958 3287 nihilenim
1987 3213 2074 3267 hic

479 3295 650 3346 victus
674 3283 1023 3352 itineris,nisi
1053 3287 1320 3339 viaticum.
1348 3283 1484 3353 Quid
1499 3286 1540 3337 si
1563 3285 1706 3352 legas
1737 3299 1835 3353 pro
1857 3283 2069 3346 inopum

477 3365 724 3430 inopem;
749 3370 804 3412 ut
825 3370 914 3411 aut
939 3366 1200 3430 cogantur
1227 3355 1466 3430 inopiam
1497 3369 1738 3430 gemere,
1763 3362 1853 3405 aut
1883 3353 1929 3406 si
1963 3369 2068 3408 non

476 3426 718 3501 gemant,
751 3431 927 3486 ferre?
957 3426 1036 3482 Eo
1063 3426 1480 3490 descenderem;
1519 3427 1619 3478 nisi
1660 3441 1915 3493 usurpare
1944 3439 2068 3494 pro-

479 3505 593 3574 prie
617 3503 910 3574 diceri-tur,
938 3516 1058 3574 cum
1104 3514 1223 3568 qua:
1257 3511 1441 3574 noStra
1491 3513 1596 3552 non
1645 3506 2069 3574 sunt,__uccupa-

480 3566 638 3632 inus:
671 3572 813 3642 quod
848 3586 955 3626 tum
989 3573 1070 3642 iit,
1101 3566 1220 3642 cum
1253 3568 1564 3642 sacerdotes
1597 3566 1922 3637 pauperibus
1942 3568 2069 3642 _\'ic-

481 3656 591 3699 tum
623 3635 787 3698 in'sui
820 3659 978 3697 usum
1010 3639 1321 3694 detrahunt.
1359 3639 1501 3694 Bene
1541 3635 1718 3691 autem
1764 3635 2071 3692 emendavit

481 3717 758 3771 Costerius
783 3729 878 3784 pro
906 3727 1078 3784 gerere
1106 3725 1322 3784 gemere.
1362 3730 1380 3763 ι
1410 3709 1536 3764 lianc
1565 3709 1676 3784 ille.

553 3787 580 3828 δ
622 3788 695 3844 Ιιιι
726 3780 922 3844 omnes
943 3784 1076 3844 edit.
1108 3780 1164 3836 et
1190 3781 1410 3847 quidam
1453 3795 1584 3836 mss.
1615 3781 1704 3836 alii
1733 3785 1916 3850 autem
1946 3780 2068 3850 plu-

481 3875 589 3921 res,
622 3875 776 3927 quam
803 3857 882 3910 sui
910 3856 1091 3924 fretus.
1126 3859 1190 3906 At
1220 3854 1375 3927 nobis
1395 3863 1688 3927 utrumque
1714 3849 1851 3927 haud
1880 3849 2069 3927 parum

483 3922 793 3999 suspectum
843 3922 946 3999 est.
983 3927 1114 3999 Quis
1159 3925 1300 3999 cnim
1326 3924 1458 3999 “suis
1485 3933 1577 3999 aut
1607 3923 1699 3999 sui
1733 3922 2072 3999 vitiisirctus

479 3992 595 4054 dici'
619 3999 803 4069 possit.
844 3996 949 4051 Sed
981 3997 1067 4050 hic
1107 3995 1207 4049 etsi
1249 3995 1453 4069 nullum
1497 3993 1795 4069 subsidium
1844 3992 2074 4069 afferant

480 4065 639 4133 m‘ssf,
671 4068 926 4122 omissam
971 4077 1147 4121 tamen
1199 4081 1226 4118 a
1259 4067 1613 4136 scriptoribus
1663 4079 1850 4136 vocem
1905 4065 2070 4132 bonis,

479 4153 599 4208 qua:
629 4139 874 4208 proxime
897 4139 1159 4208 sequitur,
1185 4135 1450 4192 sententia
1483 4135 1616 4208 satis
1644 4135 1908 4190 declarat.

555 4156 599 4192 :e
668 4153 874 4194 roxtme
897 4153 1159 4208 sequitur,
1185 4153 1450 4192 sententia
1483 4153 1616 4189 satis
1644 4153 1908 4190 uecnarat.

555 4220 576 4248 θ
618 4153 854 4282 Rdverte
883 4223 1052 4282 quam
1085 4209 1362 4282 antiquum
1411 4208 1480 4282 sit
1513 4207 1750 4275 majores
1781 4220 1977 4282 causas
2004 4205 2070 4260 ad

479 4281 750 4350 pontificis
780 4277 1010 4350 Romani
1036 4279 1294 4350 judicium
1321 4278 1620 4350 remittere,
1652 4285 1706 4330 et
1735 4277 1956 4350 consule
1983 4292 2073 4331 su-

479 4346 574 4420 per
604 4353 707 4407 hoc
734 4346 1238 4420 Innocentiiprimi,
1271 4361 1333 4401 ac
1363 4347 1560 4420 Leonis
1588 4347 1712 4400 item
1747 4346 1905 4420 primi
1957 4351 2072 4416 epi-

475 4417 665 4488 stolas,
695 4423 836 4476 sicut
859 4427 911 4472 et
941 4417 1138 4488 Marem,
1155 4417 1541 4488 Concordiam,
1575 4426 1736 4486 atque
1758 4417 1914 4488 alios.

546 4489 572 4530 ἀ
614 4487 782 4546 Paris.
815 4489 1060 4562 quaedam
1079 4487 1242 4562 cdit._.
1273 4489 1666 4562 adipiscantur;
1695 4487 1985 4562 cardinalis
2007 4489 2072 4562 de

475 4562 614 4618 Cusa
637 4605 652 4629 ,
685 4558 1106 4636 comprobemus;
1136 4559 1358 4630 reliquae
1388 4558 1522 4614 edit.
1561 4571 1624 4612 ac
1652 4571 1784 4611 mss.
1805 4599 1820 4622 ,
1877 4560 2074 4630 adipis-

475 4649 674 4689 cantur.

2173 1866 2198 1903 ἀ
2237 1868 2618 1940 adipiscamur.

2459 1960 2792 2018 EPISTOLA
2839 1961 2927 2016 DE
2965 1959 3189 2018 CAUSA
3233 1960 3476 2018 BONOS!

2355 2092 2424 2131 ΒΧ
2476 2091 2732 2133 ϐΑΡυΑΝᾶΞ
2772 2090 2958 2133 SYNODI
2997 2091 3242 2132 DECRETO
3277 2091 3588 2132 JUDICANDA.

2179 2189 2570 2243 Sciscitautibus
2601 2187 2724 2259 quid
2761 2190 2814 2241 in
2855 2187 3046 2243 Bonosr
3085 2204 3242 2241 causa
3283 2198 3411 2244 esset
3448 2189 3774 2245 statuendum

2248 2280 2516 2350 respondet
2540 2290 2716 2335 auctor
2748 2297 2899 2334 suum
2910 2281 3022 2352 jam
3051 2296 3151 2336 non
3168 2296 3277 2334 esse
3298 2282 3361 2335 de
3380 2281 3471 2336 illa
3487 2280 3772 2353 judicium,

2249 2377 2338 2432 sed
2367 2391 2543 2432 eorum
2563 2375 2811 2446 ipsorum,
2837 2384 2890 2430 ut
2917 2383 3037 2443 pote
3071 2373 3254 2444 quibus
3284 2373 3418 2430 illud
3455 2391 3487 2428 a
3529 2372 3777 2446 Capuano

2251 2483 2492 2521 consessu
2541 2466 2906 2520 demandatum
2934 2467 3018 2520 sit.
3074 2465 3233 2522 Addit
3286 2475 3456 2520 tamen
3516 2462 3780 2522 Bonosum

2251 2560 2430 2614 merito
2479 2560 2848 2628 reprehensum
2895 2559 2958 2613 de
3005 2558 3192 2618 Maria'
3220 2559 3344 2628 ﬁliis
3388 2560 3530 2629 eique
3570 2559 3781 2614 unicum

2253 2653 2410 2722 fuisse
2439 2653 2620 2726 paucis
2641 2653 2850 2708 astruit.

2258 2797 2306 2850 i.
2357 2813 2374 2846 ι
2409 2795 2484 2850 De
2515 2804 2537 2827 ε’
2581 2795 2796 2850 Bonoso
2821 2793 3103 2849 direxistis
3142 2793 3424 2864 episcopo,
3464 2791 3662 2863 quibus
3694 2791 3779 2848 vel

2173 2999 2514 3068 Quapropter
2537 3012 2640 3051 non
2675 3006 2885 3051 temere
2914 2993 3244 3068 feceruntrll,
3280 2994 3368 3065 qui
3394 2993 3515 3068 illas
3547 2994 3776 3049 Ambro-

2175 3075 2258 3124 sio
2281 3069 2682 3137 abjudicarunt.
2714 3067 2876 3138 Atqui
2909 3083 3015 3120 non
3055 3067 3409 3121 mediocriter
3439 3067 3601 3138 iidem
3635 3068 3778 3122 inter

2163 3153 2233 3196 ‘se
2256 3140 2584 3196 dissentiunt
2619 3142 2670 3192 in
2703 3137 2940 3210 ipsarum
2967 3148 3190 3194 auctore
3213 3137 3538 3210 definiendo.
3564 3137 3778 3194 Holste—

2176 3213 2298 3268 nius
2330 3218 2379 3265 in
2405 3210 2694 3266 Coliatione
2726 3209 2961 3263 Romana
2995 3212 3111 3263 illas
3141 3209 3364 3264 ascribit
3387 3209 3601 3280 Syricio
3635 3228 3647 3263 :
3679 3210 3772 3264 scil

2178 3296 2354 3336 utrum
2387 3297 2518 3335 mss.
2546 3282 2844 3351 aliquorum
2873 3284 3276 3345 auctoritatem,
3309 3296 3374 3334 an
3401 3279 3527 3334 vero
3554 3279 3772 3334 Bai-uitii

2175 3355 2541 3423 conjecturam
2575 3361 2816 3413 secutus,
2847 3353 2896 3406 ei
2941 3352 3212 3421 pr0priam
3252 3367 3468 3421 quoque
3507 3351 3770 3419 adjectam

2174 3426 2426 3488 voluerit,
2458 3425 2726 3480 incertum
2758 3435 2960 3479 manet.
2995 3423 3226 3480 Easdem
3259 3425 3413 3492 quasi
3462 3438 3493 3476 a
3537 3424 3770 3480 Damam

2176 3497 2447 3565 profectas
2470 3496 2603 3550 citat
2631 3495 2747 3549 Jac.
2783 3496 3065 3565 Aimainus
3108 3495 3158 3548 in
3186 3494 3282 3552 lib.
3315 3493 3382 3548 de
3409 3495 3637 3550 Auctor.
3674 3494 3776 3554 Ec-

2169 3562 2370 3630 clesiaz,
2401 3581 2501 3621 nec
2531 3567 2580 3619 in
2615 3566 2717 3619 hoc
2748 3568 2912 3636 abeo
2934 3562 3226 3635 Cajctattus
3269 3566 3319 3618 in
3359 3565 3767 3636 Apologialihri

2173 3637 2239 3691 de
2263 3645 2561 3706 comparat.
2595 3646 2800 3690 auctor.
2834 3635 2992 3705 Papa:
3021 3636 3264 3691 etConc.
3294 3635 3583 3706 discrepat.
3610 3635 3769 3706 Atqui

2175 3718 2463 3779 utrumque
2494 3709 2862 3776 chronologia:
2887 3709 3025 3761 ratio
3063 3707 3181 3762 falsi
3205 3709 3502 3779 convincit;
3547 3723 3653 3761 non
3689 3724 3773 3760 se-

2174 3795 2270 3834 cus
2311 3775 2516 3834 ac'Nic.
2552 3780 2620 3835 de
2663 3775 2802 3835 Cosa
2832 3779 2926 3832 lib.
2970 3794 3005 3832 ιι
3037 3780 3103 3834 de
3127 3775 3428 3850 Concordia
3456 3781 3614 3836 Citii].
3648 3794 3770 3850 cap.

2179 3850 2275 3915 18,
2307 3853 2396 3904 ubi
2430 3850 2613 3903 multis
2644 3866 2707 3903 ex
2738 3851 2926 3903 eadem
2956 3849 3182 3919 epistola
3214 3848 3525 3918 propositis,
3550 3848 3772 3919 subjun-

2174 3926 2249 3989 git
2275 3940 2288 3976 :
2321 3921 2464 3979 Fuit.
2495 3922 2668 3987 credo,
2694 3920 2787 3974 ille
2815 3938 2948 3990 papa
2995 3923 3174 3991 (cujus
3189 3935 3410 3991 _nomen
3453 3919 3504 3974 in
3543 3935 3642 3975 ms.
3672 3936 3770 3974 suo

2176 4007 2282 4048 non
2314 3991 2542 4062 reperiri
2571 4007 2734 4062 supra
2765 3988 3017 4062 testatur)
3065 3991 3126 4045 8.
3177 3988 3464 4054 Damasus,
3510 3993 3595 4062 qui
3641 3991 3771 4044 hanc

2174 4066 2457 4132 rescripsit,
2495 4065 2737 4133 quoniam
2762 4072 2820 4116 ut
2854 4078 2918 4116 ea:
2938 4062 3229 4115 immediate
3256 4063 3483 4128 sequenti
3509 4065 3657 4132 epist.
3703 4064 3772 4118 73

2175 4136 2410 4200 habetur,
2457 4144 2578 4188 tunc
2618 4135 2870 4188 Damasus
2913 4134 3019 4188 iiiis
3061 4134 3372 4203 temporibus
3422 4134 3542 4204 fuit.
3577 4138 3648 4188 At
3679 4135 3768 4188 illa

2177 4207 2360 4270 verba,
2389 4222 2508 4276 qua:
2532 4205 2728 4260 ibidem
2763 4207 2847 4259 hic
2874 4215 3063 4276 auctor
3090 4205 3292 4268 laudat,
3321 4220 3442 4258 cum
3475 4207 3640 4276 petita
3664 4206 3771 4259 sint

2175 4292 2240 4350 ex
2262 4275 2432 4350 epist.
2486 4277 2657 4350 l7,n.
2695 4276 2781 4341 10,
2830 4291 2988 4350 quam
3035 4275 3216 4329 datam
3247 4275 3581 4350 constatan.
3634 4279 3764 4331 circ.

2173 4346 2445 4417 384,'ejus
2473 4349 2800 4416 conjectum
2831 4346 3243 4417 haudquaquam
3276 4347 3476 4402 favent.
3503 4347 3619 4402 Non
3641 4364 3770 4412 ergo

2175 4422 2334 4473 etiam
2363 4416 2683 4474 audiendus
2714 4417 2851 4471 Rob.
2885 4416 3082 4489 Cocus,
3108 4419 3197 4488 qui
3245 4417 3338 4474 lib.
3390 4434 3474 4483 ιιι,
3521 4434 3642 4489 cap.
3677 4419 3765 4484 M,

2176 4490 2321 4544 illam
2353 4491 2527 4545 eidem
2559 4489 2802 4560 pontifici
2855 4488 3079 4552 addicit,
3127 4498 3182 4543 et
3206 4490 3277 4544 ita
3330 4488 3660 4544 affirmatum
3713 4491 3763 4544 in

2174 4575 2327 4615 conc.
2364 4560 2528 4615 Basil.
2556 4559 2623 4616 ex
2653 4559 2844 4614 Elaeae
2885 4560 3033 4613 Silvii
3087 4560 3180 4614 lib.
3230 4576 3245 4614 l
3287 4572 3571 4616 memorat.
3628 4561 3763 4628 Quid

2176 4647 2306 4686 vero
2367 4635 2410 4686 si
2476 4633 2595 4700 quis
2663 4637 3014 4684 memoratam
3076 4631 3359 4700 epistolam
3410 4632 3633 4686 alterius
3674 4647 3767 4685 cn-

549 4717 589 4778 θλ
633 4703 766 4778 lluic
802 4702 1061 4778 epistolas
1118 4703 1168 4756 in
1199 4701 1429 4778 cunctis
1474 4700 1605 4778 edit.
1661 4697 2057 4778 praefigebatur,
2089 4717 2144 4778 D
2164 4703 2376 4778 jusdam
2401 4718 2467 4757 ex
2492 4697 2660 4778 italiae
2677 4697 3276 4778 metropolitanisAesse
3310 4703 3582 4778 voluerit?
3625 4703 3764 4778 Quid

474 4775 773 4852 Ambrosius
799 4772 1084 4852 Theophila
1107 4781 1153 4827 et
1175 4773 1388 4852 Anysio,
1417 4773 1470 4852 in
1500 4770 1666 4826 Rom.
1687 4770 1922 4852 additur,
1953 4774 2061 4852 ephi-

471 4849 640 4918 {copit
674 4842 988 4918 :athoruiu
1021 4845 1150 4918 Loco
1179 4842 1396 4916 ponitur
1428 4845 1479 4904 in
1506 4842 1951 4918 mss.__omniim_s,
1987 4843 2061 4898 De

473 4914 676 4972 Bonoso
705 4917 972 4986 episcopo.
1020 4914 1226 4986 Excipe
1276 4924 1456 4970 tamen
1496 4914 1717 4986 catelli.
1753 4928 1816 4986 ac
1843 4914 2057 4986 Thuan.

469 4989 525 5042 in
562 4984 760 5062 quibus
779 4984 1171 5062 subjungitur,’
1203 4987 1501 5062 Ambrosius
1548 4984 1856 5062 Theophili).
1897 4985 2060 5062 Quae:

467 5055 694 5118 rendum
725 5055 1130 5129 igitur’an'haac
1149 5058 1349 5129 eadem
1381 5057 1607 5129 epistola
1638 5055 1760 5111 ve're
1791 5056 2059 5112 Ambrosii

466 5129 558 5196 sit,
593 5140 648 5185 et
674 5130 741 5184 ad
770 5143 904 5200 quos
942 5128 1088 5187 data.
1123 5128 1185 5183 Et
1217 5129 1391 5200 primo
1419 5128 1662 5200 quidem
1699 5137 1894 5191 prmter
1938 5143 2059 5182 om-

465 5202 614 5254 nium
670 5198 801 5255 edit.
863 5198 1224 5268 duorumque
1269 5214 1400 5254 mss.
1451 5198 1510 5253 ut
1557 5198 1790 5252 diximus
1835 5213 2067 5252 consen-

464 5285 584 5324 sum
607 5313 620 5335 ,
645 5271 906 5324 doctrinae
935 5279 990 5324 et
1019 5283 1481 5342 argumentorum,
1511 5285 1628 5342 qua:
1647 5269 1737 5342 hic
1760 5282 2070 5342 proponun-

463 5351 590 5417 tur_,
632 5343 866 5417 perfecta
907 5355 1028 5393 cum
1081 5339 1394 5417 indubitatis
1436 5339 1750 5417 quibusdam
1795 5339 2069 5396 Ambrosii

463 5409 681 5479 scriptis
713 5411 946 5465 affinitas
975 5426 1094 5465 eam
1126 5422 1314 5466 sancto
1354 5409 1594 5464 Ant'istiti
1629 5409 1838 5464 videtur
1858 5420 2067 5466 astrue-

461 5498 540 5536 re.
584 5481 962 5552 Verumtamen
989 5498 1111 5537 cum
1145 5483 1313 5536 multo
1346 5481 1574 5552 plurium
1605 5493 1735 5552 mss.
1765 5495 2066 5538 consensus

461 5561 766 5626 opponatur
795 5551 925 5626 edit.
967 5552 1300 5626 auctoritati,
1345 5551 1578 5626 cumque
1618 5551 1675 5626 in
1723 5552 1807 5604 his
1853 5551 2051 5626 litteris

461 5619 708 5676 [factoris
737 5623 905 5678 nostri
938 5622 1140 5677 mentio
1168 5623 1261 5680 fiat
1286 5619 1344 5678 in
1376 5619 1503 5676 hac
1520 5621 1702 5686 verba,
1731 5635 1848 5674 cum
1873 5619 2049 5674 Bono-

459 5707 636 5743 ειη...
683 5693 904 5763 misisset
931 5693 1000 5746 ad
1027 5697 1243 5763 fratrem
1282 5703 1515 5750 nostrum
1553 5691 1902 5756 Ambrosium,
1930 5695 2043 5748 veri

456 5763 625 5816 tnulto
654 5762 883 5818 similius
921 5775 1003 5818 est
1029 5762 1098 5818 ab
1143 5767 1250 5823 alio
1294 5769 1546 5839 quopiam
1585 5767 1815 5832 scriptas
1855 5766 2038 5819 fuisse.

2165 4777 2210 4828 si
2242 4774 2526 4843 ipsiusmet
2567 4773 2862 4836 Ambrosii,
2886 4774 2983 4827 sed
3015 4773 3309 4829 scribentis
3337 4775 3554 4828 nomine
3597 4775 3765 4828 alicu-

2161 4845 2251 4915 jus
2281 4844 2474 4915 synodi
2526 4855 2647 4913 post
2689 4843 3001 4911 Capuauam
3053 4845 3275 4908 habitae,
3322 4847 3408 4900 cui
3442 4845 3766 4914 prazl'uerit?

2165 4914 2273 4969 Nos
2304 4914 2435 4969 Sane
2475 4915 2527 4967 in
2577 4925 2684 4967 tam
2739 4915 2924 4969 densis
2978 4915 3219 4970 tenebris
3271 4916 3401 4970 nihil
3445 4916 3758 4971 definimus.

2165 4985 2319 5053 Quod
2349 4999 2510 5054 porro
2533 4984 2597 5057 ad
2643 5000 2738 5057 eos
2767 4985 2966 5056 quibus
3013 4986 3290 5040 destinata
3314 4998 3398 5042 est
3426 4987 3618 5042 eadem
3648 4991 3762 5057 epi-

2164 5059 2324 5124 stola,
2354 5056 2962 5129 quamvisTtieOphilus
2982 5057 3036 5111 in
3067 5058 3324 5112 omnibus
3349 5059 3481 5114 edit.
3507 5056 3762 5129 jungatur

2165 5129 2392 5197 Anysio;
2424 5136 2478 5184 et
2504 5129 2556 5182 in
2583 5128 2796 5182 duobus
2824 5142 2954 5182 mss.
2986 5129 3138 5197 solus
3189 5140 3456 5197 pcnatur;
3504 5128 3627 5184 cum
3679 5142 3758 5183 ta-

2171 5195 2293 5253 men
2328 5201 2380 5254 in
2408 5199 2642 5262 steteris.
2683 5215 2782 5255 nec
2821 5213 2926 5253 non
2967 5213 2997 5251 a
3020 5195 3236 5253 Cosano
3260 5208 3314 5254 et
3340 5201 3592 5255 Almaino
3637 5204 3764 5256 reti—

2167 5279 2376 5333 centur,
2431 5273 2770 5328 manilestum
2820 5279 2905 5334 est
2948 5269 3094 5328 illius
3144 5286 3341 5328 nomen
3395 5289 3502 5332 non
3547 5273 3650 5330 alia
3705 5289 3761 5327 re

2168 5343 2509 5409 praemissum
2537 5358 2716 5414 esseda
2768 5342 3024 5414 librariis,
3056 5357 3216 5414 quam
3246 5347 3368 5412 quia
3402 5345 3650 5414 superior
3676 5344 3756 5398 in-

2167 5414 2365 5479 scripta
2397 5419 2482 5474 est
2527 5411 2591 5465 ad
2633 5411 3013 5482 'l‘heOphilum.
3059 5413 3124 5465 Et
3167 5411 3313 5466 certe
3341 5411 3484 5482 ejus'
3513 5415 3761 5470 diacesis

2167 5483 2587 5554 cratiremotior,
2615 5497 2776 5554 quam
2807 5491 2863 5536 ut
2885 5482 3170 5537 commode
3211 5483 3409 5538 Bonosi
3439 5500 3660 5539 causam
3683 5486 3760 5554 ip-

2165 5567 2226 5606 se
2274 5553 2567 5607 decideret.
2611 5552 2719 5608 Sed
2759 5568 2933 5623 neque
2957 5554 3024 5606 ad
3066 5554 3330 5624 Anysium
3370 5557 3547 5610 solum
3579 5552 3754 5624 datam

2156 5624 2484 5696 arbitramur
2532 5623 2675 5677 illam
2729 5625 3044 5692 epistolam,
3109 5623 3310 5696 alioqui
3359 5627 3643 5696 quomodo
3691 5623 3754 5680 ad

2153 5708 2276 5768 eum
2307 5695 2376 5750 de
2403 5696 2526 5764 ipso
2553 5696 2904 5768 scriberetur,
2941 5697 3030 5765 qui
3064 5711 3180 5751 sum
3212 5695 3455 5768 episcopo
3482 5699 3758 5755 Thessalo-

2153 5767 2366 5835 nicensi,
2416 5767 2566 5823 cte.?
2602 5766 2717 5824 Non
2767 5768 2906 5823 male
2937 5769 3096 5838 igitur
3139 5766 3549 5844 inscriptionem
3583 5772 3752 5844 eidem
