4040 6166
313 264 451 320 1175

1529 272 2013 334 EPISTOLARUM
2052 280 2334 340 CLASSIS
2370 283 2414 338 Ι.

3474 294 3614 350 1174

306 397 408 453 pro
439 380 689 446 veritate,
724 380 810 436 vel
855 395 954 452 pro
991 383 1259 438 modestia
1301 393 1542 441 nostram
1581 387 1907 444 sententiam
1939 401 1987 460 Α
2016 409 2128 446 ecce
2171 393 2312 462 ﬁlius
2344 404 2501 461 tuus;
2545 406 2598 452 et
2641 413 2831 453 rursus
2868 397 2936 455 ad
2973 397 3237 460 Joannem
3286 406 3355 464 de
3388 407 3560 463 Maria
3597 427 3618 465 :

305 475 574 533 sciscitari
601 476 869 530 voluistis.
909 475 1013 532 Sed
1040 493 1164 531 cum
1195 477 1504 549 hujusmodi
1535 477 1697 536 fuerit
1724 483 1909 539 conci-

235 626 242 631 _
307 569 363 624 lii
387 567 695 639 Capuensis
714 568 1003 638 judicium,
1028 582 1087 624 ut
1111 571 1326 626 linitimi
1357 572 1574 629 Bonoso
1603 582 1767 646 atque
1795 575 1913 647 ejus

306 667 721 724 accusatoribus
741 667 956 739 judices
988 669 1397 735 tribuerentur;
1425 679 1477 726 et
1509 672 1780 742 praecipue
1804 673 1916 727 Ma-

306 761 573 827 cedones,
605 763 839 833 quicum
879 763 1138 834 episcopo
1165 763 1672 833 Thessalonicensi,
1703 767 1772 823 de
1800 768 1916 840 ejus

307 856 467 913 factis
496 865 520 894 α
556 857 644 912 vel
688 857 908 927 scriptis
948 868 1370 928 cognoscerent,
1405 859 1744 916 advertimus
1770 861 1914 933 quod

309 950 471 1006 nobis
503 949 785 1021 judicandi
826 935 998 1005 ferina
1028 961 1342 1021 competere
1393 968 1498 1008 non
1543 962 1745 1023 posset.
1779 953 1915 1010 Nam

307 1043 353 1098 si
404 1044 616 1113 integra
657 1051 805 1096 esset
844 1040 1009 1097 hodie
1048 1041 1322 1113 Synodus,
1367 1051 1514 1098 recte
1555 1043 1624 1098 de
1662 1045 1748 1112 iis,
1794 1060 1915 1115 quae

308 1133 734 1205 comprehendit
773 1141 1081 1188 vestrorum
1121 1133 1451 1203 scriptorum
1491 1139 1686 1206 series,
1727 1135 1918 1194 decer-

308 1243 584 1283 neremus.
617 1227 867 1282 Vestrum
895 1235 980 1282 est
1005 1227 1189 1297 igitur,
1219 1229 1309 1298 qui
1339 1227 1440 1284 hoc
1465 1231 1748 1300 recepistis
1769 1232 1915 1304 judi-

309 1321 477 1387 cium,
521 1320 846 1375 senteotiam
879 1318 1026 1374 ferre
1065 1319 1132 1374 de
1161 1321 1435 1387 omnibus,
1480 1337 1581 1376 nec
1613 1323 1913 1393 refugiendi

311 1414 396 1467 vel
421 1411 694 1478 elabendi,
727 1411 816 1466 vel
847 1411 1280 1477 accusatoribus,
1311 1412 1394 1467 vel
1418 1424 1674 1470 accusato
1700 1417 1912 1487 copiam

308 1506 476 1572 dare;
517 1508 693 1562 vicem
733 1507 879 1560 enim
913 1504 1120 1577 Synodi
1153 1507 1470 1578 recepistis,
1520 1524 1656 1579 quos
1684 1509 1750 1564 ad
1780 1525 1914 1566 exa-

308 1597 624 1653 minandum
654 1597 907 1670 Synodus
933 1597 1119 1668 elegit.

380 1692 436 1745 9.
486 1709 504 1742 ι
553 1690 795 1760 Denique
833 1705 956 1744 cum
998 1689 1248 1745 Bonosus
1285 1691 1574 1762 episcopus
1615 1703 1738 1762 post
1769 1692 1915 1763 judi-

2017 483 2155 540 Ecce
2193 498 2358 541 mater
2385 499 2475 544 tua
2501 486 2682 562 (Joan.
2723 509 2844 560 χιι,
2885 493 2976 561 26,
3007 494 3142 567 27)?
3170 499 3307 569 Quid
3335 501 3439 558 sibi
3474 503 3618 561 istud

2017 579 2150 650 vult,
2183 581 2325 652 quod
2363 597 2483 637 cum
2531 586 2582 639 in
2613 600 2774 649 cruce
2807 589 3066 646 Dominus
3097 595 3304 663 positus
3334 608 3615 666 peccatum

2018 671 2204 725 mundi
2263 673 2500 741 tolleret,
2541 680 2915 747 pronuntiavit
2959 683 3126 737 etiam
3173 684 3242 740 de
3307 687 3619 770 integritate

2017 765 2298 820 materna?
2329 765 2438 821 Aut
2467 768 2593 838 quid
2624 770 2770 834 aliud
2802 772 3022 844 dicitur,
3055 777 3158 832 nisi
3189 789 3248 833 ut
3275 765 3493 837 claudat
3521 798 3617 838 sua

2019 871 2112 913 ora
2140 859 2384 929 perﬁdia,
2429 872 2484 917 et
2519 864 2889 934 obmutescet;
2927 885 2994 923 ne
3024 880 3253 926 matrem
3279 871 3493 929 Domini
3523 877 3620 931 ali-

2018 964 2127 1020 quo
2157 951 2352 1008 audeat
2384 963 2652 1011 temerare
2678 959 2962 1015 convicio?
2992 961 3170 1018 Testis
3203 971 3289 1019 est
3314 980 3444 1036 ergo
3476 967 3616 1021 idem

2017 1043 2243 1109 arbiter,
2269 1045 2408 1101 idem
2432 1050 2660 1104 materni
2684 1051 2903 1121 pudoris
2934 1065 3196 1126 assertor,
3223 1059 3365 1130 quod
3383 1060 3618 1132 despon-

2021 1148 2135 1191 sata
2190 1136 2354 1192 fuerit
2395 1141 2508 1195 viro
2552 1145 2928 1201 tantummodo
2967 1146 3201 1220 Joseph;
3248 1151 3394 1206 nulla
3439 1162 3617 1208 tamen

2018 1229 2319 1300 conjugalis
2347 1233 2520 1288 coitus
2549 1237 3256 1313 consuetudinethorijura
3304 1249 3622 1315 cognoverit

2019 1319 2198 1390 (Matt.
2225 1336 2275 1390 ι,
2309 1322 2398 1393 18)
2431 1341 2441 1376 :
2487 1340 2661 1396 neque
2691 1328 2834 1382 enim
2867 1344 2988 1385 eam
3027 1342 3404 1406 suscepturam
3433 1352 3498 1392 ex
3528 1335 3622 1392 Ju-

2018 1415 2151 1484 seph
2179 1417 2317 1473 lilios
2338 1433 2367 1472 a
2394 1419 2490 1473 viri
2523 1424 2799 1478 consortio
2826 1439 3082 1494 separare
3108 1428 3392 1486 voluisset.

2090 1508 2142 1564 5.
2195 1523 2212 1559 ι
2257 1509 2362 1565 Sed
2389 1511 2436 1564 si
2468 1511 2568 1566 hoc
2610 1527 2797 1584 parum
2848 1527 2951 1581 est,
3003 1517 3208 1573 addidit
3241 1522 3613 1578 testimonium

2020 1600 2382 1672 Evangelista,
2416 1602 2598 1658 dicens
2623 1605 2763 1674 quod
2793 1609 3016 1680 suscepit
3037 1627 3148 1664 eam
3171 1610 3473 1684 Discipulus
3506 1613 3531 1650 ά
3565 1617 3619 1669 in

2021 1709 2116 1748 sua
2155 1694 2338 1766 (Joan.
2381 1712 2454 1764 ιχ,
2483 1699 2598 1771 27).
2641 1697 2910 1770 Numquid
2951 1719 3082 1774 ergo
3125 1704 3415 1761 divortium
3455 1706 3625 1762 fecit?

306 1789 452 1843 cium
481 1796 723 1840 vestrum
764 1785 1008 1840 misisset
1043 1784 1110 1838 ad
1140 1782 1363 1839 fratrem
1405 1797 1650 1841 nostrum
1681 1785 1913 1843 Ambro—
1947 1799 1990 1861 Β
2021 1789 2286 1860 Numquid
2309 1805 2339 1844 a
2364 1792 2478 1846 viro
2508 1792 2731 1848 abduxit
2755 1805 2917 1866 atque
2949 1794 3206 1851 abstulit?
3233 1799 3372 1868 Ergo
3399 1800 3487 1869 qui
3519 1800 3624 1855 hoc

305 1881 470 1946 sium,
509 1877 604 1949 qui
641 1880 760 1948 ejus
799 1876 1127 1933 sententiam
1167 1877 1515 1945 consuleret,
1559 1879 1902 1935 interdictam

306 1975 410 2030 sibi
443 1972 746 2029 Ecclesiam
773 1973 1078 2043 irrumpere
1105 1982 1267 2043 atque
1297 1973 1542 2043 ingredi;
1584 1963 1924 2044 responsum-

307 2077 395 2125 est
449 2069 497 2124 ei
529 2111 544 2136 ,
590 2067 732 2138 quod
775 2066 913 2122 nihil
953 2066 1332 2130 tetneraudum
1375 2068 1537 2132 foret,
1585 2067 1680 2122 sed
1723 2069 1904 2123 omnia

303 2161 618 2228 bmodeste,
647 2161 943 2231 patienter,
985 2159 1178 2215 ordine
1217 2159 1478 2230 gerenda,
1521 2175 1696 2232 neque
1714 2171 1908 2216 contra

305 2256 630 2311 sententiam
659 2265 900 2308 vestram
932 2251 1248 2307 tentandum
1281 2251 1518 2322 aliquid;
1561 2263 1618 2307 ut
1652 2253 1798 2323 quod
1833 2251 1908 2307 vi-

305 2350 529 2403 deretur
557 2347 706 2403 vobis
731 2346 958 2417 iustitiae
989 2346 1306 2409 convenire,
1339 2348 1686 2414 statueretis,
1712 2346 1910 2418 quibus

306 2442 448 2497 hanc
487 2441 741 2512 Synodus
781 2439 1008 2494 dederat
1045 2441 1456 2493 auctoritatem.
1510 2437 1637 2493 ldeo
1675 2438 1908 2509 primum

305 2545 410 2600 est,
445 2542 503 2587 ut
525 2534 560 2588 ii
592 2531 1059 2605 1009judicent
1081 2529 1566 2602 quibusjudicandi
1588 2529 1812 2586 facultas
1829 2541 1912 2587 est

306 2627 460 2690 data;
489 2638 585 2680 vos
613 2626 754 2679 enim
791 2624 978 2690 totius,
1023 2632 1080 2677 ut
1109 2622 1450 2693 scripsimus,
1482 2632 1504 2660 ο
1549 2622 1754 2694 Synodi
1793 2623 1912 2678 vice

307 2718 640 2782 decernitis;
685 2732 786 2771 nos
843 2717 997 2787 quasi
1051 2731 1120 2772 ex
1158 2716 1361 2788 Synodi
1403 2718 1728 2772 auctoritate
1763 2716 1910 2787 judi-

309 2824 436 2866 care
476 2818 582 2864 non
608 2809 888 2864 convenit.

383 2907 436 2961 5.
465 2926 482 2959 t
505 2905 653 2962 Sane
683 2921 788 2960 non
816 2919 1106 2974 possumus
1126 2919 1326 2976 negare
1357 2903 1423 2960 de
1447 2903 1630 2959 Maria:
1651 2903 1914 2974 filiisjure

311 2998 726 3070 reprehensum,
761 2998 1062 3068 meritoque
1085 3005 1323 3052 vestram
1348 2996 1693 3052 sanctitatem
1717 2995 1916 3051 abhor-

312 3092 510 3157 ruisse,
544 3092 774 3163 quodex
803 3091 994 3146 eodem
1017 3096 1172 3145 utero
1200 3091 1472 3159 virginali,
1497 3105 1562 3145 ex
1589 3105 1696 3160 quo
1719 3104 1915 3144 secun-

314 3188 441 3242 dum
471 3201 689 3242 carnem
719 3186 974 3241 Christus
1000 3194 1156 3239 natus
1181 3195 1297 3249 est,
1331 3185 1468 3238 alius
1496 3195 1680 3254 partus
1711 3183 1916 3239 ell'usus
1943 3189 1989 3253 ρ

316 3281 404 3335 sit.
440 3279 625 3349 Neque
653 3279 795 3332 enim
829 3278 1085 3348 elegisset
1121 3278 1382 3332 Dominus
1419 3277 1580 3332 Jesus
1632 3279 1778 3334 nasci
1819 3293 1916 3360 per

221 3367 230 3374 ’
316 3375 610 3444 virginem,
643 3372 687 3427 si
712 3371 1151 3441 eamjttdicasset
1179 3382 1287 3428 tam
1322 3374 1746 3430 incontinentem
1776 3375 1918 3442 fore,

321 3477 380 3522 ut
399 3465 534 3520 illud
565 3465 801 3537 genitale
831 3466 1095 3523 Duminici
1128 3467 1406 3537 corporis,
1450 3468 1595 3523 illam
1630 3469 1810 3525 aulam
1838 3485 1923 3525 re-

322 3560 406 3632 gis
431 3559 644 3628 :etcrni,
673 3561 990 3618 concubitus
1024 3562 1241 3618 lnnnani
1265 3564 1486 3619 seminis
1515 3565 1917 3636 coinquinaret.

322 3655 423 3722 Qui
446 3656 591 3710 enim
634 3653 735 3711 hoc
773 3657 1000 3723 astruit,
1031 3657 1163 3712 nihil
1195 3655 1337 3712 aliud
1382 3657 1484 3713 nisi
1519 3657 1798 3730 perfidiam
1828 3658 1922 3713 Ju-

325 3746 567 3802 dteorum
593 3749 804 3811 astruit,
833 3750 922 3818 qui
941 3749 1123 3804 dicunt
1145 3765 1269 3804 eum
1296 3765 1401 3803 non
1424 3750 1664 3818 potuisse
1685 3750 1830 3803 nasci
1854 3765 1917 3802 ex

331 3839 573 3910 Virgine.
591 3840 706 3898 iam
729 3842 772 3896 si
797 3843 934 3898 hanc
956 3845 1265 3914 accipiauta
1287 3841 1927 3898 Sacerdotibnsauctori-

329 3943 514 3996 tatem,
539 3941 597 3986 ut
615 3934 864 3990 videatur
885 3937 1047 3991 Maria
1071 3946 1256 4006 partus
1280 3934 1483 3988 fudisse
1508 3933 1791 4001 plurimos,
1814 3947 1928 3986 ma-

330 4025 450 4094 jore
486 4021 666 4077 studio
689 4024 970 4079 veritatem
1005 4026 1125 4080 fidei
1153 4038 1464 4095 espugnare
1503 4023 1855 4078 contendent.

407 4118 461 4172 4.
509 4133 527 4169 t
579 4115 647 4170 Et
685 4117 774 4171 ubi
805 4129 888 4174 est
928 4114 1256 4188 illud.'quod
1286 4117 1547 4188 scriptum
1580 4125 1684 4184 est,
1717 4117 1931 4172 dicente

340 4209 571 4264 Domino
598 4209 663 4265 ad
693 4222 918 4266 matrem
964 4210 1034 4265 de
1059 4210 1266 4266 Joanne
1294 4210 1635 4280 Evangelista
1670 4227 1683 4264 :
1719 4207 1929 4276 Mulier,

339 4372 468 4428 fecit
487 4372 681 4426 citatus
707 4369 1010 4426 llolstenius
1040 4388 1054 4425 :
1085 4369 1445 4426 Dilectissimis
1473 4370 1717 4436 fratribus
1735 4369 1925 4440 Anysio

341 4456 390 4500 et
415 4442 897 4515 caterisiepiscopis
927 4458 1016 4510 per
1041 4441 1286 4515 Illyrium
1314 4443 1604 4497 constitutis
1635 4457 1654 4495 :
1681 4442 1924 4515 Cusanus

342 4531 469 4570 vero
496 4525 550 4570 et
574 4514 855 4568 Almainus
882 4511 1134 4586 asseruni
1165 4520 1570 4586 responsionem
1601 4527 1720 4586 esse
1746 4511 1812 4566 ad
1844 4527 1935 4566 co.

346 4605 465 4644 tum
523 4588 765 4659 scripta,
822 4584 1270 4659 quibusgilonosi'r
1311 4587 1575 4659 judicium
1605 4600 1634 4639 a
1671 4584 1932 4659 Capuano

344 4659 579 4716 concilio
611 4656 783 4712 fuerat
812 4657 1220 4728 demandatum.
1251 4658 1538 4714 Postremo
1567 4658 1682 4711 haec
1706 4656 1932 4728 epistola

347 4733 400 4787 iu
438 4730 568 4784 edit.
615 4731 868 4784 omnibus
914 4730 985 4782 ita
1037 4727 1226 4797 incipit
1256 4747 1268 4780 :
1302 4730 1483 4798 Accepi
1515 4729 1712 4782 litteras
1747 4727 1938 4781 uestras

1035 4811 1221 4852 contra
1277 4815 1405 4853 vero
1453 4805 1504 4853 in
1547 4801 1756 4853 cunctis
1805 4811 1938 4852 mss.

349 4877 454 4932 hoc
484 4874 630 4928 illius
675 4867 887 4927 initium
929 4877 1049 4925 est:
1095 4869 1172 4923 De
1201 4869 1403 4924 Bonoso
1442 4869 1741 4936 diruistis,
1785 4867 1944 4922 nimi-

352 4963 470 5004 rum
500 4945 794 5017 epistolas;
827 4943 1007 5012 plures
1037 4953 1212 4995 tamen
1248 4941 1432 5010 legunt
1460 4981 1474 5005 ,
1499 4942 1710 5004 direxit,
1734 4940 1828 4994 sed
1854 4938 1946 4994 isti

348 4804 410 4857 de
445 4800 649 4855 Bonoso
695 4801 933 4872 episcOpo
973 4815 992 4853 :

425 5097 453 5132 ι
492 5092 696 5144 Omnes
747 5087 880 5142 edit.
939 5101 1004 5140 ac
1058 5097 1223 5146 mss.,
1273 5083 1350 5135 vel
1396 5091 1806 5153 cognoscerent:
1858 5080 1949 5134 alii

359 5178 487 5217 vero
541 5159 786 5214 nonnulli
836 5164 1158 5228 expungunt
1201 5156 1254 5212 τὸ
1304 5155 1425 5207 vel:
1464 5152 1521 5228 at
1550 5152 1722 5228 Long.
1764 5166 1953 5206 vocem

357 5233 565 5300 scriptis
595 5233 742 5286 solus
766 5223 983 5283 retinet.
1008 5223 1161 5300 Quod
1192 5235 1373 5300 autem
1415 5224 1480 5278 ad
1512 5224 1651 5300 hunc
1685 5223 1953 5300 liquosnnt

360 5293 688 5373 spectando
737 5301 828 5354 illo
861 5303 977 5373 inse
1007 5293 1049 5350 ι(
1080 5298 1235 5373 nobis
1271 5296 1472 5350 dictum
1507 5293 1700 5373 estad
1750 5294 1843 5347 lib.
1873 5293 1960 5373 de

361 5361 536 5430 lustit.
574 5361 720 5442 Virg.
749 5385 870 5442 cap.
899 5371 1134 5442 5,Anum.
1164 5369 1264 5442 55,
1296 5375 1360 5442 et
1401 5363 1642 5442 cap._i0,
1676 5379 1823 5419 num.
1868 5361 1960 5431 65,

364 5445 522 5554 citius
551 5444 628 5496 rei
657 5436 935 5495 monuisse
963 5440 1222 5492 lectorem
1257 5438 1340 5491 hic
1371 5436 1625 5520 sufﬁciat.

484 5516 597 5554 Nam
617 5513 769 5554 nauci
792 5525 943 5554 IIISS--
961 5515 1199 5554 mmmam
1221 5511 1431 5554 nationis
1456 5510 1625 5554 animi

481 5516 597 5568 Non
617 5513 769 5580 pauci
791 5525 946 5580 mss.,
961 5515 1201 5566 modeste.
1221 5511 1431 5579 patienti
1456 5509 1665 5572 ordine;
1687 5506 1774 5561 alii
1809 5523 1832 5580 τε
1842 5515 1967 5580 tque

369 5587 502 5642 edit.
529 5577 654 5635 utin
680 5589 849 5633 textu.
876 5579 969 5634 Hic
997 5590 1177 5633 autem
1210 5577 1346 5634 forte
1368 5582 1646 5633 mirabitur
1670 5577 1862 5648 aliquis
1882 5578 1970 5644 ju-

366 5657 566 5711 dicium
584 5653 775 5706 Battusi
795 5650 996 5704 eisdem
1012 5651 1300 5718 judicibus,
1317 5666 1345 5703 a
1359 5653 1552 5720 quibus
1568 5652 1675 5718 jam
1690 5651 1973 5720 damnatus

371 5729 536 5782 fuerat
550 5767 563 5788 ,
583 5741 610 5776 a
629 5723 880 5790 Capuana
899 5723 1106 5792 synodo
1122 5717 1405 5792 remissum
1428 5717 1579 5775 esse.
1591 5721 1784 5774 Verum
1801 5717 1976 5792 credi-

2014 1883 2144 1953 legit
2178 1885 2229 1939 in
2259 1885 2582 1964 Evangelio,
2615 1891 2888 1958 quomodo
2917 1891 3071 1962 quasi
3110 1891 3403 1966 naufragus
3435 1894 3627 1951 titubat

2013 1983 2066 2030 et
2088 1974 2349 2031 ﬂuctuat?

2083 2065 2137 2119 6.
2169 2085 2188 2118 ι
2217 2067 2328 2123 Hoc
2353 2084 2483 2140 ergo
2515 2079 2900 2129 testamentum
2935 2074 3029 2130 filii
3061 2085 3144 2132 est
3171 2077 3238 2134 de
3259 2082 3449 2136 matris
3480 2082 3622 2138 inte-

2011 2160 2230 2230 gritate,
2257 2161 2374 2217 inec
2400 2164 2583 2219 Maria:
2611 2166 2856 2243 locuples
2894 2168 3090 2241 integri
3132 2173 3355 2244 pudoris
3394 2176 3626 2233 Incredi—

2013 2258 2116 2313 tas,
2154 2250 2242 2308 hic
2291 2255 2455 2309 totius
2511 2255 2632 2310 linis
2677 2263 3181 2318 consummationis.
3239 2266 3479 2344 Denique
3526 2271 3630 2325 hoc

2014 2348 2181 2416 dixit,
2215 2349 2269 2404 et
2307 2349 2473 2402 emisit
2517 2350 2757 2417 spiritum
2811 2349 3000 2424 (Ibid,
3062 2355 3178 2426 50),
3238 2373 3628 2417 consummans

2015 2457 2176 2497 omne
2204 2441 2521 2513 mysterium
2554 2443 2696 2497 bono
2725 2444 2831 2499 line
2860 2445 3098 2516 pietatis.

2088 2535 2140 2589 7.
2189 2553 2208 2586 ι
2243 2533 2492 2606 Legimus
2524 2536 2686 2590 etiam
2729 2547 2783 2592 et
2811 2537 2990 2592 omnia
3020 2541 3410 2611 percurrimus,
3444 2542 3526 2599 vel
3556 2545 3625 2601 de

2015 2639 2081 2680 eo
2104 2625 2246 2696 quod
2281 2625 2434 2681 fratri
2464 2635 2650 2683 n0stro
2675 2637 2730 2683 et
2756 2630 3085 2702 coepiscopo
3115 2632 3282 2689 Basso
3316 2636 3368 2689 in
3397 2652 3626 2693 consor-

2017 2721 2148 2775 tium
2181 2721 2434 2792 regendte
2466 2722 2724 2778 Ecclesiae
2750 2723 2906 2782 datus
2929 2734 3015 2781 est
3040 2727 3289 2798 Senecio,
3311 2729 3394 2792 vel
3434 2729 3500 2785 de
3518 2746 3626 2785 cie-

2019 2815 2171 2884 teris,
2203 2816 2344 2872 unde
2373 2826 2568 2873 vestra:
2593 2833 2834 2878 normam
2864 2831 3240 2896 exspectamus
3258 2824 3564 2880 sententiae.
3600 2845 3618 2877 ι

2395 2952 2606 3023 1010
2647 2962 2669 2989 ε’
2710 2951 3042 3010 EPISTOLA
3083 2953 3243 3012 LVII.

2022 3064 2264 3120 Eucsmo
2294 3079 2388 3119 cur
2409 3082 2522 3119 eum
2566 3065 2854 3121 Mediolani
2882 3084 2984 3122 non
3013 3070 3381 3138 exspectauerit
3402 3111 3416 3135 ,
3461 3072 3629 3141 expli-

2091 3167 2174 3210 cat
2205 3172 2224 3211 :
2265 3157 2451 3212 deinde
2478 3159 2541 3212 iis
2570 3173 2686 3228 quat
2728 3160 2819 3213 sub
2855 3158 3219 3215 Valentiniano
3259 3170 3309 3215 et
3334 3159 3627 3217 Theodosio

2094 3249 2359 3304 relationis
2383 3249 2686 3320 Symmachi
2721 3252 2990 3307 occasione
3017 3255 3155 3323 facta
3185 3257 3411 3324 fuerant,
3445 3267 3626 3309 recen-

2095 3343 2242 3408 sitis,
2296 3345 2526 3398 euntdem
2567 3352 2843 3413 tyrannum
2896 3345 3035 3415 quod
3079 3353 3316 3416 suntptus
3364 3346 3660 3401 idolorunt

2097 3438 2301 3508 templis
2335 3438 2680 3502 concedendo,
2710 3455 2802 3492 nec
2847 3438 2945 3494 Dei
2983 3441 3233 3507 timorem,
3268 3455 3360 3494 nec
3406 3441 3630 3494 aliorum

2096 3529 2161 3582 de
2184 3546 2238 3586 se
2266 3532 2698 3584 existimationem
2728 3540 2846 3586 ante
2874 3532 3050 3585 oculos
3076 3525 3331 3596 habuerit,
3365 3531 3522 3586 libere
3547 3547 3633 3586 or-

2100 3625 2209 3694 guit
2234 3639 2252 3686 ;
2281 3626 2616 3693 oppositoque
2641 3624 2805 3692 ipsius
2846 3625 3262 3690 prtevaricationi
3290 3623 3628 3678 Hebraeorum

2102 3717 2355 3785 exentplo,
2410 3717 2543 3770 lianc
2571 3719 2644 3769 ait
2693 3717 2850 3786 fuisse
2892 3729 3104 3770 causam
3151 3733 3242 3769 cur
3270 3717 3337 3769 ad
3376 3731 3489 3770 eum
3529 3733 3631 3772 non

2104 3806 2456 3874 rescripserit;
2485 3821 2539 3859 se
2568 3815 2737 3859 tamen
2783 3807 2836 3858 in
2874 3813 3135 3876 posterum
3177 3804 3433 3869 libertate,
3477 3819 3632 3874 quam

2105 3897 2243 3966 apud
2271 3897 2406 3949 alios
2434 3896 2691 3964 principes
2712 3895 3026 3960 adhibuerit,
3055 3911 3171 3948 cum
3195 3894 3371 3948 eodem
3395 3909 3629 3951 usurum.

2035 4007 2474 4067 Clementissimo
2513 4008 2825 4076 imperatori
2866 4007 3108 4065 Eueeuto
3156 4013 3460 4065 Auanosrus
3516 4010 3631 4080 epi-

2724 4111 2940 4168 scopus.

2112 4201 2164 4254 1.
2214 4193 2231 4233 ί
2269 4191 2610 4251 Secessionis
2634 4190 2766 4246 mihi
2789 4206 2950 4248 causa
2978 4191 3137 4246 timor
3173 4193 3386 4247 Domini
3419 4195 3536 4255 fuit,
3570 4193 3636 4246 ad

2032 4365 2275 4420 nitivam.
2311 4360 2381 4415 Et
2409 4358 2581 4429 potuit
2602 4359 2765 4429 etiam
2794 4357 2906 4412 fieri
2923 4363 2979 4412 ut
3002 4357 3192 4427 primis
3206 4356 3476 4428 iudicibus
3505 4358 3642 4414 alim

2035 4436 2274 4510 synodus
2301 4428 2777 4510 adjttngeret._$ed
2824 4443 2951 4510 cum
3000 4429 3489 4510 cjusdem_syuodl
3520 4439 3638 4510 acta

2038 4502 2374 4569 exciderint,
2407 4503 2539 4556 nihil
2573 4502 2672 4555 nisi
2705 4503 3022 4555 lnesitanter
3051 4503 3275 4570 proponi
3317 4507 3510 4570 potest.
3546 4502 3640 4555 At-

2039 4592 2216 4633 tamen
2265 4577 2433 4629 multa
2487 4575 2754 4627 Lauuoius
2807 4583 2952 4625 torno
2996 4572 3044 4634 Ι,
3089 4571 3317 4642 epistola
3370 4573 3434 4642 ad
3485 4571 3638 4628 Sunt-

2041 4651 2313 4706 bteuvinm
2357 4649 2424 4700 de
2452 4644 2544 4698 illo
2574 4643 2808 4698 concilio
2842 4643 3102 4712 disputat,
3128 4641 3375 4698 minime
3418 4641 3635 4713 indigna

2040 4736 2163 4793 qua:
2188 4719 2560 4793 consuluntur.

2118 4804 2140 4830 ο
2184 4791 2310 4844 Mss.
2335 4787 2599 4847 nunnulll,
2619 4783 2820 4856 Synodi
2844 4787 2948 4840 rice
2962 4786 3275 4840 discernitis.

2117 4861 2144 4900 ἀ
2184 4860 2386 4916 Omnes
2411 4859 2541 4914 edit.
2577 4873 2642 4928 ac
2677 4860 2830 4928 pauci
2863 4873 3024 4925 mss.,
3069 4871 3122 4910 tn
3148 4873 3294 4910 suam
3316 4897 3331 4924 ,
3377 4858 3642 4912 subintel-

2049 4938 2153 5004 Iige
2184 4943 2409 5004 matrem
2445 4937 2538 4983 :at
2562 4927 2875 5004 raliiipl‘ures
2907 4931 3252 5004 potioresque
3279 4969 3293 4993 ,
3319 4930 3374 4982 in
3403 4944 3533 5004 sua,
3577 4945 3641 5004 es

2049 4997 2240 5061 Graeco
2275 5001 2483 5057 scilicet
2527 5003 2596 5062 εἰς
2636 5003 2703 5056 τὰ
2725 4997 2863 5063 idm;
2912 4997 3187 5069 quou'iodo
3215 5015 3320 5052 non
3367 5000 3536 5054 semel
3576 5001 3644 5053 ab

2051 5076 2341 5132 Ambrosio
2362 5073 2513 5126 εἰωνί
2541 5077 2650 5140 jam
2683 5084 2809 5125 ante
2838 5070 3089 5125 vidimus.
3119 5069 3235 5124 Non
3257 5070 3524 5141 ingratum
3552 5087 3647 5124 au-

2057 5158 2163 5202 tem
2195 5145 2356 5199 luerit
2382 5153 2694 5212 argumenta
2721 5141 2914 5212 quibus
2947 5143 3032 5196 hic
3065 5140 3330 5210 perpetua
3353 5140 3534 5195 Maria:
3561 5144 3646 5196 ln-

2057 5218 2280 5288 tegritas
2315 5211 2636 5288 vindicatur,
2675 5211 2811 5288 cum
2843 5213 2906 5267 iis
2938 5213 3133 5284 quibus
3181 5212 3443 5288 callidum
3471 5211 3650 5266 citatis

2060 5281 2194 5345 locis
2221 5287 2344 5342 libri
2372 5286 2440 5340 de
2467 5285 2639 5339 lustit.
2675 5283 2826 5354 Virg.
2861 5281 3161 5354 propugnat
3194 5281 3536 5354 Ambrosius,
3566 5299 3652 5338 se-

2061 5362 2190 5416 dulo
2219 5369 2578 5426 componere;
2609 5357 2687 5410 sic
2714 5352 3036 5426 enitn’fac’ile
3062 5352 3372 5408 advertatur
3401 5370 3507 5408 non
3531 5352 3654 5408 tan-

2067 5441 2254 5500 topere
2277 5424 2597 5500 alluciuatos
2643 5429 2786 5494 illos,
2838 5424 2928 5496 qui
2970 5438 3252 5496 utramque
3303 5427 3653 5495 scriptionem

2067 5497 2242 5557 eidem
2271 5500 2476 5552 auctori
2511 5497 2906 5568 adjudicarunt.
3012 5567 3020 5568 ί
3158 5501 3176 5568 ς

2147 5583 2168 5606 υ
2212 5569 2427 5639 Scripta
2453 5571 2552 5622 sub
2578 5565 2740 5623 linem
2769 5570 2900 5622 arnii
2929 5567 3055 5633 392,
3092 5567 3170 5639 vel
3196 5565 3406 5639 initium
3435 5566 3564 5621 595.
3648 5615 3656 5628 ._

2152 5642 2168 5678 τ
2213 5638 2581 5703 Ambrosium,
2614 5639 2797 5693 audito
2829 5641 3051 5710 Eugenii
3079 5638 3340 5702 adventu,
3367 5638 3551 5710 Btllloll
3577 5652 3663 5691 aut

2077 5725 2135 5769 3c
2166 5717 2458 5781 rect-pisse,
2504 5712 2733 5778 indeque
2759 5709 2950 5764 causas
2987 5723 3236 5781 secessus
3265 5712 3344 5763 sui
3385 5709 3560 5763 eidem
3592 5710 3668 5762 si-

373 5779 480 5858 bile
501 5779 834 5872 estprioretn
859 5779 1179 5870 seintentiam
1201 5809 1305 5849 non
1320 5790 1507 5868 fuisse,
1531 5800 1822 5858 utvocant,
1848 5789 1980 5844 deli-
2080 5779 2366 5856 gnilicasse
2399 5793 2587 5836 auctor
2618 5783 2987 5852 esti’aulinus
3024 5783 3077 5836 in
3110 5779 3228 5864 ejus
3255 5782 3388 5851 vita,
3419 5789 3474 5837 et
3501 5795 3600 5837 nos
3626 5781 3678 5836 in
