  <div class='ocr_page' id='page_1' title='image "/cluster/home/n/w/nwhite01/storage/ocr_20150623/16/uva.x000826550/595.png"; bbox 0 0 4076 6172; ppageno 0'>
   <div class='ocr_carea' id='block_1_1' title="bbox 501 226 638 282">
    <p class='ocr_par' dir='ltr' id='par_1_1' title="bbox 501 226 638 282">
     <span class='ocr_line' id='line_1_1' title="bbox 501 226 638 282; baseline 0.015 -2"><span class='ocrx_word' id='word_1_1' title='bbox 501 226 638 282; x_wconf 83' lang='lat' dir='ltr'><strong>H75</strong></span> 
     </span>
    </p>
   </div>
   <div class='ocr_carea' id='block_1_2' title="bbox 1860 225 2466 286">
    <p class='ocr_par' dir='ltr' id='par_1_2' title="bbox 1860 225 2466 286">
     <span class='ocr_line' id='line_1_2' title="bbox 1860 225 2466 286; baseline 0.005 -3"><span class='ocrx_word' id='word_1_2' title='bbox 1860 225 2107 284; x_wconf 80' lang='lat' dir='ltr'><strong>SANCTI</strong></span> <span class='ocrx_word' id='word_1_3' title='bbox 2143 227 2238 284; x_wconf 79' lang='lat' dir='ltr'><strong>AM</strong></span> <span class='ocrx_word' id='word_1_4' title='bbox 2248 227 2466 286; x_wconf 76' lang='lat' dir='ltr'><strong>BROSH</strong></span> 
     </span>
    </p>
   </div>
   <div class='ocr_carea' id='block_1_3' title="bbox 3661 243 3809 304">
    <p class='ocr_par' dir='ltr' id='par_1_3' title="bbox 3661 243 3809 304">
     <span class='ocr_line' id='line_1_3' title="bbox 3661 243 3809 304; baseline 0.034 -5"><span class='ocrx_word' id='word_1_5' title='bbox 3661 243 3809 304; x_wconf 80' lang='lat' dir='ltr'><strong>H76-</strong></span> 
     </span>
    </p>
   </div>
   <div class='ocr_carea' id='block_1_4' title="bbox 493 342 3794 428">
    <p class='ocr_par' dir='ltr' id='par_1_4' title="bbox 493 342 3794 428">
     <span class='ocr_line' id='line_1_4' title="bbox 493 342 3794 428; baseline 0.005 -32"><span class='ocrx_word' id='word_1_6' title='bbox 493 357 656 415; x_wconf 89' lang='lat' dir='ltr'><strong>quem</strong></span> <span class='ocrx_word' id='word_1_7' title='bbox 704 356 895 398; x_wconf 86' lang='lat' dir='ltr'><strong>omnes</strong></span> <span class='ocrx_word' id='word_1_8' title='bbox 939 351 1092 397; x_wconf 89' lang='lat' dir='ltr'><strong>actus</strong></span> <span class='ocrx_word' id='word_1_9' title='bbox 1117 356 1270 398; x_wconf 89' lang='lat' dir='ltr'><strong>mens</strong></span> <span class='ocrx_word' id='word_1_10' title='bbox 1289 384 1302 407; x_wconf 94' lang='lat'><strong>,</strong></span> <span class='ocrx_word' id='word_1_11' title='bbox 1333 351 1596 412; x_wconf 90' lang='lat' dir='ltr'><strong>quantum</strong></span> <span class='ocrx_word' id='word_1_12' title='bbox 1626 356 1786 414; x_wconf 88' lang='lat' dir='ltr'><strong>queo,</strong></span> <span class='ocrx_word' id='word_1_13' title='bbox 1817 342 2056 414; x_wconf 79' lang='lat' dir='ltr'><strong>dirigere</strong></span> <span class='ocrx_word' id='word_1_14' title='bbox 2075 385 2089 409; x_wconf 95' lang='lat'><strong>,</strong></span> <span class='ocrx_word' id='word_1_15' title='bbox 2119 358 2175 419; x_wconf 75' lang='grc' dir='ltr'><strong>Α</strong></span> <span class='ocrx_word' id='word_1_16' title='bbox 2200 344 2332 400; x_wconf 83' lang='grc' dir='ltr'><strong>ιίοηί</strong></span> <span class='ocrx_word' id='word_1_17' title='bbox 2358 359 2493 401; x_wconf 68' lang='lat' dir='ltr'><strong>mea:</strong></span> <span class='ocrx_word' id='word_1_18' title='bbox 2521 346 2735 402; x_wconf 88' lang='lat' dir='ltr'><strong>tandem</strong></span> <span class='ocrx_word' id='word_1_19' title='bbox 2763 350 3140 407; x_wconf 86' lang='lat' dir='ltr'><strong>assensionem</strong></span> <span class='ocrx_word' id='word_1_20' title='bbox 3164 351 3380 420; x_wconf 91' lang='lat' dir='ltr'><strong>detulit,</strong></span> <span class='ocrx_word' id='word_1_21' title='bbox 3405 362 3461 409; x_wconf 88' lang='lat' dir='ltr'><strong>et</strong></span> <span class='ocrx_word' id='word_1_22' title='bbox 3491 355 3574 412; x_wconf 89' lang='lat' dir='ltr'><strong>sic</strong></span> <span class='ocrx_word' id='word_1_23' title='bbox 3605 355 3794 428; x_wconf 83' lang='lat' dir='ltr'><strong>aliqui-</strong></span> 
     </span>
    </p>
   </div>
   <div class='ocr_carea' id='block_1_5' title="bbox 496 435 2096 507">
    <p class='ocr_par' dir='ltr' id='par_1_5' title="bbox 496 435 2096 507">
     <span class='ocr_line' id='line_1_5' title="bbox 496 435 2096 507; baseline 0.001 -16"><span class='ocrx_word' id='word_1_24' title='bbox 496 452 675 507; x_wconf 90' lang='lat' dir='ltr'><strong>neque</strong></span> <span class='ocrx_word' id='word_1_25' title='bbox 703 451 956 507; x_wconf 84' lang='lat' dir='ltr'><strong>umquam</strong></span> <span class='ocrx_word' id='word_1_26' title='bbox 985 435 1054 490; x_wconf 93' lang='lat' dir='ltr'><strong>ab</strong></span> <span class='ocrx_word' id='word_1_27' title='bbox 1084 451 1150 490; x_wconf 93' lang='lat' dir='ltr'><strong>eo</strong></span> <span class='ocrx_word' id='word_1_28' title='bbox 1177 444 1418 491; x_wconf 90' lang='lat' dir='ltr'><strong>mentem</strong></span> <span class='ocrx_word' id='word_1_29' title='bbox 1450 435 1762 501; x_wconf 86' lang='lat' dir='ltr'><strong>deﬂectere,</strong></span> <span class='ocrx_word' id='word_1_30' title='bbox 1795 451 1895 492; x_wconf 91' lang='lat' dir='ltr'><strong>nec</strong></span> <span class='ocrx_word' id='word_1_31' title='bbox 1923 437 2096 507; x_wconf 77' lang='lat' dir='ltr'><strong>pluris</strong></span> 
     </span>
    </p>
   </div>
   <div class='ocr_carea' id='block_1_6' title="bbox 493 525 2094 599">
    <p class='ocr_par' dir='ltr' id='par_1_6' title="bbox 493 525 2094 599">
     <span class='ocr_line' id='line_1_6' title="bbox 493 525 2094 599; baseline 0.001 -16"><span class='ocrx_word' id='word_1_32' title='bbox 493 530 676 584; x_wconf 90' lang='lat' dir='ltr'><strong>facere</strong></span> <span class='ocrx_word' id='word_1_33' title='bbox 703 528 942 598; x_wconf 85' lang='lat' dir='ltr'><strong>cujusvis</strong></span> <span class='ocrx_word' id='word_1_34' title='bbox 969 525 1226 594; x_wconf 87' lang='lat' dir='ltr'><strong>hominis,</strong></span> <span class='ocrx_word' id='word_1_35' title='bbox 1269 541 1431 597; x_wconf 92' lang='lat' dir='ltr'><strong>quam</strong></span> <span class='ocrx_word' id='word_1_36' title='bbox 1459 526 1662 582; x_wconf 86' lang='lat' dir='ltr'><strong>Christi</strong></span> <span class='ocrx_word' id='word_1_37' title='bbox 1705 528 1932 599; x_wconf 77' lang='lat' dir='ltr'><strong>gratiam</strong></span> <span class='ocrx_word' id='word_1_38' title='bbox 1963 543 2094 584; x_wconf 92' lang='lat' dir='ltr'><strong>con-</strong></span> 
     </span>
    </p>
   </div>
   <div class='ocr_carea' id='block_1_7' title="bbox 493 619 2094 699">
    <p class='ocr_par' dir='ltr' id='par_1_7' title="bbox 493 619 2094 699">
     <span class='ocr_line' id='line_1_7' title="bbox 493 619 2094 699; baseline -0.001 -23"><span class='ocrx_word' id='word_1_39' title='bbox 493 621 669 676; x_wconf 90' lang='lat' dir='ltr'><strong>suevi.</strong></span> <span class='ocrx_word' id='word_1_40' title='bbox 729 619 942 674; x_wconf 87' lang='lat' dir='ltr'><strong>Nemini</strong></span> <span class='ocrx_word' id='word_1_41' title='bbox 1004 619 1149 675; x_wconf 90' lang='lat' dir='ltr'><strong>enim</strong></span> <span class='ocrx_word' id='word_1_42' title='bbox 1207 619 1348 675; x_wconf 82' lang='lat' dir='ltr'><strong>facio</strong></span> <span class='ocrx_word' id='word_1_43' title='bbox 1400 619 1686 699; x_wconf 84' lang='lat' dir='ltr'><strong>injuriam,</strong></span> <span class='ocrx_word' id='word_1_44' title='bbox 1742 621 1787 674; x_wconf 94' lang='lat' dir='ltr'><strong>si</strong></span> <span class='ocrx_word' id='word_1_45' title='bbox 1840 619 2094 675; x_wconf 87' lang='lat' dir='ltr'><strong>omnibus</strong></span> 
     </span>
    </p>
   </div>
   <div class='ocr_carea' id='block_1_8' title="bbox 495 711 2094 783">
    <p class='ocr_par' dir='ltr' id='par_1_8' title="bbox 495 711 2094 783">
     <span class='ocr_line' id='line_1_8' title="bbox 495 711 2094 783; baseline 0 -16"><span class='ocrx_word' id='word_1_46' title='bbox 495 715 663 768; x_wconf 92' lang='lat' dir='ltr'><strong>Deum</strong></span> <span class='ocrx_word' id='word_1_47' title='bbox 693 711 959 783; x_wconf 64' lang='lat' dir='ltr'><strong>praefero;</strong></span> <span class='ocrx_word' id='word_1_48' title='bbox 984 721 1040 767; x_wconf 87' lang='lat' dir='ltr'><strong>et</strong></span> <span class='ocrx_word' id='word_1_49' title='bbox 1067 711 1346 767; x_wconf 86' lang='lat' dir='ltr'><strong>confidens</strong></span> <span class='ocrx_word' id='word_1_50' title='bbox 1373 711 1427 766; x_wconf 92' lang='lat' dir='ltr'><strong>in</strong></span> <span class='ocrx_word' id='word_1_51' title='bbox 1468 712 1611 782; x_wconf 90' lang='lat' dir='ltr'><strong>ipso,</strong></span> <span class='ocrx_word' id='word_1_52' title='bbox 1643 726 1749 766; x_wconf 92' lang='lat' dir='ltr'><strong>non</strong></span> <span class='ocrx_word' id='word_1_53' title='bbox 1779 725 1976 767; x_wconf 91' lang='lat' dir='ltr'><strong>vereor</strong></span> <span class='ocrx_word' id='word_1_54' title='bbox 2000 727 2094 767; x_wconf 86' lang='lat' dir='ltr'><strong>vo-</strong></span> 
     </span>
    </p>
   </div>
   <div class='ocr_carea' id='block_1_9' title="bbox 489 802 2088 874">
    <p class='ocr_par' dir='ltr' id='par_1_9' title="bbox 489 802 2088 874">
     <span class='ocr_line' id='line_1_9' title="bbox 489 802 2088 874; baseline -0.002 -15"><span class='ocrx_word' id='word_1_55' title='bbox 489 805 574 860; x_wconf 88' lang='lat' dir='ltr'><strong>bis</strong></span> <span class='ocrx_word' id='word_1_56' title='bbox 603 803 1020 874; x_wconf 89' lang='lat' dir='ltr'><strong>imperatoribus</strong></span> <span class='ocrx_word' id='word_1_57' title='bbox 1046 802 1250 870; x_wconf 89' lang='lat' dir='ltr'><strong>dicere,</strong></span> <span class='ocrx_word' id='word_1_58' title='bbox 1277 817 1398 872; x_wconf 69' lang='lat' dir='ltr'><strong>quae</strong></span> <span class='ocrx_word' id='word_1_59' title='bbox 1429 817 1526 872; x_wconf 91' lang='lat' dir='ltr'><strong>pro</strong></span> <span class='ocrx_word' id='word_1_60' title='bbox 1550 817 1672 856; x_wconf 93' lang='lat' dir='ltr'><strong>meo</strong></span> <span class='ocrx_word' id='word_1_61' title='bbox 1700 812 1859 874; x_wconf 92' lang='lat' dir='ltr'><strong>captu</strong></span> <span class='ocrx_word' id='word_1_62' title='bbox 1891 802 2088 857; x_wconf 85' lang='lat' dir='ltr'><strong>sentio.</strong></span> 
     </span>
    </p>
   </div>
   <div class='ocr_carea' id='block_1_10' title="bbox 489 895 2095 966">
    <p class='ocr_par' dir='ltr' id='par_1_10' title="bbox 489 895 2095 966">
     <span class='ocr_line' id='line_1_10' title="bbox 489 895 2095 966; baseline 0.001 -16"><span class='ocrx_word' id='word_1_63' title='bbox 489 895 674 965; x_wconf 79' lang='lat' dir='ltr'><strong>Itaque</strong></span> <span class='ocrx_word' id='word_1_64' title='bbox 699 895 845 966; x_wconf 89' lang='lat' dir='ltr'><strong>quod</strong></span> <span class='ocrx_word' id='word_1_65' title='bbox 870 895 1012 965; x_wconf 89' lang='lat' dir='ltr'><strong>apud</strong></span> <span class='ocrx_word' id='word_1_66' title='bbox 1044 896 1182 952; x_wconf 87' lang='lat' dir='ltr'><strong>alios</strong></span> <span class='ocrx_word' id='word_1_67' title='bbox 1227 896 1585 966; x_wconf 87' lang='lat' dir='ltr'><strong>imperatores</strong></span> <span class='ocrx_word' id='word_1_68' title='bbox 1630 911 1738 951; x_wconf 89' lang='lat' dir='ltr'><strong>non</strong></span> <span class='ocrx_word' id='word_1_69' title='bbox 1787 897 1950 961; x_wconf 84' lang='lat' dir='ltr'><strong>tacui,</strong></span> <span class='ocrx_word' id='word_1_70' title='bbox 1995 911 2095 951; x_wconf 89' lang='lat' dir='ltr'><strong>nec</strong></span> 
     </span>
    </p>
   </div>
   <div class='ocr_carea' id='block_1_11' title="bbox 489 988 2095 1060">
    <p class='ocr_par' dir='ltr' id='par_1_11' title="bbox 489 988 2095 1060">
     <span class='ocr_line' id='line_1_11' title="bbox 489 988 2095 1060; baseline 0.002 -18"><span class='ocrx_word' id='word_1_71' title='bbox 489 988 631 1058; x_wconf 91' lang='lat' dir='ltr'><strong>apud</strong></span> <span class='ocrx_word' id='word_1_72' title='bbox 666 997 740 1054; x_wconf 89' lang='lat' dir='ltr'><strong>te,</strong></span> <span class='ocrx_word' id='word_1_73' title='bbox 780 988 1209 1046; x_wconf 89' lang='lat' dir='ltr'><strong>clementissime</strong></span> <span class='ocrx_word' id='word_1_74' title='bbox 1237 988 1557 1060; x_wconf 84' lang='lat' dir='ltr'><strong>Imperator,</strong></span> <span class='ocrx_word' id='word_1_75' title='bbox 1592 990 1799 1045; x_wconf 88' lang='lat' dir='ltr'><strong>tacebo.</strong></span> <span class='ocrx_word' id='word_1_76' title='bbox 1833 991 2010 1058; x_wconf 87' lang='lat' dir='ltr'><strong>Atque</strong></span> <span class='ocrx_word' id='word_1_77' title='bbox 2037 1001 2095 1046; x_wconf 87' lang='lat' dir='ltr'><strong>ut</strong></span> 
     </span>
    </p>
   </div>
   <div class='ocr_carea' id='block_1_12' title="bbox 488 1081 2094 1155">
    <p class='ocr_par' dir='ltr' id='par_1_12' title="bbox 488 1081 2094 1155">
     <span class='ocr_line' id='line_1_12' title="bbox 488 1081 2094 1155; baseline 0.003 -20"><span class='ocrx_word' id='word_1_78' title='bbox 488 1081 734 1137; x_wconf 90' lang='lat' dir='ltr'><strong>ordinem</strong></span> <span class='ocrx_word' id='word_1_79' title='bbox 765 1098 948 1137; x_wconf 90' lang='lat' dir='ltr'><strong>rerum</strong></span> <span class='ocrx_word' id='word_1_80' title='bbox 975 1083 1300 1148; x_wconf 83' lang='lat' dir='ltr'><strong>custodiam,</strong></span> <span class='ocrx_word' id='word_1_81' title='bbox 1341 1085 1572 1140; x_wconf 89' lang='lat' dir='ltr'><strong>strictim</strong></span> <span class='ocrx_word' id='word_1_82' title='bbox 1620 1085 1937 1151; x_wconf 89' lang='lat' dir='ltr'><strong>recensebo,</strong></span> <span class='ocrx_word' id='word_1_83' title='bbox 1973 1100 2094 1155; x_wconf 78' lang='lat' dir='ltr'><strong>quae</strong></span> 
     </span>
    </p>
   </div>
   <div class='ocr_carea' id='block_1_13' title="bbox 492 1176 1301 1247">
    <p class='ocr_par' dir='ltr' id='par_1_13' title="bbox 492 1176 1301 1247">
     <span class='ocr_line' id='line_1_13' title="bbox 492 1176 1301 1247; baseline 0.001 -18"><span class='ocrx_word' id='word_1_84' title='bbox 492 1176 558 1230; x_wconf 90' lang='lat' dir='ltr'><strong>ad</strong></span> <span class='ocrx_word' id='word_1_85' title='bbox 590 1176 692 1232; x_wconf 91' lang='lat' dir='ltr'><strong>hoc</strong></span> <span class='ocrx_word' id='word_1_86' title='bbox 725 1186 973 1246; x_wconf 90' lang='lat' dir='ltr'><strong>spectant</strong></span> <span class='ocrx_word' id='word_1_87' title='bbox 1004 1177 1301 1247; x_wconf 81' lang='lat' dir='ltr'><strong>negotium.</strong></span> 
     </span>
    </p>
   </div>
   <div class='ocr_carea' id='block_1_14' title="bbox 559 1267 2093 1341">
    <p class='ocr_par' dir='ltr' id='par_1_14' title="bbox 559 1267 2093 1341">
     <span class='ocr_line' id='line_1_14' title="bbox 559 1267 2093 1341; baseline 0.002 -20"><span class='ocrx_word' id='word_1_88' title='bbox 559 1267 613 1321; x_wconf 75' lang='lat'><strong>2.</strong></span> <span class='ocrx_word' id='word_1_89' title='bbox 658 1267 941 1324; x_wconf 82' lang='lat' dir='ltr'><strong>Retulerat</strong></span> <span class='ocrx_word' id='word_1_90' title='bbox 969 1269 1051 1322; x_wconf 85' lang='lat' dir='ltr'><strong>vir</strong></span> <span class='ocrx_word' id='word_1_91' title='bbox 1078 1269 1447 1339; x_wconf 65' lang='lat' dir='ltr'><strong>amplisdmus</strong></span> <span class='ocrx_word' id='word_1_92' title='bbox 1494 1278 1520 1305; x_wconf 72' lang='grc' dir='ltr'><strong>ιι</strong></span> <span class='ocrx_word' id='word_1_93' title='bbox 1551 1269 1936 1341; x_wconf 89' lang='lat' dir='ltr'><strong>Symmachus,</strong></span> <span class='ocrx_word' id='word_1_94' title='bbox 1969 1283 2093 1324; x_wconf 90' lang='lat' dir='ltr'><strong>cum</strong></span> 
     </span>
    </p>
   </div>
   <div class='ocr_carea' id='block_1_15' title="bbox 485 1359 2096 1430">
    <p class='ocr_par' dir='ltr' id='par_1_15' title="bbox 485 1359 2096 1430">
     <span class='ocr_line' id='line_1_15' title="bbox 485 1359 2096 1430; baseline 0.001 -16"><span class='ocrx_word' id='word_1_95' title='bbox 485 1370 631 1415; x_wconf 84' lang='lat' dir='ltr'><strong>esset</strong></span> <span class='ocrx_word' id='word_1_96' title='bbox 684 1359 968 1430; x_wconf 68' lang='lat' dir='ltr'><strong>prmfectus</strong></span> <span class='ocrx_word' id='word_1_97' title='bbox 1018 1359 1199 1428; x_wconf 90' lang='lat' dir='ltr'><strong>Urbis,</strong></span> <span class='ocrx_word' id='word_1_98' title='bbox 1252 1360 1320 1416; x_wconf 89' lang='lat' dir='ltr'><strong>ad</strong></span> <span class='ocrx_word' id='word_1_99' title='bbox 1376 1360 1809 1416; x_wconf 85' lang='lat' dir='ltr'><strong>Valentinianum</strong></span> <span class='ocrx_word' id='word_1_100' title='bbox 1856 1369 2096 1430; x_wconf 72' lang='lat' dir='ltr'><strong>augusta:</strong></span> 
     </span>
    </p>
   </div>
   <div class='ocr_carea' id='block_1_16' title="bbox 493 1453 2096 1537">
    <p class='ocr_par' dir='ltr' id='par_1_16' title="bbox 493 1453 2096 1537">
     <span class='ocr_line' id='line_1_16' title="bbox 493 1453 2096 1537; baseline 0.001 -31"><span class='ocrx_word' id='word_1_101' title='bbox 493 1453 769 1508; x_wconf 71' lang='lat' dir='ltr'><strong>memoria:</strong></span> <span class='ocrx_word' id='word_1_102' title='bbox 820 1453 1202 1523; x_wconf 87' lang='lat' dir='ltr'><strong>imperatorem</strong></span> <span class='ocrx_word' id='word_1_103' title='bbox 1246 1453 1542 1537; x_wconf 75' lang='lat' dir='ltr'><strong>iuniorem,</strong></span> <span class='ocrx_word' id='word_1_104' title='bbox 1595 1461 1654 1507; x_wconf 90' lang='lat' dir='ltr'><strong>ut</strong></span> <span class='ocrx_word' id='word_1_105' title='bbox 1699 1454 1934 1524; x_wconf 90' lang='lat' dir='ltr'><strong>templis,</strong></span> <span class='ocrx_word' id='word_1_106' title='bbox 1976 1469 2096 1524; x_wconf 77' lang='lat' dir='ltr'><strong>qua:</strong></span> 
     </span>
    </p>
   </div>
   <div class='ocr_carea' id='block_1_17' title="bbox 486 1545 2097 1620">
    <p class='ocr_par' dir='ltr' id='par_1_17' title="bbox 486 1545 2097 1620">
     <span class='ocr_line' id='line_1_17' title="bbox 486 1545 2097 1620; baseline 0.002 -20"><span class='ocrx_word' id='word_1_107' title='bbox 486 1545 694 1602; x_wconf 89' lang='lat' dir='ltr'><strong>sublata</strong></span> <span class='ocrx_word' id='word_1_108' title='bbox 726 1549 977 1611; x_wconf 90' lang='lat' dir='ltr'><strong>fuerant,</strong></span> <span class='ocrx_word' id='word_1_109' title='bbox 1013 1548 1167 1604; x_wconf 92' lang='lat' dir='ltr'><strong>reddi</strong></span> <span class='ocrx_word' id='word_1_110' title='bbox 1203 1549 1440 1619; x_wconf 85' lang='lat' dir='ltr'><strong>juberet.</strong></span> <span class='ocrx_word' id='word_1_111' title='bbox 1476 1548 1718 1605; x_wconf 89' lang='lat' dir='ltr'><strong>Functus</strong></span> <span class='ocrx_word' id='word_1_112' title='bbox 1748 1561 1832 1605; x_wconf 89' lang='lat' dir='ltr'><strong>est</strong></span> <span class='ocrx_word' id='word_1_113' title='bbox 1858 1550 1949 1606; x_wconf 91' lang='lat' dir='ltr'><strong>ille</strong></span> <span class='ocrx_word' id='word_1_114' title='bbox 1975 1566 2097 1620; x_wconf 90' lang='lat' dir='ltr'><strong>par-</strong></span> 
     </span>
    </p>
   </div>
   <div class='ocr_carea' id='block_1_18' title="bbox 491 1642 2096 1716">
    <p class='ocr_par' dir='ltr' id='par_1_18' title="bbox 491 1642 2096 1716">
     <span class='ocr_line' id='line_1_18' title="bbox 491 1642 2096 1716; baseline 0.002 -18"><span class='ocrx_word' id='word_1_115' title='bbox 491 1642 635 1698; x_wconf 90' lang='lat' dir='ltr'><strong>tibus</strong></span> <span class='ocrx_word' id='word_1_116' title='bbox 661 1643 773 1697; x_wconf 88' lang='lat' dir='ltr'><strong>suis</strong></span> <span class='ocrx_word' id='word_1_117' title='bbox 807 1658 904 1712; x_wconf 92' lang='lat' dir='ltr'><strong>pro</strong></span> <span class='ocrx_word' id='word_1_118' title='bbox 930 1642 1111 1698; x_wconf 91' lang='lat' dir='ltr'><strong>studio</strong></span> <span class='ocrx_word' id='word_1_119' title='bbox 1139 1652 1193 1697; x_wconf 92' lang='lat' dir='ltr'><strong>ct</strong></span> <span class='ocrx_word' id='word_1_120' title='bbox 1235 1643 1383 1697; x_wconf 91' lang='lat' dir='ltr'><strong>cultu</strong></span> <span class='ocrx_word' id='word_1_121' title='bbox 1415 1659 1534 1699; x_wconf 91' lang='lat' dir='ltr'><strong>suo.</strong></span> <span class='ocrx_word' id='word_1_122' title='bbox 1568 1643 1768 1713; x_wconf 88' lang='lat' dir='ltr'><strong>Utique</strong></span> <span class='ocrx_word' id='word_1_123' title='bbox 1795 1646 1959 1700; x_wconf 89' lang='lat' dir='ltr'><strong>etiam</strong></span> <span class='ocrx_word' id='word_1_124' title='bbox 1995 1661 2096 1716; x_wconf 92' lang='lat' dir='ltr'><strong>ego</strong></span> 
     </span>
    </p>
   </div>
   <div class='ocr_carea' id='block_1_19' title="bbox 2199 434 3794 513">
    <p class='ocr_par' dir='ltr' id='par_1_19' title="bbox 2199 434 3794 513">
     <span class='ocr_line' id='line_1_19' title="bbox 2199 434 3794 513; baseline 0.01 -25"><span class='ocrx_word' id='word_1_125' title='bbox 2199 434 2296 489; x_wconf 88' lang='lat' dir='ltr'><strong>bus</strong></span> <span class='ocrx_word' id='word_1_126' title='bbox 2321 435 2388 490; x_wconf 88' lang='lat' dir='ltr'><strong>ad</strong></span> <span class='ocrx_word' id='word_1_127' title='bbox 2419 438 2594 507; x_wconf 91' lang='lat' dir='ltr'><strong>ipsum</strong></span> <span class='ocrx_word' id='word_1_128' title='bbox 2632 453 2737 492; x_wconf 90' lang='lat' dir='ltr'><strong>non</strong></span> <span class='ocrx_word' id='word_1_129' title='bbox 2767 442 2973 496; x_wconf 88' lang='lat' dir='ltr'><strong>accessi</strong></span> <span class='ocrx_word' id='word_1_130' title='bbox 2997 441 3214 509; x_wconf 91' lang='lat' dir='ltr'><strong>diebus,</strong></span> <span class='ocrx_word' id='word_1_131' title='bbox 3244 459 3347 500; x_wconf 90' lang='lat' dir='ltr'><strong>nec</strong></span> <span class='ocrx_word' id='word_1_132' title='bbox 3374 446 3612 502; x_wconf 84' lang='lat' dir='ltr'><strong>moleste</strong></span> <span class='ocrx_word' id='word_1_133' title='bbox 3643 448 3794 513; x_wconf 86' lang='lat' dir='ltr'><strong>tulit;</strong></span> 
     </span>
    </p>
   </div>
   <div class='ocr_carea' id='block_1_20' title="bbox 2194 530 3801 611">
    <p class='ocr_par' dir='ltr' id='par_1_20' title="bbox 2194 530 3801 611">
     <span class='ocr_line' id='line_1_20' title="bbox 2194 530 3801 611; baseline 0.01 -29"><span class='ocrx_word' id='word_1_134' title='bbox 2194 530 2320 600; x_wconf 85' lang='lat' dir='ltr'><strong>quia</strong></span> <span class='ocrx_word' id='word_1_135' title='bbox 2349 545 2457 586; x_wconf 92' lang='lat' dir='ltr'><strong>non</strong></span> <span class='ocrx_word' id='word_1_136' title='bbox 2492 546 2594 602; x_wconf 94' lang='lat' dir='ltr'><strong>pro</strong></span> <span class='ocrx_word' id='word_1_137' title='bbox 2623 532 2759 589; x_wconf 90' lang='lat' dir='ltr'><strong>meis</strong></span> <span class='ocrx_word' id='word_1_138' title='bbox 2784 535 3086 592; x_wconf 87' lang='lat' dir='ltr'><strong>commodis</strong></span> <span class='ocrx_word' id='word_1_139' title='bbox 3118 535 3406 604; x_wconf 81' lang='lat' dir='ltr'><strong>faciebam,</strong></span> <span class='ocrx_word' id='word_1_140' title='bbox 3439 539 3540 595; x_wconf 90' lang='lat' dir='ltr'><strong>sed</strong></span> <span class='ocrx_word' id='word_1_141' title='bbox 3568 540 3715 611; x_wconf 92' lang='lat' dir='ltr'><strong>quod</strong></span> <span class='ocrx_word' id='word_1_142' title='bbox 3745 551 3801 598; x_wconf 89' lang='lat' dir='ltr'><strong>et</strong></span> 
     </span>
    </p>
   </div>
   <div class='ocr_carea' id='block_1_21' title="bbox 2198 623 3801 704">
    <p class='ocr_par' dir='ltr' id='par_1_21' title="bbox 2198 623 3801 704">
     <span class='ocr_line' id='line_1_21' title="bbox 2198 623 3801 704; baseline 0.007 -27"><span class='ocrx_word' id='word_1_143' title='bbox 2198 623 2322 694; x_wconf 91' lang='lat' dir='ltr'><strong>ipsi,</strong></span> <span class='ocrx_word' id='word_1_144' title='bbox 2353 634 2408 680; x_wconf 91' lang='lat' dir='ltr'><strong>et</strong></span> <span class='ocrx_word' id='word_1_145' title='bbox 2437 625 2633 680; x_wconf 77' lang='lat' dir='ltr'><strong>anima:</strong></span> <span class='ocrx_word' id='word_1_146' title='bbox 2656 641 2792 682; x_wconf 69' lang='lat' dir='ltr'><strong>mete</strong></span> <span class='ocrx_word' id='word_1_147' title='bbox 2833 627 3113 698; x_wconf 88' lang='lat' dir='ltr'><strong>proderat,</strong></span> <span class='ocrx_word' id='word_1_148' title='bbox 3143 629 3198 684; x_wconf 92' lang='lat' dir='ltr'><strong>in</strong></span> <span class='ocrx_word' id='word_1_149' title='bbox 3219 641 3519 701; x_wconf 89' lang='lat' dir='ltr'><strong>conspectu</strong></span> <span class='ocrx_word' id='word_1_150' title='bbox 3552 631 3696 704; x_wconf 85' lang='lat' dir='ltr'><strong>regis</strong></span> <span class='ocrx_word' id='word_1_151' title='bbox 3721 633 3801 688; x_wconf 81' lang='lat' dir='ltr'><strong>lo—</strong></span> 
     </span>
    </p>
   </div>
   <div class='ocr_carea' id='block_1_22' title="bbox 2196 716 3398 793">
    <p class='ocr_par' dir='ltr' id='par_1_22' title="bbox 2196 716 3398 793">
     <span class='ocr_line' id='line_1_22' title="bbox 2196 716 3398 793; baseline 0.005 -23"><span class='ocrx_word' id='word_1_152' title='bbox 2196 716 2287 786; x_wconf 91' lang='lat' dir='ltr'><strong>qui</strong></span> <span class='ocrx_word' id='word_1_153' title='bbox 2317 732 2424 772; x_wconf 92' lang='lat' dir='ltr'><strong>non</strong></span> <span class='ocrx_word' id='word_1_154' title='bbox 2455 716 2836 775; x_wconf 83' lang='lat' dir='ltr'><strong>confundebar</strong></span> <span class='ocrx_word' id='word_1_155' title='bbox 2865 718 3040 792; x_wconf 78' lang='lat' dir='ltr'><strong>(Psal.</strong></span> <span class='ocrx_word' id='word_1_156' title='bbox 3065 736 3253 785; x_wconf 82' lang='lat' dir='ltr'><strong>cxvut,</strong></span> <span class='ocrx_word' id='word_1_157' title='bbox 3283 720 3398 793; x_wconf 69' lang='lat'><strong>46).</strong></span> 
     </span>
    </p>
   </div>
   <div class='ocr_carea' id='block_1_23' title="bbox 2269 806 3798 886">
    <p class='ocr_par' dir='ltr' id='par_1_23' title="bbox 2269 806 3798 886">
     <span class='ocr_line' id='line_1_23' title="bbox 2269 806 3798 886; baseline 0.009 -27"><span class='ocrx_word' id='word_1_158' title='bbox 2269 806 2322 860; x_wconf 84' lang='lat'><strong>5.</strong></span> <span class='ocrx_word' id='word_1_159' title='bbox 2359 807 2556 864; x_wconf 90' lang='lat' dir='ltr'><strong>lterum</strong></span> <span class='ocrx_word' id='word_1_160' title='bbox 2592 808 2976 866; x_wconf 84' lang='lat' dir='ltr'><strong>Valentiniano</strong></span> <span class='ocrx_word' id='word_1_161' title='bbox 3019 810 3037 849; x_wconf 69' lang='grc' dir='ltr'>ί</span> <span class='ocrx_word' id='word_1_162' title='bbox 3068 823 3311 883; x_wconf 79' lang='lat' dir='ltr'><strong>augustae</strong></span> <span class='ocrx_word' id='word_1_163' title='bbox 3337 814 3620 870; x_wconf 75' lang='lat' dir='ltr'><strong>memoria:</strong></span> <span class='ocrx_word' id='word_1_164' title='bbox 3649 815 3798 886; x_wconf 83' lang='lat' dir='ltr'><strong>prin-</strong></span> 
     </span>
    </p>
   </div>
   <div class='ocr_carea' id='block_1_24' title="bbox 2198 898 3795 973">
    <p class='ocr_par' dir='ltr' id='par_1_24' title="bbox 2198 898 3795 973">
     <span class='ocr_line' id='line_1_24' title="bbox 2198 898 3795 973; baseline 0.009 -22"><span class='ocrx_word' id='word_1_165' title='bbox 2198 898 2329 968; x_wconf 91' lang='lat' dir='ltr'><strong>cipi,</strong></span> <span class='ocrx_word' id='word_1_166' title='bbox 2375 899 2573 970; x_wconf 76' lang='lat' dir='ltr'><strong>legatio</strong></span> <span class='ocrx_word' id='word_1_167' title='bbox 2603 917 2631 955; x_wconf 91' lang='lat' dir='ltr'><strong>a</strong></span> <span class='ocrx_word' id='word_1_168' title='bbox 2663 912 2854 958; x_wconf 82' lang='lat' dir='ltr'><strong>senatu</strong></span> <span class='ocrx_word' id='word_1_169' title='bbox 2889 905 3055 959; x_wconf 90' lang='lat' dir='ltr'><strong>missa</strong></span> <span class='ocrx_word' id='word_1_170' title='bbox 3089 904 3227 960; x_wconf 89' lang='lat' dir='ltr'><strong>intra</strong></span> <span class='ocrx_word' id='word_1_171' title='bbox 3259 905 3490 973; x_wconf 88' lang='lat' dir='ltr'><strong>Gallias,</strong></span> <span class='ocrx_word' id='word_1_172' title='bbox 3522 909 3658 964; x_wconf 85' lang='lat' dir='ltr'><strong>nihil</strong></span> <span class='ocrx_word' id='word_1_173' title='bbox 3697 925 3795 964; x_wconf 84' lang='lat' dir='ltr'><strong>ex-</strong></span> 
     </span>
    </p>
   </div>
   <div class='ocr_carea' id='block_1_25' title="bbox 2201 995 3798 1071">
    <p class='ocr_par' dir='ltr' id='par_1_25' title="bbox 2201 995 3798 1071">
     <span class='ocr_line' id='line_1_25' title="bbox 2201 995 3798 1071; baseline 0.009 -28"><span class='ocrx_word' id='word_1_174' title='bbox 2201 999 2456 1062; x_wconf 89' lang='lat' dir='ltr'><strong>torquere</strong></span> <span class='ocrx_word' id='word_1_175' title='bbox 2496 995 2671 1062; x_wconf 89' lang='lat' dir='ltr'><strong>potuit</strong></span> <span class='ocrx_word' id='word_1_176' title='bbox 2703 1011 2717 1047; x_wconf 91' lang='lat'><strong>:</strong></span> <span class='ocrx_word' id='word_1_177' title='bbox 2755 1004 2810 1049; x_wconf 91' lang='lat' dir='ltr'><strong>et</strong></span> <span class='ocrx_word' id='word_1_178' title='bbox 2838 1005 2988 1052; x_wconf 89' lang='lat' dir='ltr'><strong>certe</strong></span> <span class='ocrx_word' id='word_1_179' title='bbox 3017 997 3260 1065; x_wconf 90' lang='lat' dir='ltr'><strong>aberam,</strong></span> <span class='ocrx_word' id='word_1_180' title='bbox 3307 1014 3410 1055; x_wconf 88' lang='lat' dir='ltr'><strong>nec</strong></span> <span class='ocrx_word' id='word_1_181' title='bbox 3435 999 3643 1071; x_wconf 89' lang='lat' dir='ltr'><strong>aliquid</strong></span> <span class='ocrx_word' id='word_1_182' title='bbox 3672 1012 3798 1058; x_wconf 88' lang='lat' dir='ltr'><strong>tunc</strong></span> 
     </span>
    </p>
   </div>
   <div class='ocr_carea' id='block_1_26' title="bbox 2198 1084 2799 1156">
    <p class='ocr_par' dir='ltr' id='par_1_26' title="bbox 2198 1084 2799 1156">
     <span class='ocr_line' id='line_1_26' title="bbox 2198 1084 2799 1156; baseline 0.003 -17"><span class='ocrx_word' id='word_1_183' title='bbox 2198 1084 2266 1140; x_wconf 90' lang='lat' dir='ltr'><strong>ad</strong></span> <span class='ocrx_word' id='word_1_184' title='bbox 2295 1099 2418 1140; x_wconf 91' lang='lat' dir='ltr'><strong>eum</strong></span> <span class='ocrx_word' id='word_1_185' title='bbox 2449 1088 2799 1156; x_wconf 89' lang='lat' dir='ltr'><strong>scripseram.</strong></span> 
     </span>
    </p>
   </div>
   <div class='ocr_carea' id='block_1_27' title="bbox 2269 1175 3799 1261">
    <p class='ocr_par' dir='ltr' id='par_1_27' title="bbox 2269 1175 3799 1261">
     <span class='ocr_line' id='line_1_27' title="bbox 2269 1175 3799 1261; baseline 0.01 -31"><span class='ocrx_word' id='word_1_186' title='bbox 2269 1176 2321 1230; x_wconf 88' lang='lat'><strong>6.</strong></span> <span class='ocrx_word' id='word_1_187' title='bbox 2350 1175 2456 1232; x_wconf 90' lang='lat' dir='ltr'><strong>Sed</strong></span> <span class='ocrx_word' id='word_1_188' title='bbox 2486 1177 2577 1232; x_wconf 92' lang='lat' dir='ltr'><strong>ubi</strong></span> <span class='ocrx_word' id='word_1_189' title='bbox 2605 1179 2896 1236; x_wconf 90' lang='lat' dir='ltr'><strong>clementia</strong></span> <span class='ocrx_word' id='word_1_190' title='bbox 2943 1190 3035 1237; x_wconf 92' lang='lat' dir='ltr'><strong>tua</strong></span> <span class='ocrx_word' id='word_1_191' title='bbox 3077 1184 3293 1255; x_wconf 88' lang='lat' dir='ltr'><strong>imperii</strong></span> <span class='ocrx_word' id='word_1_192' title='bbox 3333 1189 3575 1260; x_wconf 86' lang='lat' dir='ltr'><strong>suscepit</strong></span> <span class='ocrx_word' id='word_1_193' title='bbox 3604 1191 3799 1261; x_wconf 88' lang='lat' dir='ltr'><strong>guber—</strong></span> 
     </span>
    </p>
   </div>
   <div class='ocr_carea' id='block_1_28' title="bbox 2201 1266 3800 1355">
    <p class='ocr_par' dir='ltr' id='par_1_28' title="bbox 2201 1266 3800 1355">
     <span class='ocr_line' id='line_1_28' title="bbox 2201 1266 3800 1355; baseline 0.014 -35"><span class='ocrx_word' id='word_1_194' title='bbox 2201 1266 2415 1333; x_wconf 90' lang='lat' dir='ltr'><strong>nacula,</strong></span> <span class='ocrx_word' id='word_1_195' title='bbox 2445 1279 2790 1340; x_wconf 88' lang='lat' dir='ltr'><strong>compertum</strong></span> <span class='ocrx_word' id='word_1_196' title='bbox 2815 1282 2898 1327; x_wconf 89' lang='lat' dir='ltr'><strong>est</strong></span> <span class='ocrx_word' id='word_1_197' title='bbox 2923 1284 3111 1344; x_wconf 91' lang='lat' dir='ltr'><strong>postea</strong></span> <span class='ocrx_word' id='word_1_198' title='bbox 3134 1277 3332 1333; x_wconf 87' lang='lat' dir='ltr'><strong>donata</strong></span> <span class='ocrx_word' id='word_1_199' title='bbox 3363 1280 3449 1335; x_wconf 87' lang='lat' dir='ltr'><strong>illa</strong></span> <span class='ocrx_word' id='word_1_200' title='bbox 3472 1296 3595 1338; x_wconf 90' lang='lat' dir='ltr'><strong>esse</strong></span> <span class='ocrx_word' id='word_1_201' title='bbox 3615 1293 3640 1331; x_wconf 80' lang='grc' dir='ltr'>ε</span> <span class='ocrx_word' id='word_1_202' title='bbox 3659 1300 3800 1355; x_wconf 81' lang='lat' dir='ltr'><strong>pra:-</strong></span> 
     </span>
    </p>
   </div>
   <div class='ocr_carea' id='block_1_29' title="bbox 2200 1357 3798 1439">
    <p class='ocr_par' dir='ltr' id='par_1_29' title="bbox 2200 1357 3798 1439">
     <span class='ocr_line' id='line_1_29' title="bbox 2200 1357 3798 1439; baseline 0.012 -27"><span class='ocrx_word' id='word_1_203' title='bbox 2200 1357 2527 1414; x_wconf 84' lang='lat' dir='ltr'><strong>cellentibus</strong></span> <span class='ocrx_word' id='word_1_204' title='bbox 2558 1361 2610 1415; x_wconf 94' lang='lat' dir='ltr'><strong>in</strong></span> <span class='ocrx_word' id='word_1_205' title='bbox 2634 1362 2936 1432; x_wconf 89' lang='lat' dir='ltr'><strong>republica,</strong></span> <span class='ocrx_word' id='word_1_206' title='bbox 2959 1367 3054 1422; x_wconf 89' lang='lat' dir='ltr'><strong>sed</strong></span> <span class='ocrx_word' id='word_1_207' title='bbox 3083 1371 3305 1439; x_wconf 84' lang='lat' dir='ltr'><strong>gentilis</strong></span> <span class='ocrx_word' id='word_1_208' title='bbox 3326 1371 3686 1430; x_wconf 77' lang='lat' dir='ltr'><strong>observantia:</strong></span> <span class='ocrx_word' id='word_1_209' title='bbox 3717 1379 3798 1431; x_wconf 85' lang='lat' dir='ltr'><strong>vi-</strong></span> 
     </span>
    </p>
   </div>
   <div class='ocr_carea' id='block_1_30' title="bbox 2199 1452 3799 1540">
    <p class='ocr_par' dir='ltr' id='par_1_30' title="bbox 2199 1452 3799 1540">
     <span class='ocr_line' id='line_1_30' title="bbox 2199 1452 3799 1540; baseline 0.014 -37"><span class='ocrx_word' id='word_1_210' title='bbox 2199 1453 2311 1515; x_wconf 88' lang='lat' dir='ltr'><strong>ris;</strong></span> <span class='ocrx_word' id='word_1_211' title='bbox 2345 1465 2398 1508; x_wconf 89' lang='lat' dir='ltr'><strong>et</strong></span> <span class='ocrx_word' id='word_1_212' title='bbox 2426 1452 2663 1510; x_wconf 89' lang='lat' dir='ltr'><strong>fortasse</strong></span> <span class='ocrx_word' id='word_1_213' title='bbox 2689 1456 2924 1523; x_wconf 89' lang='lat' dir='ltr'><strong>dicatur,</strong></span> <span class='ocrx_word' id='word_1_214' title='bbox 2950 1459 3257 1531; x_wconf 88' lang='lat' dir='ltr'><strong>Imperator</strong></span> <span class='ocrx_word' id='word_1_215' title='bbox 3287 1475 3532 1536; x_wconf 89' lang='lat' dir='ltr'><strong>auguste,</strong></span> <span class='ocrx_word' id='word_1_216' title='bbox 3560 1469 3650 1539; x_wconf 91' lang='lat' dir='ltr'><strong>qui</strong></span> <span class='ocrx_word' id='word_1_217' title='bbox 3679 1469 3799 1540; x_wconf 90' lang='lat' dir='ltr'><strong>ipse</strong></span> 
     </span>
    </p>
   </div>
   <div class='ocr_carea' id='block_1_31' title="bbox 2201 1547 3803 1618">
    <p class='ocr_par' dir='ltr' id='par_1_31' title="bbox 2201 1547 3803 1618">
     <span class='ocr_line' id='line_1_31' title="bbox 2201 1547 3803 1618; baseline 0.012 -20"><span class='ocrx_word' id='word_1_218' title='bbox 2201 1561 2306 1600; x_wconf 93' lang='lat' dir='ltr'><strong>non</strong></span> <span class='ocrx_word' id='word_1_219' title='bbox 2340 1547 2559 1616; x_wconf 89' lang='lat' dir='ltr'><strong>templis</strong></span> <span class='ocrx_word' id='word_1_220' title='bbox 2597 1549 2932 1618; x_wconf 88' lang='lat' dir='ltr'><strong>reddideris,</strong></span> <span class='ocrx_word' id='word_1_221' title='bbox 2962 1555 3056 1610; x_wconf 92' lang='lat' dir='ltr'><strong>sed</strong></span> <span class='ocrx_word' id='word_1_222' title='bbox 3106 1557 3244 1612; x_wconf 87' lang='lat' dir='ltr'><strong>bene</strong></span> <span class='ocrx_word' id='word_1_223' title='bbox 3273 1559 3484 1616; x_wconf 90' lang='lat' dir='ltr'><strong>meritis</strong></span> <span class='ocrx_word' id='word_1_224' title='bbox 3511 1559 3591 1616; x_wconf 86' lang='lat' dir='ltr'><strong>de</strong></span> <span class='ocrx_word' id='word_1_225' title='bbox 3612 1571 3666 1618; x_wconf 86' lang='lat' dir='ltr'><strong>te</strong></span> <span class='ocrx_word' id='word_1_226' title='bbox 3703 1563 3803 1618; x_wconf 90' lang='lat' dir='ltr'><strong>do-</strong></span> 
     </span>
    </p>
   </div>
   <div class='ocr_carea' id='block_1_32' title="bbox 2203 1642 3805 1724">
    <p class='ocr_par' dir='ltr' id='par_1_32' title="bbox 2203 1642 3805 1724">
     <span class='ocr_line' id='line_1_32' title="bbox 2203 1642 3805 1724; baseline 0.014 -31"><span class='ocrx_word' id='word_1_227' title='bbox 2203 1642 2441 1696; x_wconf 87' lang='lat' dir='ltr'><strong>naveris.</strong></span> <span class='ocrx_word' id='word_1_228' title='bbox 2467 1642 2668 1698; x_wconf 83' lang='lat' dir='ltr'><strong>Verum</strong></span> <span class='ocrx_word' id='word_1_229' title='bbox 2699 1647 2842 1701; x_wconf 91' lang='lat' dir='ltr'><strong>noin</strong></span> <span class='ocrx_word' id='word_1_230' title='bbox 2872 1663 2969 1718; x_wconf 91' lang='lat' dir='ltr'><strong>pro</strong></span> <span class='ocrx_word' id='word_1_231' title='bbox 3002 1649 3098 1705; x_wconf 88' lang='lat' dir='ltr'><strong>Dei</strong></span> <span class='ocrx_word' id='word_1_232' title='bbox 3127 1651 3322 1707; x_wconf 87' lang='lat' dir='ltr'><strong>timore</strong></span> <span class='ocrx_word' id='word_1_233' title='bbox 3365 1655 3639 1724; x_wconf 86' lang='lat' dir='ltr'><strong>agendum</strong></span> <span class='ocrx_word' id='word_1_234' title='bbox 3680 1673 3805 1715; x_wconf 88' lang='lat' dir='ltr'><strong>esse</strong></span> 
     </span>
    </p>
   </div>
   <div class='ocr_carea' id='block_1_33' title="bbox 490 1735 3804 1820">
    <p class='ocr_par' dir='ltr' id='par_1_33' title="bbox 490 1735 3804 1820">
     <span class='ocr_line' id='line_1_33' title="bbox 490 1735 3804 1820; baseline 0.007 -33"><span class='ocrx_word' id='word_1_235' title='bbox 490 1737 780 1805; x_wconf 86' lang='lat' dir='ltr'><strong>episc0pus</strong></span> <span class='ocrx_word' id='word_1_236' title='bbox 810 1743 989 1805; x_wconf 88' lang='lat' dir='ltr'><strong>partes</strong></span> <span class='ocrx_word' id='word_1_237' title='bbox 1025 1750 1172 1789; x_wconf 89' lang='lat' dir='ltr'><strong>meas</strong></span> <span class='ocrx_word' id='word_1_238' title='bbox 1199 1735 1363 1790; x_wconf 89' lang='lat' dir='ltr'><strong>debui</strong></span> <span class='ocrx_word' id='word_1_239' title='bbox 1405 1751 1819 1806; x_wconf 86' lang='lat' dir='ltr'><strong>recognoscere.</strong></span> <span class='ocrx_word' id='word_1_240' title='bbox 1854 1736 1989 1792; x_wconf 91' lang='lat' dir='ltr'><strong>Dedi</strong></span> <span class='ocrx_word' id='word_1_241' title='bbox 2034 1738 2097 1792; x_wconf 89' lang='lat' dir='ltr'><strong>li-</strong></span> <span class='ocrx_word' id='word_1_242' title='bbox 2130 1758 2174 1818; x_wconf 74' lang='grc' dir='ltr'>Β</span> <span class='ocrx_word' id='word_1_243' title='bbox 2202 1745 2540 1802; x_wconf 87' lang='lat' dir='ltr'><strong>constanter,</strong></span> <span class='ocrx_word' id='word_1_244' title='bbox 2581 1738 2726 1808; x_wconf 89' lang='lat' dir='ltr'><strong>quod</strong></span> <span class='ocrx_word' id='word_1_245' title='bbox 2757 1741 2922 1796; x_wconf 89' lang='lat' dir='ltr'><strong>etiam</strong></span> <span class='ocrx_word' id='word_1_246' title='bbox 2971 1760 3068 1814; x_wconf 86' lang='lat' dir='ltr'><strong>pro</strong></span> <span class='ocrx_word' id='word_1_247' title='bbox 3110 1745 3362 1804; x_wconf 84' lang='lat' dir='ltr'><strong>libertate</strong></span> <span class='ocrx_word' id='word_1_248' title='bbox 3402 1748 3717 1820; x_wconf 88' lang='lat' dir='ltr'><strong>frequenter</strong></span> <span class='ocrx_word' id='word_1_249' title='bbox 3744 1755 3804 1810; x_wconf 85' lang='lat' dir='ltr'><strong>fit</strong></span> 
     </span>
    </p>
   </div>
   <div class='ocr_carea' id='block_1_34' title="bbox 491 1826 2096 1902">
    <p class='ocr_par' dir='ltr' id='par_1_34' title="bbox 491 1826 2096 1902">
     <span class='ocr_line' id='line_1_34' title="bbox 491 1826 2096 1902; baseline 0.002 -18"><span class='ocrx_word' id='word_1_250' title='bbox 491 1829 664 1884; x_wconf 91' lang='lat' dir='ltr'><strong>bellos</strong></span> <span class='ocrx_word' id='word_1_251' title='bbox 713 1826 742 1866; x_wconf 59' lang='grc' dir='ltr'>ι)</span> <span class='ocrx_word' id='word_1_252' title='bbox 803 1830 1227 1900; x_wconf 90' lang='lat' dir='ltr'><strong>imperatoribus</strong></span> <span class='ocrx_word' id='word_1_253' title='bbox 1294 1829 1452 1897; x_wconf 91' lang='lat' dir='ltr'><strong>duos,</strong></span> <span class='ocrx_word' id='word_1_254' title='bbox 1476 1831 1671 1901; x_wconf 89' lang='lat' dir='ltr'><strong>quibus</strong></span> <span class='ocrx_word' id='word_1_255' title='bbox 1727 1832 2096 1902; x_wconf 83' lang='lat' dir='ltr'><strong>significarem</strong></span> 
     </span>
    </p>
   </div>
   <div class='ocr_carea' id='block_1_35' title="bbox 491 1921 2103 1995">
    <p class='ocr_par' dir='ltr' id='par_1_35' title="bbox 491 1921 2103 1995">
     <span class='ocr_line' id='line_1_35' title="bbox 491 1921 2103 1995; baseline 0.004 -20"><span class='ocrx_word' id='word_1_256' title='bbox 491 1929 741 1991; x_wconf 91' lang='lat' dir='ltr'><strong>sumptus</strong></span> <span class='ocrx_word' id='word_1_257' title='bbox 769 1921 1160 1976; x_wconf 83' lang='lat' dir='ltr'><strong>sacriﬁciorum</strong></span> <span class='ocrx_word' id='word_1_258' title='bbox 1192 1922 1551 1978; x_wconf 89' lang='lat' dir='ltr'><strong>christianum</strong></span> <span class='ocrx_word' id='word_1_259' title='bbox 1580 1924 1756 1978; x_wconf 85' lang='lat' dir='ltr'><strong>virum</strong></span> <span class='ocrx_word' id='word_1_260' title='bbox 1803 1940 1909 1979; x_wconf 89' lang='lat' dir='ltr'><strong>non</strong></span> <span class='ocrx_word' id='word_1_261' title='bbox 1943 1940 2103 1995; x_wconf 90' lang='lat' dir='ltr'><strong>posse</strong></span> 
     </span>
    </p>
   </div>
   <div class='ocr_carea' id='block_1_36' title="bbox 496 2014 2100 2087">
    <p class='ocr_par' dir='ltr' id='par_1_36' title="bbox 496 2014 2100 2087">
     <span class='ocr_line' id='line_1_36' title="bbox 496 2014 2100 2087; baseline 0.004 -18"><span class='ocrx_word' id='word_1_262' title='bbox 496 2015 759 2071; x_wconf 86' lang='lat' dir='ltr'><strong>reddere:</strong></span> <span class='ocrx_word' id='word_1_263' title='bbox 793 2024 847 2070; x_wconf 93' lang='lat' dir='ltr'><strong>et</strong></span> <span class='ocrx_word' id='word_1_264' title='bbox 873 2029 978 2068; x_wconf 92' lang='lat' dir='ltr'><strong>non</strong></span> <span class='ocrx_word' id='word_1_265' title='bbox 1011 2014 1178 2070; x_wconf 85' lang='lat' dir='ltr'><strong>fuisse</strong></span> <span class='ocrx_word' id='word_1_266' title='bbox 1228 2016 1448 2085; x_wconf 89' lang='lat' dir='ltr'><strong>quidem</strong></span> <span class='ocrx_word' id='word_1_267' title='bbox 1495 2033 1582 2073; x_wconf 93' lang='lat' dir='ltr'><strong>me</strong></span> <span class='ocrx_word' id='word_1_268' title='bbox 1622 2028 1927 2087; x_wconf 91' lang='lat' dir='ltr'><strong>auctorem,</strong></span> <span class='ocrx_word' id='word_1_269' title='bbox 1976 2036 2100 2076; x_wconf 89' lang='lat' dir='ltr'><strong>cum</strong></span> 
     </span>
    </p>
   </div>
   <div class='ocr_carea' id='block_1_37' title="bbox 493 2109 2104 2182">
    <p class='ocr_par' dir='ltr' id='par_1_37' title="bbox 493 2109 2104 2182">
     <span class='ocr_line' id='line_1_37' title="bbox 493 2109 2104 2182; baseline 0.003 -17"><span class='ocrx_word' id='word_1_270' title='bbox 493 2109 856 2174; x_wconf 89' lang='lat' dir='ltr'><strong>tollerentur;</strong></span> <span class='ocrx_word' id='word_1_271' title='bbox 890 2117 1168 2164; x_wconf 87' lang='lat' dir='ltr'><strong>auctorem</strong></span> <span class='ocrx_word' id='word_1_272' title='bbox 1203 2117 1385 2164; x_wconf 88' lang='lat' dir='ltr'><strong>tamen</strong></span> <span class='ocrx_word' id='word_1_273' title='bbox 1421 2109 1562 2176; x_wconf 89' lang='lat' dir='ltr'><strong>fieri,</strong></span> <span class='ocrx_word' id='word_1_274' title='bbox 1607 2117 1628 2143; x_wconf 72' lang='grc' dir='ltr'><strong>ε</strong></span> <span class='ocrx_word' id='word_1_275' title='bbox 1677 2113 1968 2182; x_wconf 92' lang='lat' dir='ltr'><strong>quominus</strong></span> <span class='ocrx_word' id='word_1_276' title='bbox 2009 2113 2104 2170; x_wconf 91' lang='lat' dir='ltr'><strong>de-</strong></span> 
     </span>
    </p>
   </div>
   <div class='ocr_carea' id='block_1_38' title="bbox 491 2200 2105 2274">
    <p class='ocr_par' dir='ltr' id='par_1_38' title="bbox 491 2200 2105 2274">
     <span class='ocr_line' id='line_1_38' title="bbox 491 2200 2105 2274; baseline 0.003 -17"><span class='ocrx_word' id='word_1_277' title='bbox 491 2209 884 2257; x_wconf 86' lang='lat' dir='ltr'><strong>cernerentur:</strong></span> <span class='ocrx_word' id='word_1_278' title='bbox 933 2200 1131 2255; x_wconf 89' lang='lat' dir='ltr'><strong>deinde</strong></span> <span class='ocrx_word' id='word_1_279' title='bbox 1160 2200 1286 2272; x_wconf 88' lang='lat' dir='ltr'><strong>quia</strong></span> <span class='ocrx_word' id='word_1_280' title='bbox 1330 2201 1463 2257; x_wconf 93' lang='lat' dir='ltr'><strong>dare</strong></span> <span class='ocrx_word' id='word_1_281' title='bbox 1493 2217 1589 2258; x_wconf 91' lang='lat' dir='ltr'><strong>eos</strong></span> <span class='ocrx_word' id='word_1_282' title='bbox 1638 2203 1754 2274; x_wconf 90' lang='lat' dir='ltr'><strong>ipse</strong></span> <span class='ocrx_word' id='word_1_283' title='bbox 1795 2205 2105 2262; x_wconf 92' lang='lat' dir='ltr'><strong>simulacris</strong></span> 
     </span>
    </p>
   </div>
   <div class='ocr_carea' id='block_1_39' title="bbox 493 2293 2108 2368">
    <p class='ocr_par' dir='ltr' id='par_1_39' title="bbox 493 2293 2108 2368">
     <span class='ocr_line' id='line_1_39' title="bbox 493 2293 2108 2368; baseline 0.005 -20"><span class='ocrx_word' id='word_1_284' title='bbox 493 2295 794 2361; x_wconf 86' lang='lat' dir='ltr'><strong>videretur,</strong></span> <span class='ocrx_word' id='word_1_285' title='bbox 828 2309 936 2349; x_wconf 93' lang='lat' dir='ltr'><strong>non</strong></span> <span class='ocrx_word' id='word_1_286' title='bbox 965 2293 1216 2350; x_wconf 89' lang='lat' dir='ltr'><strong>reddere.</strong></span> <span class='ocrx_word' id='word_1_287' title='bbox 1251 2294 1409 2361; x_wconf 86' lang='lat' dir='ltr'><strong>Quod</strong></span> <span class='ocrx_word' id='word_1_288' title='bbox 1455 2295 1598 2351; x_wconf 91' lang='lat' dir='ltr'><strong>enim</strong></span> <span class='ocrx_word' id='word_1_289' title='bbox 1632 2297 1751 2368; x_wconf 89' lang='lat' dir='ltr'><strong>ipse</strong></span> <span class='ocrx_word' id='word_1_290' title='bbox 1781 2315 1889 2354; x_wconf 94' lang='lat' dir='ltr'><strong>non</strong></span> <span class='ocrx_word' id='word_1_291' title='bbox 1920 2302 2108 2358; x_wconf 88' lang='lat' dir='ltr'><strong>abstu-</strong></span> 
     </span>
    </p>
   </div>
   <div class='ocr_carea' id='block_1_40' title="bbox 484 2385 2102 2466">
    <p class='ocr_par' dir='ltr' id='par_1_40' title="bbox 484 2385 2102 2466">
     <span class='ocr_line' id='line_1_40' title="bbox 484 2385 2102 2466; baseline 0.006 -23"><span class='ocrx_word' id='word_1_292' title='bbox 484 2392 644 2452; x_wconf 88' lang='lat' dir='ltr'><strong>lerat,</strong></span> <span class='ocrx_word' id='word_1_293' title='bbox 669 2401 775 2441; x_wconf 93' lang='lat' dir='ltr'><strong>non</strong></span> <span class='ocrx_word' id='word_1_294' title='bbox 793 2386 949 2456; x_wconf 88' lang='lat' dir='ltr'><strong>quasi</strong></span> <span class='ocrx_word' id='word_1_295' title='bbox 982 2387 1097 2456; x_wconf 91' lang='lat' dir='ltr'><strong>ipse</strong></span> <span class='ocrx_word' id='word_1_296' title='bbox 1125 2385 1390 2443; x_wconf 90' lang='lat' dir='ltr'><strong>reddebat</strong></span> <span class='ocrx_word' id='word_1_297' title='bbox 1423 2407 1434 2441; x_wconf 93' lang='lat'>:</span> <span class='ocrx_word' id='word_1_298' title='bbox 1464 2388 1560 2444; x_wconf 92' lang='lat' dir='ltr'><strong>sed</strong></span> <span class='ocrx_word' id='word_1_299' title='bbox 1575 2391 1844 2446; x_wconf 82' lang='lat' dir='ltr'><strong>arbitratu</strong></span> <span class='ocrx_word' id='word_1_300' title='bbox 1877 2398 2102 2466; x_wconf 91' lang='lat' dir='ltr'><strong>proprio</strong></span> 
     </span>
    </p>
   </div>
   <div class='ocr_carea' id='block_1_41' title="bbox 491 2464 2103 2551">
    <p class='ocr_par' dir='ltr' id='par_1_41' title="bbox 491 2464 2103 2551">
     <span class='ocr_line' id='line_1_41' title="bbox 491 2464 2103 2551; baseline 0.008 -18"><span class='ocrx_word' id='word_1_301' title='bbox 491 2464 820 2548; x_wconf 74' lang='lat' dir='ltr'><strong>largiebatur</strong></span> <span class='ocrx_word' id='word_1_302' title='bbox 847 2477 914 2532; x_wconf 92' lang='lat' dir='ltr'><strong>ad</strong></span> <span class='ocrx_word' id='word_1_303' title='bbox 943 2478 1354 2549; x_wconf 88' lang='lat' dir='ltr'><strong>superstitionis</strong></span> <span class='ocrx_word' id='word_1_304' title='bbox 1384 2479 1679 2551; x_wconf 90' lang='lat' dir='ltr'><strong>impensas.</strong></span> <span class='ocrx_word' id='word_1_305' title='bbox 1726 2464 2010 2544; x_wconf 84' lang='lat' dir='ltr'><strong>Postremo</strong></span> <span class='ocrx_word' id='word_1_306' title='bbox 2057 2493 2103 2546; x_wconf 89' lang='lat' dir='ltr'><strong>si</strong></span> 
     </span>
    </p>
   </div>
   <div class='ocr_carea' id='block_1_42' title="bbox 492 2570 2104 2643">
    <p class='ocr_par' dir='ltr' id='par_1_42' title="bbox 492 2570 2104 2643">
     <span class='ocr_line' id='line_1_42' title="bbox 492 2570 2104 2643; baseline 0.004 -18"><span class='ocrx_word' id='word_1_307' title='bbox 492 2570 730 2639; x_wconf 83' lang='lat' dir='ltr'><strong>fecisset,</strong></span> <span class='ocrx_word' id='word_1_308' title='bbox 761 2581 854 2626; x_wconf 90' lang='lat' dir='ltr'><strong>aut</strong></span> <span class='ocrx_word' id='word_1_309' title='bbox 883 2586 990 2626; x_wconf 92' lang='lat' dir='ltr'><strong>non</strong></span> <span class='ocrx_word' id='word_1_310' title='bbox 1020 2572 1234 2628; x_wconf 90' lang='lat' dir='ltr'><strong>veniret</strong></span> <span class='ocrx_word' id='word_1_311' title='bbox 1269 2573 1334 2628; x_wconf 91' lang='lat' dir='ltr'><strong>ad</strong></span> <span class='ocrx_word' id='word_1_312' title='bbox 1378 2572 1707 2643; x_wconf 88' lang='lat' dir='ltr'><strong>Ecclesiam,</strong></span> <span class='ocrx_word' id='word_1_313' title='bbox 1745 2587 1839 2632; x_wconf 92' lang='lat' dir='ltr'><strong>aut</strong></span> <span class='ocrx_word' id='word_1_314' title='bbox 1876 2576 1924 2631; x_wconf 90' lang='lat' dir='ltr'><strong>si</strong></span> <span class='ocrx_word' id='word_1_315' title='bbox 1953 2579 2104 2634; x_wconf 89' lang='lat' dir='ltr'><strong>veni-</strong></span> 
     </span>
    </p>
   </div>
   <div class='ocr_carea' id='block_1_43' title="bbox 492 2664 2104 2738">
    <p class='ocr_par' dir='ltr' id='par_1_43' title="bbox 492 2664 2104 2738">
     <span class='ocr_line' id='line_1_43' title="bbox 492 2664 2104 2738; baseline 0.005 -20"><span class='ocrx_word' id='word_1_316' title='bbox 492 2671 599 2731; x_wconf 90' lang='lat' dir='ltr'><strong>ret,</strong></span> <span class='ocrx_word' id='word_1_317' title='bbox 633 2664 872 2720; x_wconf 88' lang='lat' dir='ltr'><strong>futurum</strong></span> <span class='ocrx_word' id='word_1_318' title='bbox 904 2674 962 2718; x_wconf 88' lang='lat' dir='ltr'><strong>ut</strong></span> <span class='ocrx_word' id='word_1_319' title='bbox 991 2673 1084 2720; x_wconf 91' lang='lat' dir='ltr'><strong>aut</strong></span> <span class='ocrx_word' id='word_1_320' title='bbox 1127 2665 1466 2722; x_wconf 86' lang='lat' dir='ltr'><strong>sacerdotem</strong></span> <span class='ocrx_word' id='word_1_321' title='bbox 1515 2683 1622 2723; x_wconf 90' lang='lat' dir='ltr'><strong>non</strong></span> <span class='ocrx_word' id='word_1_322' title='bbox 1668 2670 1962 2738; x_wconf 87' lang='lat' dir='ltr'><strong>inveniret,</strong></span> <span class='ocrx_word' id='word_1_323' title='bbox 2011 2681 2104 2726; x_wconf 91' lang='lat' dir='ltr'><strong>aut</strong></span> 
     </span>
    </p>
   </div>
   <div class='ocr_carea' id='block_1_44' title="bbox 498 2755 2102 2818">
    <p class='ocr_par' dir='ltr' id='par_1_44' title="bbox 498 2755 2102 2818">
     <span class='ocr_line' id='line_1_44' title="bbox 498 2755 2102 2818; baseline 0.004 -8"><span class='ocrx_word' id='word_1_324' title='bbox 498 2755 771 2811; x_wconf 90' lang='lat' dir='ltr'><strong>inveniret</strong></span> <span class='ocrx_word' id='word_1_325' title='bbox 807 2755 912 2811; x_wconf 88' lang='lat' dir='ltr'><strong>sibi</strong></span> <span class='ocrx_word' id='word_1_326' title='bbox 942 2755 995 2810; x_wconf 91' lang='lat' dir='ltr'><strong>in</strong></span> <span class='ocrx_word' id='word_1_327' title='bbox 1027 2757 1272 2813; x_wconf 87' lang='lat' dir='ltr'><strong>Ecclesia</strong></span> <span class='ocrx_word' id='word_1_328' title='bbox 1312 2758 1684 2816; x_wconf 90' lang='lat' dir='ltr'><strong>resistentem.</strong></span> <span class='ocrx_word' id='word_1_329' title='bbox 1736 2760 1848 2817; x_wconf 88' lang='lat' dir='ltr'><strong>Nec</strong></span> <span class='ocrx_word' id='word_1_330' title='bbox 1892 2761 1959 2816; x_wconf 88' lang='lat' dir='ltr'><strong>ad</strong></span> <span class='ocrx_word' id='word_1_331' title='bbox 2005 2777 2102 2818; x_wconf 86' lang='lat' dir='ltr'><strong>ex-</strong></span> 
     </span>
    </p>
   </div>
   <div class='ocr_carea' id='block_1_45' title="bbox 493 2849 2097 2920">
    <p class='ocr_par' dir='ltr' id='par_1_45' title="bbox 493 2849 2097 2920">
     <span class='ocr_line' id='line_1_45' title="bbox 493 2849 2097 2920; baseline 0.002 -16"><span class='ocrx_word' id='word_1_332' title='bbox 493 2849 832 2904; x_wconf 89' lang='lat' dir='ltr'><strong>cusationem</strong></span> <span class='ocrx_word' id='word_1_333' title='bbox 855 2849 1079 2904; x_wconf 91' lang='lat' dir='ltr'><strong>obtendi</strong></span> <span class='ocrx_word' id='word_1_334' title='bbox 1109 2864 1292 2919; x_wconf 87' lang='lat' dir='ltr'><strong>posse,</strong></span> <span class='ocrx_word' id='word_1_335' title='bbox 1317 2851 1462 2920; x_wconf 90' lang='lat' dir='ltr'><strong>quod</strong></span> <span class='ocrx_word' id='word_1_336' title='bbox 1489 2862 1637 2909; x_wconf 90' lang='lat' dir='ltr'><strong>esset</strong></span> <span class='ocrx_word' id='word_1_337' title='bbox 1651 2853 2097 2920; x_wconf 89' lang='lat' dir='ltr'><strong>eatechumenus;</strong></span> 
     </span>
    </p>
   </div>
   <div class='ocr_carea' id='block_1_46' title="bbox 491 2941 2101 3016">
    <p class='ocr_par' dir='ltr' id='par_1_46' title="bbox 491 2941 2101 3016">
     <span class='ocr_line' id='line_1_46' title="bbox 491 2941 2101 3016; baseline 0.005 -22"><span class='ocrx_word' id='word_1_338' title='bbox 491 2955 615 2996; x_wconf 91' lang='lat' dir='ltr'><strong>cum</strong></span> <span class='ocrx_word' id='word_1_339' title='bbox 657 2957 765 2996; x_wconf 82' lang='lat' dir='ltr'><strong>non</strong></span> <span class='ocrx_word' id='word_1_340' title='bbox 807 2941 966 2997; x_wconf 89' lang='lat' dir='ltr'><strong>liceat</strong></span> <span class='ocrx_word' id='word_1_341' title='bbox 1005 2943 1168 2997; x_wconf 90' lang='lat' dir='ltr'><strong>etiam</strong></span> <span class='ocrx_word' id='word_1_342' title='bbox 1209 2944 1621 3001; x_wconf 88' lang='lat' dir='ltr'><strong>eatechumenis</strong></span> <span class='ocrx_word' id='word_1_343' title='bbox 1659 2955 1910 3016; x_wconf 90' lang='lat' dir='ltr'><strong>sumptus</strong></span> <span class='ocrx_word' id='word_1_344' title='bbox 1933 2946 2101 3003; x_wconf 88' lang='lat' dir='ltr'><strong>idolis</strong></span> 
     </span>
    </p>
   </div>
   <div class='ocr_carea' id='block_1_47' title="bbox 498 3033 934 3089">
    <p class='ocr_par' dir='ltr' id='par_1_47' title="bbox 498 3033 934 3089">
     <span class='ocr_line' id='line_1_47' title="bbox 498 3033 934 3089; baseline 0.002 -3"><span class='ocrx_word' id='word_1_345' title='bbox 498 3033 934 3089; x_wconf 86' lang='lat' dir='ltr'><strong>subministrare.</strong></span> 
     </span>
    </p>
   </div>
   <div class='ocr_carea' id='block_1_48' title="bbox 2212 1829 3803 1914">
    <p class='ocr_par' dir='ltr' id='par_1_48' title="bbox 2212 1829 3803 1914">
     <span class='ocr_line' id='line_1_48' title="bbox 2212 1829 3803 1914; baseline 0.014 -33"><span class='ocrx_word' id='word_1_346' title='bbox 2212 1842 2318 1882; x_wconf 94' lang='lat' dir='ltr'><strong>non</strong></span> <span class='ocrx_word' id='word_1_347' title='bbox 2337 1829 2513 1884; x_wconf 93' lang='lat' dir='ltr'><strong>solum</strong></span> <span class='ocrx_word' id='word_1_348' title='bbox 2533 1846 2563 1885; x_wconf 92' lang='lat' dir='ltr'><strong>a</strong></span> <span class='ocrx_word' id='word_1_349' title='bbox 2587 1833 2994 1901; x_wconf 89' lang='lat' dir='ltr'><strong>sacerdotibus;</strong></span> <span class='ocrx_word' id='word_1_350' title='bbox 3020 1839 3114 1894; x_wconf 91' lang='lat' dir='ltr'><strong>sed</strong></span> <span class='ocrx_word' id='word_1_351' title='bbox 3141 1840 3304 1895; x_wconf 91' lang='lat' dir='ltr'><strong>etiam</strong></span> <span class='ocrx_word' id='word_1_352' title='bbox 3335 1843 3508 1899; x_wconf 82' lang='lat' dir='ltr'><strong>abhis</strong></span> <span class='ocrx_word' id='word_1_353' title='bbox 3533 1846 3625 1914; x_wconf 89' lang='lat' dir='ltr'><strong>qui</strong></span> <span class='ocrx_word' id='word_1_354' title='bbox 3648 1847 3803 1904; x_wconf 89' lang='lat' dir='ltr'><strong>vobis</strong></span> 
     </span>
    </p>
   </div>
   <div class='ocr_carea' id='block_1_49' title="bbox 2206 1922 3804 2006">
    <p class='ocr_par' dir='ltr' id='par_1_49' title="bbox 2206 1922 3804 2006">
     <span class='ocr_line' id='line_1_49' title="bbox 2206 1922 3804 2006; baseline 0.016 -34"><span class='ocrx_word' id='word_1_355' title='bbox 2206 1922 2468 1988; x_wconf 87' lang='lat' dir='ltr'><strong>militant,</strong></span> <span class='ocrx_word' id='word_1_356' title='bbox 2495 1933 2588 1978; x_wconf 92' lang='lat' dir='ltr'><strong>aut</strong></span> <span class='ocrx_word' id='word_1_357' title='bbox 2616 1925 2668 1979; x_wconf 92' lang='lat' dir='ltr'><strong>in</strong></span> <span class='ocrx_word' id='word_1_358' title='bbox 2699 1943 2928 1985; x_wconf 89' lang='lat' dir='ltr'><strong>numero</strong></span> <span class='ocrx_word' id='word_1_359' title='bbox 2958 1931 3230 1988; x_wconf 90' lang='lat' dir='ltr'><strong>habentur</strong></span> <span class='ocrx_word' id='word_1_360' title='bbox 3259 1937 3702 2006; x_wconf 83' lang='lat' dir='ltr'><strong>provincialium.</strong></span> <span class='ocrx_word' id='word_1_361' title='bbox 3725 1941 3804 1998; x_wconf 87' lang='lat' dir='ltr'><strong>Te</strong></span> 
     </span>
    </p>
   </div>
   <div class='ocr_carea' id='block_1_50' title="bbox 2207 2015 3801 2100">
    <p class='ocr_par' dir='ltr' id='par_1_50' title="bbox 2207 2015 3801 2100">
     <span class='ocr_line' id='line_1_50' title="bbox 2207 2015 3801 2100; baseline 0.014 -34"><span class='ocrx_word' id='word_1_362' title='bbox 2207 2015 2530 2083; x_wconf 89' lang='lat' dir='ltr'><strong>imperante,</strong></span> <span class='ocrx_word' id='word_1_363' title='bbox 2550 2019 2824 2087; x_wconf 89' lang='lat' dir='ltr'><strong>petierunt</strong></span> <span class='ocrx_word' id='word_1_364' title='bbox 2845 2023 3036 2094; x_wconf 89' lang='lat' dir='ltr'><strong>legati,</strong></span> <span class='ocrx_word' id='word_1_365' title='bbox 3058 2034 3116 2079; x_wconf 92' lang='lat' dir='ltr'><strong>ut</strong></span> <span class='ocrx_word' id='word_1_366' title='bbox 3143 2027 3364 2098; x_wconf 87' lang='lat' dir='ltr'><strong>templis</strong></span> <span class='ocrx_word' id='word_1_367' title='bbox 3390 2029 3669 2100; x_wconf 88' lang='lat' dir='ltr'><strong>redderes,</strong></span> <span class='ocrx_word' id='word_1_368' title='bbox 3693 2050 3801 2089; x_wconf 92' lang='lat' dir='ltr'><strong>non</strong></span> 
     </span>
    </p>
   </div>
   <div class='ocr_carea' id='block_1_51' title="bbox 2205 2105 3803 2192">
    <p class='ocr_par' dir='ltr' id='par_1_51' title="bbox 2205 2105 3803 2192">
     <span class='ocr_line' id='line_1_51' title="bbox 2205 2105 3803 2192; baseline 0.014 -33"><span class='ocrx_word' id='word_1_369' title='bbox 2205 2105 2381 2162; x_wconf 87' lang='lat' dir='ltr'><strong>fecisti</strong></span> <span class='ocrx_word' id='word_1_370' title='bbox 2417 2126 2428 2161; x_wconf 95' lang='lat'>:</span> <span class='ocrx_word' id='word_1_371' title='bbox 2463 2109 2661 2166; x_wconf 89' lang='lat' dir='ltr'><strong>iterum</strong></span> <span class='ocrx_word' id='word_1_372' title='bbox 2704 2115 2861 2169; x_wconf 89' lang='lat' dir='ltr'><strong>alteri</strong></span> <span class='ocrx_word' id='word_1_373' title='bbox 2906 2117 3340 2187; x_wconf 89' lang='lat' dir='ltr'><strong>postulaverunt,</strong></span> <span class='ocrx_word' id='word_1_374' title='bbox 3370 2123 3581 2180; x_wconf 88' lang='lat' dir='ltr'><strong>renisus</strong></span> <span class='ocrx_word' id='word_1_375' title='bbox 3617 2140 3708 2192; x_wconf 89' lang='lat' dir='ltr'><strong>es;</strong></span> <span class='ocrx_word' id='word_1_376' title='bbox 3746 2136 3803 2182; x_wconf 89' lang='lat' dir='ltr'><strong>et</strong></span> 
     </span>
    </p>
   </div>
   <div class='ocr_carea' id='block_1_52' title="bbox 2206 2201 3624 2285">
    <p class='ocr_par' dir='ltr' id='par_1_52' title="bbox 2206 2201 3624 2285">
     <span class='ocr_line' id='line_1_52' title="bbox 2206 2201 3624 2285; baseline 0.013 -33"><span class='ocrx_word' id='word_1_377' title='bbox 2206 2208 2394 2268; x_wconf 88' lang='lat' dir='ltr'><strong>postea</strong></span> <span class='ocrx_word' id='word_1_378' title='bbox 2425 2201 2582 2272; x_wconf 89' lang='lat' dir='ltr'><strong>ipsis,</strong></span> <span class='ocrx_word' id='word_1_379' title='bbox 2610 2205 2700 2274; x_wconf 91' lang='lat' dir='ltr'><strong>qui</strong></span> <span class='ocrx_word' id='word_1_380' title='bbox 2735 2209 3027 2276; x_wconf 90' lang='lat' dir='ltr'><strong>petierunt,</strong></span> <span class='ocrx_word' id='word_1_381' title='bbox 3056 2210 3369 2269; x_wconf 88' lang='lat' dir='ltr'><strong>donandum</strong></span> <span class='ocrx_word' id='word_1_382' title='bbox 3400 2218 3624 2285; x_wconf 89' lang='lat' dir='ltr'><strong>putasti.</strong></span> 
     </span>
    </p>
   </div>
   <div class='ocr_carea' id='block_1_53' title="bbox 2279 2292 3800 2378">
    <p class='ocr_par' dir='ltr' id='par_1_53' title="bbox 2279 2292 3800 2378">
     <span class='ocr_line' id='line_1_53' title="bbox 2279 2292 3800 2378; baseline 0.015 -34"><span class='ocrx_word' id='word_1_383' title='bbox 2279 2292 2330 2345; x_wconf 92' lang='lat'><strong>7.</strong></span> <span class='ocrx_word' id='word_1_384' title='bbox 2363 2292 2480 2349; x_wconf 90' lang='lat' dir='ltr'><strong>Etsi</strong></span> <span class='ocrx_word' id='word_1_385' title='bbox 2525 2295 2881 2367; x_wconf 88' lang='lat' dir='ltr'><strong>imperatoria</strong></span> <span class='ocrx_word' id='word_1_386' title='bbox 2927 2310 3170 2371; x_wconf 88' lang='lat' dir='ltr'><strong>potestas</strong></span> <span class='ocrx_word' id='word_1_387' title='bbox 3214 2321 3410 2378; x_wconf 89' lang='lat' dir='ltr'><strong>magna</strong></span> <span class='ocrx_word' id='word_1_388' title='bbox 3455 2309 3574 2375; x_wconf 92' lang='lat' dir='ltr'><strong>sit,</strong></span> <span class='ocrx_word' id='word_1_389' title='bbox 3625 2319 3800 2367; x_wconf 89' lang='lat' dir='ltr'><strong>tamen</strong></span> 
     </span>
    </p>
   </div>
   <div class='ocr_carea' id='block_1_54' title="bbox 2205 2385 3805 2466">
    <p class='ocr_par' dir='ltr' id='par_1_54' title="bbox 2205 2385 3805 2466">
     <span class='ocr_line' id='line_1_54' title="bbox 2205 2385 3805 2466; baseline 0.015 -28"><span class='ocrx_word' id='word_1_390' title='bbox 2205 2385 2515 2454; x_wconf 90' lang='lat' dir='ltr'><strong>considera,</strong></span> <span class='ocrx_word' id='word_1_391' title='bbox 2561 2388 2886 2462; x_wconf 84' lang='lat' dir='ltr'><strong>Imperator,</strong></span> <span class='ocrx_word' id='word_1_392' title='bbox 2917 2407 3150 2466; x_wconf 91' lang='lat' dir='ltr'><strong>quantus</strong></span> <span class='ocrx_word' id='word_1_393' title='bbox 3173 2399 3246 2455; x_wconf 91' lang='lat' dir='ltr'><strong>sit</strong></span> <span class='ocrx_word' id='word_1_394' title='bbox 3277 2399 3418 2457; x_wconf 89' lang='lat' dir='ltr'><strong>Deus</strong></span> <span class='ocrx_word' id='word_1_395' title='bbox 3451 2420 3465 2456; x_wconf 72' lang='grc' dir='ltr'><strong>ι</strong></span> <span class='ocrx_word' id='word_1_396' title='bbox 3497 2404 3664 2460; x_wconf 90' lang='lat' dir='ltr'><strong>corda</strong></span> <span class='ocrx_word' id='word_1_397' title='bbox 3691 2421 3805 2461; x_wconf 83' lang='lat' dir='ltr'><strong>om-</strong></span> 
     </span>
    </p>
   </div>
   <div class='ocr_carea' id='block_1_55' title="bbox 2207 2479 3804 2570">
    <p class='ocr_par' dir='ltr' id='par_1_55' title="bbox 2207 2479 3804 2570">
     <span class='ocr_line' id='line_1_55' title="bbox 2207 2479 3804 2570; baseline 0.016 -39"><span class='ocrx_word' id='word_1_398' title='bbox 2207 2479 2354 2534; x_wconf 92' lang='lat' dir='ltr'><strong>nium</strong></span> <span class='ocrx_word' id='word_1_399' title='bbox 2388 2481 2555 2551; x_wconf 89' lang='lat' dir='ltr'><strong>videt,</strong></span> <span class='ocrx_word' id='word_1_400' title='bbox 2580 2486 2972 2543; x_wconf 89' lang='lat' dir='ltr'><strong>conscientiam</strong></span> <span class='ocrx_word' id='word_1_401' title='bbox 3007 2491 3324 2549; x_wconf 90' lang='lat' dir='ltr'><strong>interiorem</strong></span> <span class='ocrx_word' id='word_1_402' title='bbox 3359 2495 3679 2570; x_wconf 87' lang='lat' dir='ltr'><strong>interrogat,</strong></span> <span class='ocrx_word' id='word_1_403' title='bbox 3704 2514 3804 2555; x_wconf 88' lang='lat' dir='ltr'><strong>no-</strong></span> 
     </span>
    </p>
   </div>
   <div class='ocr_carea' id='block_1_56' title="bbox 2207 2572 3805 2663">
    <p class='ocr_par' dir='ltr' id='par_1_56' title="bbox 2207 2572 3805 2663">
     <span class='ocr_line' id='line_1_56' title="bbox 2207 2572 3805 2663; baseline 0.015 -37"><span class='ocrx_word' id='word_1_404' title='bbox 2207 2572 2283 2626; x_wconf 89' lang='lat' dir='ltr'><strong>vit</strong></span> <span class='ocrx_word' id='word_1_405' title='bbox 2323 2577 2528 2643; x_wconf 90' lang='lat' dir='ltr'><strong>omnia,</strong></span> <span class='ocrx_word' id='word_1_406' title='bbox 2579 2589 2867 2650; x_wconf 88' lang='lat' dir='ltr'><strong>antequam</strong></span> <span class='ocrx_word' id='word_1_407' title='bbox 2916 2583 3068 2651; x_wconf 85' lang='lat' dir='ltr'><strong>ﬁant,</strong></span> <span class='ocrx_word' id='word_1_408' title='bbox 3113 2587 3267 2641; x_wconf 89' lang='lat' dir='ltr'><strong>novit</strong></span> <span class='ocrx_word' id='word_1_409' title='bbox 3311 2589 3525 2646; x_wconf 87' lang='lat' dir='ltr'><strong>interna</strong></span> <span class='ocrx_word' id='word_1_410' title='bbox 3571 2595 3805 2663; x_wconf 88' lang='lat' dir='ltr'><strong>pectoris</strong></span> 
     </span>
    </p>
   </div>
   <div class='ocr_carea' id='block_1_57' title="bbox 2208 2664 3804 2757">
    <p class='ocr_par' dir='ltr' id='par_1_57' title="bbox 2208 2664 3804 2757">
     <span class='ocr_line' id='line_1_57' title="bbox 2208 2664 3804 2757; baseline 0.015 -39"><span class='ocrx_word' id='word_1_411' title='bbox 2208 2664 2283 2718; x_wconf 92' lang='lat' dir='ltr'><strong>tui</strong></span> <span class='ocrx_word' id='word_1_412' title='bbox 2314 2665 2450 2739; x_wconf 84' lang='lat' dir='ltr'><strong>(Act.</strong></span> <span class='ocrx_word' id='word_1_413' title='bbox 2482 2685 2520 2735; x_wconf 89' lang='grc' dir='ltr'>ι,</span> <span class='ocrx_word' id='word_1_414' title='bbox 2550 2668 2652 2736; x_wconf 71' lang='grc'><strong>24;</strong></span> <span class='ocrx_word' id='word_1_415' title='bbox 2694 2670 2828 2726; x_wconf 85' lang='lat' dir='ltr'><strong>Dan.</strong></span> <span class='ocrx_word' id='word_1_416' title='bbox 2854 2689 2972 2743; x_wconf 81' lang='lat' dir='ltr'><strong>xm,</strong></span> <span class='ocrx_word' id='word_1_417' title='bbox 3001 2674 3119 2748; x_wconf 64' lang='grc' dir='ltr'><strong>ΛΞ).</strong></span> <span class='ocrx_word' id='word_1_418' title='bbox 3155 2676 3260 2748; x_wconf 85' lang='lat' dir='ltr'><strong>Ipsi</strong></span> <span class='ocrx_word' id='word_1_419' title='bbox 3289 2679 3408 2735; x_wconf 89' lang='lat' dir='ltr'><strong>falli</strong></span> <span class='ocrx_word' id='word_1_420' title='bbox 3435 2697 3531 2738; x_wconf 89' lang='lat' dir='ltr'><strong>vos</strong></span> <span class='ocrx_word' id='word_1_421' title='bbox 3561 2700 3670 2740; x_wconf 90' lang='lat' dir='ltr'><strong>non</strong></span> <span class='ocrx_word' id='word_1_422' title='bbox 3709 2701 3804 2757; x_wconf 86' lang='lat' dir='ltr'><strong>pa-</strong></span> 
     </span>
    </p>
   </div>
   <div class='ocr_carea' id='block_1_58' title="bbox 2207 2761 3802 2844">
    <p class='ocr_par' dir='ltr' id='par_1_58' title="bbox 2207 2761 3802 2844">
     <span class='ocr_line' id='line_1_58' title="bbox 2207 2761 3802 2844; baseline 0.014 -32"><span class='ocrx_word' id='word_1_423' title='bbox 2207 2761 2408 2826; x_wconf 90' lang='lat' dir='ltr'><strong>timini,</strong></span> <span class='ocrx_word' id='word_1_424' title='bbox 2439 2772 2492 2817; x_wconf 91' lang='lat' dir='ltr'><strong>et</strong></span> <span class='ocrx_word' id='word_1_425' title='bbox 2525 2763 2692 2819; x_wconf 89' lang='lat' dir='ltr'><strong>Deum</strong></span> <span class='ocrx_word' id='word_1_426' title='bbox 2722 2762 2750 2800; x_wconf 64' lang='grc' dir='ltr'><strong>ἰ</strong></span> <span class='ocrx_word' id='word_1_427' title='bbox 2777 2766 2939 2822; x_wconf 89' lang='lat' dir='ltr'><strong>vultis</strong></span> <span class='ocrx_word' id='word_1_428' title='bbox 2973 2768 3156 2825; x_wconf 89' lang='lat' dir='ltr'><strong>celare</strong></span> <span class='ocrx_word' id='word_1_429' title='bbox 3193 2771 3524 2844; x_wconf 88' lang='lat' dir='ltr'><strong>quidquam?</strong></span> <span class='ocrx_word' id='word_1_430' title='bbox 3550 2775 3666 2834; x_wconf 83' lang='lat' dir='ltr'><strong>Hoc</strong></span> <span class='ocrx_word' id='word_1_431' title='bbox 3696 2793 3802 2834; x_wconf 91' lang='lat' dir='ltr'><strong>non</strong></span> 
     </span>
    </p>
   </div>
   <div class='ocr_carea' id='block_1_59' title="bbox 2205 2854 3801 2941">
    <p class='ocr_par' dir='ltr' id='par_1_59' title="bbox 2205 2854 3801 2941">
     <span class='ocr_line' id='line_1_59' title="bbox 2205 2854 3801 2941; baseline 0.011 -33"><span class='ocrx_word' id='word_1_432' title='bbox 2205 2854 2401 2910; x_wconf 91' lang='lat' dir='ltr'><strong>cecidit</strong></span> <span class='ocrx_word' id='word_1_433' title='bbox 2433 2856 2486 2910; x_wconf 91' lang='lat' dir='ltr'><strong>iu</strong></span> <span class='ocrx_word' id='word_1_434' title='bbox 2515 2858 2757 2914; x_wconf 90' lang='lat' dir='ltr'><strong>animum</strong></span> <span class='ocrx_word' id='word_1_435' title='bbox 2789 2868 2938 2915; x_wconf 88' lang='lat' dir='ltr'><strong>tuum</strong></span> <span class='ocrx_word' id='word_1_436' title='bbox 2959 2862 2980 2916; x_wconf 89' lang='lat'><strong>?</strong></span> <span class='ocrx_word' id='word_1_437' title='bbox 3001 2861 3267 2930; x_wconf 84' lang='lat' dir='ltr'><strong>Quamvis</strong></span> <span class='ocrx_word' id='word_1_438' title='bbox 3291 2867 3437 2922; x_wconf 91' lang='lat' dir='ltr'><strong>enim</strong></span> <span class='ocrx_word' id='word_1_439' title='bbox 3465 2867 3543 2922; x_wconf 92' lang='lat' dir='ltr'><strong>illi</strong></span> <span class='ocrx_word' id='word_1_440' title='bbox 3573 2869 3801 2941; x_wconf 87' lang='lat' dir='ltr'><strong>agebant</strong></span> 
     </span>
    </p>
   </div>
   <div class='ocr_carea' id='block_1_60' title="bbox 2205 2955 3798 3032">
    <p class='ocr_par' dir='ltr' id='par_1_60' title="bbox 2205 2955 3798 3032">
     <span class='ocr_line' id='line_1_60' title="bbox 2205 2955 3798 3032; baseline 0.012 -32"><span class='ocrx_word' id='word_1_441' title='bbox 2205 2955 2313 3002; x_wconf 88' lang='lat' dir='ltr'><strong>tam</strong></span> <span class='ocrx_word' id='word_1_442' title='bbox 2345 2959 2785 3018; x_wconf 89' lang='lat' dir='ltr'><strong>perseveranter,</strong></span> <span class='ocrx_word' id='word_1_443' title='bbox 2812 2968 2993 3010; x_wconf 92' lang='lat' dir='ltr'><strong>nonne</strong></span> <span class='ocrx_word' id='word_1_444' title='bbox 3015 2964 3166 3011; x_wconf 91' lang='lat' dir='ltr'><strong>tuum</strong></span> <span class='ocrx_word' id='word_1_445' title='bbox 3195 2956 3318 3024; x_wconf 89' lang='lat' dir='ltr'><strong>fuit,</strong></span> <span class='ocrx_word' id='word_1_446' title='bbox 3348 2957 3672 3029; x_wconf 83' lang='lat' dir='ltr'><strong>Imperator,</strong></span> <span class='ocrx_word' id='word_1_447' title='bbox 3704 2979 3798 3032; x_wconf 91' lang='lat' dir='ltr'><strong>pro</strong></span> 
     </span>
    </p>
   </div>
   <div class='ocr_carea' id='block_1_61' title="bbox 2208 3040 3798 3125">
    <p class='ocr_par' dir='ltr' id='par_1_61' title="bbox 2208 3040 3798 3125">
     <span class='ocr_line' id='line_1_61' title="bbox 2208 3040 3798 3125; baseline 0.008 -30"><span class='ocrx_word' id='word_1_448' title='bbox 2208 3040 2301 3097; x_wconf 92' lang='lat' dir='ltr'><strong>Dei</strong></span> <span class='ocrx_word' id='word_1_449' title='bbox 2332 3042 2610 3125; x_wconf 78' lang='lat' dir='ltr'><strong>summiet</strong></span> <span class='ocrx_word' id='word_1_450' title='bbox 2629 3044 2742 3100; x_wconf 91' lang='lat' dir='ltr'><strong>veri</strong></span> <span class='ocrx_word' id='word_1_451' title='bbox 2764 3055 2822 3100; x_wconf 92' lang='lat' dir='ltr'><strong>et</strong></span> <span class='ocrx_word' id='word_1_452' title='bbox 2849 3047 2955 3101; x_wconf 83' lang='lat' dir='ltr'><strong>vivi</strong></span> <span class='ocrx_word' id='word_1_453' title='bbox 2980 3050 3336 3105; x_wconf 89' lang='lat' dir='ltr'><strong>veneratione</strong></span> <span class='ocrx_word' id='word_1_454' title='bbox 3366 3055 3798 3121; x_wconf 88' lang='lat' dir='ltr'><strong>perseverantius</strong></span> 
     </span>
    </p>
   </div>
   <div class='ocr_carea' id='block_1_62' title="bbox 563 3122 3796 3214">
    <p class='ocr_par' dir='ltr' id='par_1_62' title="bbox 563 3122 3796 3214">
     <span class='ocr_line' id='line_1_62' title="bbox 563 3122 3796 3214; baseline 0.008 -37"><span class='ocrx_word' id='word_1_455' title='bbox 563 3125 617 3177; x_wconf 82' lang='lat'><strong>5.</strong></span> <span class='ocrx_word' id='word_1_456' title='bbox 663 3122 814 3180; x_wconf 87' lang='lat' dir='ltr'><strong>Lecti</strong></span> <span class='ocrx_word' id='word_1_457' title='bbox 840 3133 967 3179; x_wconf 89' lang='lat' dir='ltr'><strong>sunt</strong></span> <span class='ocrx_word' id='word_1_458' title='bbox 991 3125 1158 3181; x_wconf 90' lang='lat' dir='ltr'><strong>libelli</strong></span> <span class='ocrx_word' id='word_1_459' title='bbox 1182 3129 1286 3183; x_wconf 89' lang='lat' dir='ltr'><strong>mei</strong></span> <span class='ocrx_word' id='word_1_460' title='bbox 1316 3128 1368 3182; x_wconf 90' lang='lat' dir='ltr'><strong>in</strong></span> <span class='ocrx_word' id='word_1_461' title='bbox 1394 3131 1744 3197; x_wconf 90' lang='lat' dir='ltr'><strong>consistorio,</strong></span> <span class='ocrx_word' id='word_1_462' title='bbox 1770 3132 2095 3188; x_wconf 85' lang='lat' dir='ltr'><strong>aderatam-</strong></span> <span class='ocrx_word' id='word_1_463' title='bbox 2123 3137 2169 3199; x_wconf 77' lang='grc' dir='ltr'><strong>ί]</strong></span> <span class='ocrx_word' id='word_1_464' title='bbox 2199 3132 2468 3190; x_wconf 88' lang='lat' dir='ltr'><strong>obsistere</strong></span> <span class='ocrx_word' id='word_1_465' title='bbox 2493 3175 2509 3202; x_wconf 91' lang='lat'><strong>,</strong></span> <span class='ocrx_word' id='word_1_466' title='bbox 2543 3122 2607 3191; x_wconf 82' lang='lat' dir='ltr'><strong>et</strong></span> <span class='ocrx_word' id='word_1_467' title='bbox 2646 3151 2874 3208; x_wconf 87' lang='lat' dir='ltr'><strong>negare,</strong></span> <span class='ocrx_word' id='word_1_468' title='bbox 2917 3139 3062 3208; x_wconf 91' lang='lat' dir='ltr'><strong>quod</strong></span> <span class='ocrx_word' id='word_1_469' title='bbox 3110 3148 3230 3196; x_wconf 91' lang='lat' dir='ltr'><strong>erat</strong></span> <span class='ocrx_word' id='word_1_470' title='bbox 3280 3142 3330 3196; x_wconf 92' lang='lat' dir='ltr'><strong>in</strong></span> <span class='ocrx_word' id='word_1_471' title='bbox 3379 3144 3580 3214; x_wconf 87' lang='lat' dir='ltr'><strong>injuria</strong></span> <span class='ocrx_word' id='word_1_472' title='bbox 3628 3161 3796 3203; x_wconf 65' lang='lat' dir='ltr'><strong>sacrae</strong></span> 
     </span>
    </p>
   </div>
   <div class='ocr_carea' id='block_1_63' title="bbox 495 3214 2099 3294">
    <p class='ocr_par' dir='ltr' id='par_1_63' title="bbox 495 3214 2099 3294">
     <span class='ocr_line' id='line_1_63' title="bbox 495 3214 2099 3294; baseline 0.009 -26"><span class='ocrx_word' id='word_1_473' title='bbox 495 3214 776 3283; x_wconf 91' lang='lat' dir='ltr'><strong>plissimus</strong></span> <span class='ocrx_word' id='word_1_474' title='bbox 807 3215 1011 3272; x_wconf 87' lang='lat' dir='ltr'><strong>honore</strong></span> <span class='ocrx_word' id='word_1_475' title='bbox 1033 3219 1330 3290; x_wconf 78' lang='lat' dir='ltr'><strong>magiSIerii</strong></span> <span class='ocrx_word' id='word_1_476' title='bbox 1360 3221 1610 3277; x_wconf 90' lang='lat' dir='ltr'><strong>militaris</strong></span> <span class='ocrx_word' id='word_1_477' title='bbox 1640 3222 1666 3259; x_wconf 77' lang='grc' dir='ltr'><strong>ἀ</strong></span> <span class='ocrx_word' id='word_1_478' title='bbox 1689 3224 1863 3280; x_wconf 88' lang='lat' dir='ltr'><strong>Bauto</strong></span> <span class='ocrx_word' id='word_1_479' title='bbox 1891 3239 2099 3294; x_wconf 89' lang='lat' dir='ltr'><strong>comes,</strong></span> 
     </span>
    </p>
   </div>
   <div class='ocr_carea' id='block_1_64' title="bbox 493 3305 2097 3388">
    <p class='ocr_par' dir='ltr' id='par_1_64' title="bbox 493 3305 2097 3388">
     <span class='ocr_line' id='line_1_64' title="bbox 493 3305 2097 3388; baseline 0.009 -27"><span class='ocrx_word' id='word_1_480' title='bbox 493 3315 548 3361; x_wconf 92' lang='lat' dir='ltr'><strong>et</strong></span> <span class='ocrx_word' id='word_1_481' title='bbox 592 3305 938 3375; x_wconf 84' lang='lat' dir='ltr'><strong>Rumoridus,</strong></span> <span class='ocrx_word' id='word_1_482' title='bbox 984 3319 1036 3366; x_wconf 93' lang='lat' dir='ltr'><strong>et</strong></span> <span class='ocrx_word' id='word_1_483' title='bbox 1084 3311 1201 3380; x_wconf 88' lang='lat' dir='ltr'><strong>ipse</strong></span> <span class='ocrx_word' id='word_1_484' title='bbox 1228 3313 1473 3381; x_wconf 91' lang='lat' dir='ltr'><strong>ejusdem</strong></span> <span class='ocrx_word' id='word_1_485' title='bbox 1505 3315 1790 3386; x_wconf 85' lang='lat' dir='ltr'><strong>dignitatis</strong></span> <span class='ocrx_word' id='word_1_486' title='bbox 1817 3320 2097 3388; x_wconf 86' lang='lat' dir='ltr'><strong>gentilium</strong></span> 
     </span>
    </p>
   </div>
   <div class='ocr_carea' id='block_1_65' title="bbox 493 3401 2099 3478">
    <p class='ocr_par' dir='ltr' id='par_1_65' title="bbox 493 3401 2099 3478">
     <span class='ocr_line' id='line_1_65' title="bbox 493 3401 2099 3478; baseline 0.009 -24"><span class='ocrx_word' id='word_1_487' title='bbox 493 3401 771 3455; x_wconf 88' lang='lat' dir='ltr'><strong>nationum</strong></span> <span class='ocrx_word' id='word_1_488' title='bbox 798 3401 965 3456; x_wconf 91' lang='lat' dir='ltr'><strong>cultui</strong></span> <span class='ocrx_word' id='word_1_489' title='bbox 990 3402 1290 3460; x_wconf 88' lang='lat' dir='ltr'><strong>inserviens</strong></span> <span class='ocrx_word' id='word_1_490' title='bbox 1312 3421 1340 3458; x_wconf 92' lang='lat' dir='ltr'><strong>a</strong></span> <span class='ocrx_word' id='word_1_491' title='bbox 1372 3406 1558 3475; x_wconf 90' lang='lat' dir='ltr'><strong>primis</strong></span> <span class='ocrx_word' id='word_1_492' title='bbox 1585 3409 1835 3478; x_wconf 64' lang='lat' dir='ltr'><strong>pueritiae</strong></span> <span class='ocrx_word' id='word_1_493' title='bbox 1862 3426 1974 3466; x_wconf 69' lang='lat' dir='ltr'><strong>sum</strong></span> <span class='ocrx_word' id='word_1_494' title='bbox 2002 3428 2099 3468; x_wconf 92' lang='lat' dir='ltr'><strong>an-</strong></span> 
     </span>
    </p>
   </div>
   <div class='ocr_carea' id='block_1_66' title="bbox 495 3491 2099 3574">
    <p class='ocr_par' dir='ltr' id='par_1_66' title="bbox 495 3491 2099 3574">
     <span class='ocr_line' id='line_1_66' title="bbox 495 3491 2099 3574; baseline 0.009 -28"><span class='ocrx_word' id='word_1_495' title='bbox 495 3492 602 3547; x_wconf 91' lang='lat' dir='ltr'><strong>nis.</strong></span> <span class='ocrx_word' id='word_1_496' title='bbox 636 3491 1052 3551; x_wconf 86' lang='lat' dir='ltr'><strong>Valentinianus</strong></span> <span class='ocrx_word' id='word_1_497' title='bbox 1083 3503 1211 3552; x_wconf 89' lang='lat' dir='ltr'><strong>tunc</strong></span> <span class='ocrx_word' id='word_1_498' title='bbox 1251 3499 1514 3568; x_wconf 88' lang='lat' dir='ltr'><strong>temporis</strong></span> <span class='ocrx_word' id='word_1_499' title='bbox 1558 3500 1762 3557; x_wconf 88' lang='lat' dir='ltr'><strong>audivit</strong></span> <span class='ocrx_word' id='word_1_500' title='bbox 1798 3506 2099 3574; x_wconf 86' lang='lat' dir='ltr'><strong>suggestio-</strong></span> 
     </span>
    </p>
   </div>
   <div class='ocr_carea' id='block_1_67' title="bbox 494 3586 2090 3660">
    <p class='ocr_par' dir='ltr' id='par_1_67' title="bbox 494 3586 2090 3660">
     <span class='ocr_line' id='line_1_67' title="bbox 494 3586 2090 3660; baseline 0.009 -22"><span class='ocrx_word' id='word_1_501' title='bbox 494 3597 616 3638; x_wconf 91' lang='lat' dir='ltr'><strong>nem</strong></span> <span class='ocrx_word' id='word_1_502' title='bbox 662 3598 863 3650; x_wconf 92' lang='lat' dir='ltr'><strong>meam,</strong></span> <span class='ocrx_word' id='word_1_503' title='bbox 906 3601 1007 3641; x_wconf 93' lang='lat' dir='ltr'><strong>nec</strong></span> <span class='ocrx_word' id='word_1_504' title='bbox 1048 3586 1178 3643; x_wconf 91' lang='lat' dir='ltr'><strong>fecit</strong></span> <span class='ocrx_word' id='word_1_505' title='bbox 1214 3589 1384 3657; x_wconf 88' lang='lat' dir='ltr'><strong>aliud,</strong></span> <span class='ocrx_word' id='word_1_506' title='bbox 1419 3591 1519 3644; x_wconf 91' lang='lat' dir='ltr'><strong>nisi</strong></span> <span class='ocrx_word' id='word_1_507' title='bbox 1551 3592 1693 3660; x_wconf 90' lang='lat' dir='ltr'><strong>quod</strong></span> <span class='ocrx_word' id='word_1_508' title='bbox 1734 3593 1858 3650; x_wconf 89' lang='lat' dir='ltr'><strong>fidei</strong></span> <span class='ocrx_word' id='word_1_509' title='bbox 1890 3605 2090 3652; x_wconf 78' lang='lat' dir='ltr'><strong>nostra:</strong></span> 
     </span>
    </p>
   </div>
   <div class='ocr_carea' id='block_1_68' title="bbox 489 3674 1928 3751">
    <p class='ocr_par' dir='ltr' id='par_1_68' title="bbox 489 3674 1928 3751">
     <span class='ocr_line' id='line_1_68' title="bbox 489 3674 1928 3751; baseline 0.01 -23"><span class='ocrx_word' id='word_1_510' title='bbox 489 3674 629 3731; x_wconf 88' lang='lat' dir='ltr'><strong>ratio</strong></span> <span class='ocrx_word' id='word_1_511' title='bbox 648 3677 926 3746; x_wconf 89' lang='lat' dir='ltr'><strong>poscebat.</strong></span> <span class='ocrx_word' id='word_1_512' title='bbox 954 3678 1361 3751; x_wconf 85' lang='lat' dir='ltr'><strong>Acquieverunt</strong></span> <span class='ocrx_word' id='word_1_513' title='bbox 1388 3683 1555 3739; x_wconf 89' lang='lat' dir='ltr'><strong>etiam</strong></span> <span class='ocrx_word' id='word_1_514' title='bbox 1587 3687 1774 3742; x_wconf 90' lang='lat' dir='ltr'><strong>comiti</strong></span> <span class='ocrx_word' id='word_1_515' title='bbox 1805 3703 1928 3743; x_wconf 88' lang='lat' dir='ltr'><strong>suo.</strong></span> 
     </span>
    </p>
   </div>
   <div class='ocr_carea' id='block_1_69' title="bbox 566 3769 2094 3853">
    <p class='ocr_par' dir='ltr' id='par_1_69' title="bbox 566 3769 2094 3853">
     <span class='ocr_line' id='line_1_69' title="bbox 566 3769 2094 3853; baseline 0.011 -31"><span class='ocrx_word' id='word_1_516' title='bbox 566 3769 772 3842; x_wconf 77' lang='lat'><strong>1011</strong></span> <span class='ocrx_word' id='word_1_517' title='bbox 801 3770 856 3824; x_wconf 74' lang='grc'><strong>4.</strong></span> <span class='ocrx_word' id='word_1_518' title='bbox 901 3771 1099 3829; x_wconf 90' lang='lat' dir='ltr'><strong>Postea</strong></span> <span class='ocrx_word' id='word_1_519' title='bbox 1122 3775 1285 3830; x_wconf 89' lang='lat' dir='ltr'><strong>etiam</strong></span> <span class='ocrx_word' id='word_1_520' title='bbox 1334 3787 1356 3812; x_wconf 68' lang='grc' dir='ltr'><strong>ε</strong></span> <span class='ocrx_word' id='word_1_521' title='bbox 1387 3777 1817 3836; x_wconf 91' lang='lat' dir='ltr'><strong>clementissimo</strong></span> <span class='ocrx_word' id='word_1_522' title='bbox 1848 3783 2094 3853; x_wconf 91' lang='lat' dir='ltr'><strong>impera-</strong></span> 
     </span>
    </p>
   </div>
   <div class='ocr_carea' id='block_1_70' title="bbox 490 3864 2091 3944">
    <p class='ocr_par' dir='ltr' id='par_1_70' title="bbox 490 3864 2091 3944">
     <span class='ocr_line' id='line_1_70' title="bbox 490 3864 2091 3944; baseline 0.01 -26"><span class='ocrx_word' id='word_1_523' title='bbox 490 3865 594 3918; x_wconf 87' lang='lat' dir='ltr'><strong>tori</strong></span> <span class='ocrx_word' id='word_1_524' title='bbox 638 3864 953 3922; x_wconf 87' lang='lat' dir='ltr'><strong>Theodosio</strong></span> <span class='ocrx_word' id='word_1_525' title='bbox 979 3882 1164 3924; x_wconf 92' lang='lat' dir='ltr'><strong>coram</strong></span> <span class='ocrx_word' id='word_1_526' title='bbox 1200 3871 1468 3940; x_wconf 90' lang='lat' dir='ltr'><strong>intimavi,</strong></span> <span class='ocrx_word' id='word_1_527' title='bbox 1512 3881 1676 3944; x_wconf 90' lang='lat' dir='ltr'><strong>atque</strong></span> <span class='ocrx_word' id='word_1_528' title='bbox 1720 3875 1772 3930; x_wconf 93' lang='lat' dir='ltr'><strong>in</strong></span> <span class='ocrx_word' id='word_1_529' title='bbox 1813 3891 1877 3932; x_wconf 84' lang='lat' dir='ltr'><strong>os</strong></span> <span class='ocrx_word' id='word_1_530' title='bbox 1907 3877 2091 3935; x_wconf 90' lang='lat' dir='ltr'><strong>dicere</strong></span> 
     </span>
    </p>
   </div>
   <div class='ocr_carea' id='block_1_71' title="bbox 493 3957 2094 4042">
    <p class='ocr_par' dir='ltr' id='par_1_71' title="bbox 493 3957 2094 4042">
     <span class='ocr_line' id='line_1_71' title="bbox 493 3957 2094 4042; baseline 0.012 -32"><span class='ocrx_word' id='word_1_531' title='bbox 493 3971 600 4011; x_wconf 94' lang='lat' dir='ltr'><strong>non</strong></span> <span class='ocrx_word' id='word_1_532' title='bbox 634 3957 900 4027; x_wconf 89' lang='lat' dir='ltr'><strong>dubitavi,</strong></span> <span class='ocrx_word' id='word_1_533' title='bbox 929 3961 1018 4016; x_wconf 91' lang='lat' dir='ltr'><strong>cui</strong></span> <span class='ocrx_word' id='word_1_534' title='bbox 1049 3961 1298 4018; x_wconf 88' lang='lat' dir='ltr'><strong>intimata</strong></span> <span class='ocrx_word' id='word_1_535' title='bbox 1328 3975 1558 4023; x_wconf 89' lang='lat' dir='ltr'><strong>senatus</strong></span> <span class='ocrx_word' id='word_1_536' title='bbox 1600 3967 1876 4040; x_wconf 86' lang='lat' dir='ltr'><strong>legatione</strong></span> <span class='ocrx_word' id='word_1_537' title='bbox 1909 3971 2094 4042; x_wconf 92' lang='lat' dir='ltr'><strong>hujus—</strong></span> 
     </span>
    </p>
   </div>
   <div class='ocr_carea' id='block_1_72' title="bbox 493 4051 2087 4130">
    <p class='ocr_par' dir='ltr' id='par_1_72' title="bbox 493 4051 2087 4130">
     <span class='ocr_line' id='line_1_72' title="bbox 493 4051 2087 4130; baseline 0.011 -26"><span class='ocrx_word' id='word_1_538' title='bbox 493 4051 660 4118; x_wconf 89' lang='lat' dir='ltr'><strong>modi,</strong></span> <span class='ocrx_word' id='word_1_539' title='bbox 691 4052 818 4108; x_wconf 91' lang='lat' dir='ltr'><strong>licet</strong></span> <span class='ocrx_word' id='word_1_540' title='bbox 847 4069 954 4109; x_wconf 91' lang='lat' dir='ltr'><strong>non</strong></span> <span class='ocrx_word' id='word_1_541' title='bbox 999 4063 1146 4111; x_wconf 91' lang='lat' dir='ltr'><strong>totus</strong></span> <span class='ocrx_word' id='word_1_542' title='bbox 1200 4067 1423 4114; x_wconf 87' lang='lat' dir='ltr'><strong>senatus</strong></span> <span class='ocrx_word' id='word_1_543' title='bbox 1464 4063 1798 4130; x_wconf 89' lang='lat' dir='ltr'><strong>poposcerit,</strong></span> <span class='ocrx_word' id='word_1_544' title='bbox 1840 4065 2087 4123; x_wconf 87' lang='lat' dir='ltr'><strong>insinua-</strong></span> 
     </span>
    </p>
   </div>
   <div class='ocr_carea' id='block_1_73' title="bbox 498 4255 2089 4330">
    <p class='ocr_par' dir='ltr' id='par_1_73' title="bbox 498 4255 2089 4330">
     <span class='ocr_line' id='line_1_73' title="bbox 498 4255 2089 4330; baseline 0.005 -18"><span class='ocrx_word' id='word_1_545' title='bbox 498 4256 928 4330; x_wconf 79' lang='lat' dir='ltr'><strong>Admonition_e._</strong></span> <span class='ocrx_word' id='word_1_546' title='bbox 952 4255 1019 4330; x_wconf 83' lang='lat' dir='ltr'><strong>ad</strong></span> <span class='ocrx_word' id='word_1_547' title='bbox 1062 4256 1360 4330; x_wconf 71' lang='lat' dir='ltr'><strong>Exhortat.</strong></span> <span class='ocrx_word' id='word_1_548' title='bbox 1396 4259 1608 4330; x_wconf 86' lang='lat' dir='ltr'><strong>Virgin.</strong></span> <span class='ocrx_word' id='word_1_549' title='bbox 1660 4263 2089 4322; x_wconf 74' lang='lat' dir='ltr'><strong>observavnmus.</strong></span> 
     </span>
    </p>
   </div>
   <div class='ocr_carea' id='block_1_74' title="bbox 566 4326 2090 4452">
    <p class='ocr_par' dir='ltr' id='par_1_74' title="bbox 566 4326 2090 4452">
     <span class='ocr_line' id='line_1_74' title="bbox 566 4326 2090 4452; baseline 0.007 -70"><span class='ocrx_word' id='word_1_550' title='bbox 566 4338 592 4365; x_wconf 69' lang='grc'>⁸</span> <span class='ocrx_word' id='word_1_551' title='bbox 626 4327 800 4452; x_wconf 53' lang='lat' dir='ltr'><strong>lllltijus</strong></span> <span class='ocrx_word' id='word_1_552' title='bbox 832 4326 1175 4382; x_wconf 82' lang='lat' dir='ltr'><strong>Relationem</strong></span> <span class='ocrx_word' id='word_1_553' title='bbox 1203 4329 1311 4384; x_wconf 91' lang='lat' dir='ltr'><strong>col.</strong></span> <span class='ocrx_word' id='word_1_554' title='bbox 1340 4329 1468 4397; x_wconf 73' lang='lat'><strong>828,</strong></span> <span class='ocrx_word' id='word_1_555' title='bbox 1493 4326 1549 4387; x_wconf 72' lang='grc' dir='ltr'>ἐι</span> <span class='ocrx_word' id='word_1_556' title='bbox 1579 4336 1934 4403; x_wconf 80' lang='lat' dir='ltr'><strong>sequentibus</strong></span> <span class='ocrx_word' id='word_1_557' title='bbox 1971 4339 2090 4392; x_wconf 84' lang='lat' dir='ltr'><strong>edi-</strong></span> 
     </span>
     <span class='ocr_line' id='line_1_75' title="bbox 566 4413 815 4452; baseline 0 0"><span class='ocrx_word' id='word_1_558' title='bbox 566 4415 603 4452; x_wconf 91' lang='lat' dir='ltr'><strong>n</strong></span> <span class='ocrx_word' id='word_1_559' title='bbox 664 4415 691 4452; x_wconf 90' lang='lat' dir='ltr'><strong>a</strong></span> <span class='ocrx_word' id='word_1_560' title='bbox 735 4413 815 4452; x_wconf 92' lang='lat' dir='ltr'><strong>es.</strong></span> 
     </span>
    </p>
   </div>
   <div class='ocr_carea' id='block_1_75' title="bbox 494 4398 815 4454">
    <p class='ocr_par' dir='ltr' id='par_1_75' title="bbox 494 4398 815 4454">
     <span class='ocr_line' id='line_1_76' title="bbox 494 4398 815 4454; baseline -0.006 0"><span class='ocrx_word' id='word_1_561' title='bbox 494 4410 603 4454; x_wconf 88' lang='lat' dir='ltr'><strong>tam</strong></span> <span class='ocrx_word' id='word_1_562' title='bbox 626 4398 815 4454; x_wconf 90' lang='lat' dir='ltr'><strong>habes.</strong></span> 
     </span>
    </p>
   </div>
   <div class='ocr_carea' id='block_1_76' title="bbox 566 4468 2089 4544">
    <p class='ocr_par' dir='ltr' id='par_1_76' title="bbox 566 4468 2089 4544">
     <span class='ocr_line' id='line_1_77' title="bbox 566 4468 2089 4544; baseline 0.008 -22"><span class='ocrx_word' id='word_1_563' title='bbox 566 4471 592 4510; x_wconf 71' lang='grc' dir='ltr'>ι)</span> <span class='ocrx_word' id='word_1_564' title='bbox 632 4468 998 4544; x_wconf 40' lang='grc' dir='ltr'><strong>ιὶοιηηειιὶι.-.</strong></span> <span class='ocrx_word' id='word_1_565' title='bbox 1046 4469 1343 4544; x_wconf 74' lang='lat' dir='ltr'><strong>imperatori</strong></span> <span class='ocrx_word' id='word_1_566' title='bbox 1390 4473 1550 4544; x_wconf 73' lang='lat' dir='ltr'><strong>duos;</strong></span> <span class='ocrx_word' id='word_1_567' title='bbox 1597 4473 1732 4544; x_wconf 81' lang='lat' dir='ltr'><strong>Reg.</strong></span> <span class='ocrx_word' id='word_1_568' title='bbox 1775 4477 1990 4542; x_wconf 80' lang='lat' dir='ltr'><strong>codex,</strong></span> <span class='ocrx_word' id='word_1_569' title='bbox 2039 4483 2089 4534; x_wconf 93' lang='lat' dir='ltr'><strong>in</strong></span> 
     </span>
    </p>
   </div>
   <div class='ocr_carea' id='block_1_77' title="bbox 489 4538 2091 4614">
    <p class='ocr_par' dir='ltr' id='par_1_77' title="bbox 489 4538 2091 4614">
     <span class='ocr_line' id='line_1_78' title="bbox 489 4538 2091 4614; baseline 0.006 -18"><span class='ocrx_word' id='word_1_570' title='bbox 489 4556 600 4614; x_wconf 89' lang='lat' dir='ltr'><strong>quo</strong></span> <span class='ocrx_word' id='word_1_571' title='bbox 647 4557 756 4614; x_wconf 63' lang='lat' dir='ltr'><strong>uno</strong></span> <span class='ocrx_word' id='word_1_572' title='bbox 798 4538 1115 4614; x_wconf 74' lang='lat' dir='ltr'><strong>invenimus</strong></span> <span class='ocrx_word' id='word_1_573' title='bbox 1153 4540 1292 4595; x_wconf 87' lang='lat' dir='ltr'><strong>hanc</strong></span> <span class='ocrx_word' id='word_1_574' title='bbox 1335 4543 1653 4614; x_wconf 81' lang='lat' dir='ltr'><strong>epistolam,</strong></span> <span class='ocrx_word' id='word_1_575' title='bbox 1681 4538 2091 4614; x_wconf 54' lang='lat' dir='ltr'><strong>imperatoribus</strong></span> 
     </span>
    </p>
   </div>
   <div class='ocr_carea' id='block_1_78' title="bbox 493 4609 2087 4692">
    <p class='ocr_par' dir='ltr' id='par_1_78' title="bbox 493 4609 2087 4692">
     <span class='ocr_line' id='line_1_79' title="bbox 493 4609 2087 4692; baseline 0.006 -26"><span class='ocrx_word' id='word_1_576' title='bbox 493 4609 643 4692; x_wconf 53' lang='lat' dir='ltr'><strong>duos.</strong></span> <span class='ocrx_word' id='word_1_577' title='bbox 662 4611 850 4692; x_wconf 82' lang='lat' dir='ltr'><strong>_Forte</strong></span> <span class='ocrx_word' id='word_1_578' title='bbox 875 4625 942 4665; x_wconf 92' lang='lat' dir='ltr'><strong>an</strong></span> <span class='ocrx_word' id='word_1_579' title='bbox 973 4609 1118 4692; x_wconf 78' lang='lat' dir='ltr'><strong>quod</strong></span> <span class='ocrx_word' id='word_1_580' title='bbox 1145 4609 1462 4692; x_wconf 76' lang='lat' dir='ltr'><strong>eorumdem</strong></span> <span class='ocrx_word' id='word_1_581' title='bbox 1507 4609 1815 4692; x_wconf 78' lang='lat' dir='ltr'><strong>libellorum</strong></span> <span class='ocrx_word' id='word_1_582' title='bbox 1842 4623 2087 4692; x_wconf 80' lang='lat' dir='ltr'><strong>exempla</strong></span> 
     </span>
    </p>
   </div>
   <div class='ocr_carea' id='block_1_79' title="bbox 490 4681 2090 4760">
    <p class='ocr_par' dir='ltr' id='par_1_79' title="bbox 490 4681 2090 4760">
     <span class='ocr_line' id='line_1_80' title="bbox 490 4681 2090 4760; baseline 0.005 -21"><span class='ocrx_word' id='word_1_583' title='bbox 490 4681 800 4740; x_wconf 89' lang='lat' dir='ltr'><strong>Theodosio</strong></span> <span class='ocrx_word' id='word_1_584' title='bbox 836 4695 1054 4760; x_wconf 77' lang='lat' dir='ltr'><strong>quoque</strong></span> <span class='ocrx_word' id='word_1_585' title='bbox 1078 4682 1283 4760; x_wconf 71' lang='lat' dir='ltr'><strong>deferri</strong></span> <span class='ocrx_word' id='word_1_586' title='bbox 1305 4688 1622 4760; x_wconf 58' lang='lat' dir='ltr'><strong>curaverit,</strong></span> <span class='ocrx_word' id='word_1_587' title='bbox 1650 4699 1743 4743; x_wconf 93' lang='lat' dir='ltr'><strong>aut</strong></span> <span class='ocrx_word' id='word_1_588' title='bbox 1768 4699 1922 4746; x_wconf 90' lang='lat' dir='ltr'><strong>certe</strong></span> <span class='ocrx_word' id='word_1_589' title='bbox 1946 4681 2090 4760; x_wconf 76' lang='lat' dir='ltr'><strong>quod</strong></span> 
     </span>
    </p>
   </div>
   <div class='ocr_carea' id='block_1_80' title="bbox 494 4753 2092 4833">
    <p class='ocr_par' dir='ltr' id='par_1_80' title="bbox 494 4753 2092 4833">
     <span class='ocr_line' id='line_1_81' title="bbox 494 4753 2092 4833; baseline 0.005 -23"><span class='ocrx_word' id='word_1_590' title='bbox 494 4770 565 4833; x_wconf 76' lang='lat' dir='ltr'><strong>ea</strong></span> <span class='ocrx_word' id='word_1_591' title='bbox 589 4771 710 4826; x_wconf 80' lang='lat' dir='ltr'><strong>qua:</strong></span> <span class='ocrx_word' id='word_1_592' title='bbox 758 4753 1216 4833; x_wconf 80' lang='lat' dir='ltr'><strong>uni_imperator_i</strong></span> <span class='ocrx_word' id='word_1_593' title='bbox 1263 4753 1666 4833; x_wconf 76' lang='lat' dir='ltr'><strong>offerebantur,</strong></span> <span class='ocrx_word' id='word_1_594' title='bbox 1712 4761 1830 4833; x_wconf 85' lang='lat' dir='ltr'><strong>ejus</strong></span> <span class='ocrx_word' id='word_1_595' title='bbox 1867 4753 2092 4833; x_wconf 80' lang='lat' dir='ltr'><strong>collegis</strong></span> 
     </span>
    </p>
   </div>
   <div class='ocr_carea' id='block_1_81' title="bbox 493 4824 2090 4898">
    <p class='ocr_par' dir='ltr' id='par_1_81' title="bbox 493 4824 2090 4898">
     <span class='ocr_line' id='line_1_82' title="bbox 493 4824 2090 4898; baseline 0.006 -18"><span class='ocrx_word' id='word_1_596' title='bbox 493 4824 658 4898; x_wconf 76' lang='lat' dir='ltr'><strong>etiam</strong></span> <span class='ocrx_word' id='word_1_597' title='bbox 688 4825 1070 4898; x_wconf 76' lang='lat' dir='ltr'><strong>censebantur</strong></span> <span class='ocrx_word' id='word_1_598' title='bbox 1112 4825 1314 4898; x_wconf 81' lang='lat' dir='ltr'><strong>oblata,</strong></span> <span class='ocrx_word' id='word_1_599' title='bbox 1367 4824 1825 4898; x_wconf 80' lang='lat' dir='ltr'><strong>quemadmodum</strong></span> <span class='ocrx_word' id='word_1_600' title='bbox 1869 4847 1897 4886; x_wconf 90' lang='lat' dir='ltr'><strong>a</strong></span> <span class='ocrx_word' id='word_1_601' title='bbox 1932 4824 2090 4889; x_wconf 73' lang='lat' dir='ltr'><strong>nobis</strong></span> 
     </span>
    </p>
   </div>
   <div class='ocr_carea' id='block_1_82' title="bbox 490 4895 2087 4967">
    <p class='ocr_par' dir='ltr' id='par_1_82' title="bbox 490 4895 2087 4967">
     <span class='ocr_line' id='line_1_83' title="bbox 490 4895 2087 4967; baseline 0.008 -18"><span class='ocrx_word' id='word_1_602' title='bbox 490 4896 625 4950; x_wconf 86' lang='lat' dir='ltr'><strong>alibi</strong></span> <span class='ocrx_word' id='word_1_603' title='bbox 652 4895 1000 4950; x_wconf 82' lang='lat' dir='ltr'><strong>observatum</strong></span> <span class='ocrx_word' id='word_1_604' title='bbox 1031 4907 1135 4951; x_wconf 90' lang='lat' dir='ltr'><strong>est.</strong></span> <span class='ocrx_word' id='word_1_605' title='bbox 1173 4897 1236 4951; x_wconf 92' lang='lat' dir='ltr'><strong>Hi</strong></span> <span class='ocrx_word' id='word_1_606' title='bbox 1269 4895 1433 4967; x_wconf 77' lang='lat' dir='ltr'><strong>porro</strong></span> <span class='ocrx_word' id='word_1_607' title='bbox 1455 4899 1563 4954; x_wconf 90' lang='lat' dir='ltr'><strong>duo</strong></span> <span class='ocrx_word' id='word_1_608' title='bbox 1583 4901 1748 4957; x_wconf 87' lang='lat' dir='ltr'><strong>libelli</strong></span> <span class='ocrx_word' id='word_1_609' title='bbox 1779 4904 1910 4959; x_wconf 92' lang='lat' dir='ltr'><strong>nihil</strong></span> <span class='ocrx_word' id='word_1_610' title='bbox 1937 4905 2087 4960; x_wconf 84' lang='lat' dir='ltr'><strong>aliud</strong></span> 
     </span>
    </p>
   </div>
   <div class='ocr_carea' id='block_1_83' title="bbox 488 4967 1846 5040">
    <p class='ocr_par' dir='ltr' id='par_1_83' title="bbox 488 4967 1846 5040">
     <span class='ocr_line' id='line_1_84' title="bbox 488 4967 1846 5040; baseline 0.004 -18"><span class='ocrx_word' id='word_1_611' title='bbox 488 4977 807 5040; x_wconf 74' lang='lat' dir='ltr'><strong>suntquam</strong></span> <span class='ocrx_word' id='word_1_612' title='bbox 837 4967 1078 5040; x_wconf 71' lang='lat' dir='ltr'><strong>epistolae</strong></span> <span class='ocrx_word' id='word_1_613' title='bbox 1105 4968 1172 5023; x_wconf 83' lang='grc'><strong>17</strong></span> <span class='ocrx_word' id='word_1_614' title='bbox 1199 4979 1255 5023; x_wconf 91' lang='lat' dir='ltr'><strong>et</strong></span> <span class='ocrx_word' id='word_1_615' title='bbox 1283 4970 1349 5023; x_wconf 84' lang='grc'><strong>18</strong></span> <span class='ocrx_word' id='word_1_616' title='bbox 1373 4985 1538 5040; x_wconf 89' lang='lat' dir='ltr'><strong>supra</strong></span> <span class='ocrx_word' id='word_1_617' title='bbox 1565 4974 1846 5030; x_wconf 81' lang='lat' dir='ltr'><strong>exhibitae.</strong></span> 
     </span>
    </p>
   </div>
   <div class='ocr_carea' id='block_1_84' title="bbox 571 5036 2083 5118">
    <p class='ocr_par' dir='ltr' id='par_1_84' title="bbox 571 5036 2083 5118">
     <span class='ocr_line' id='line_1_85' title="bbox 571 5036 2083 5118; baseline 0.008 -27"><span class='ocrx_word' id='word_1_618' title='bbox 571 5049 592 5076; x_wconf 79' lang='grc' dir='ltr'><strong>ο</strong></span> <span class='ocrx_word' id='word_1_619' title='bbox 637 5037 838 5092; x_wconf 87' lang='lat' dir='ltr'><strong>Eadem</strong></span> <span class='ocrx_word' id='word_1_620' title='bbox 897 5036 1065 5118; x_wconf 81' lang='lat' dir='ltr'><strong>edit.,</strong></span> <span class='ocrx_word' id='word_1_621' title='bbox 1112 5040 1392 5118; x_wconf 61' lang='lat' dir='ltr'><strong>quominus</strong></span> <span class='ocrx_word' id='word_1_622' title='bbox 1435 5036 1827 5118; x_wconf 56' lang='lat' dir='ltr'><strong>decernerentur</strong></span> <span class='ocrx_word' id='word_1_623' title='bbox 1866 5048 2083 5118; x_wconf 83' lang='lat' dir='ltr'><strong>debere,</strong></span> 
     </span>
    </p>
   </div>
   <div class='ocr_carea' id='block_1_85' title="bbox 525 5109 2082 5186">
    <p class='ocr_par' dir='ltr' id='par_1_85' title="bbox 525 5109 2082 5186">
     <span class='ocr_line' id='line_1_86' title="bbox 525 5109 2082 5186; baseline 0.008 -23"><span class='ocrx_word' id='word_1_624' title='bbox 525 5111 617 5186; x_wconf 75' lang='lat' dir='ltr'><strong>uia</strong></span> <span class='ocrx_word' id='word_1_625' title='bbox 639 5113 763 5164; x_wconf 85' lang='lat' dir='ltr'><strong>dare</strong></span> <span class='ocrx_word' id='word_1_626' title='bbox 790 5109 954 5179; x_wconf 85' lang='lat' dir='ltr'><strong>pretia</strong></span> <span class='ocrx_word' id='word_1_627' title='bbox 989 5111 1396 5186; x_wconf 72' lang='lat' dir='ltr'><strong>sacriﬁciorum,-</strong></span> <span class='ocrx_word' id='word_1_628' title='bbox 1422 5115 1546 5186; x_wconf 86' lang='lat' dir='ltr'><strong>cod.</strong></span> <span class='ocrx_word' id='word_1_629' title='bbox 1576 5115 1710 5186; x_wconf 82' lang='lat' dir='ltr'><strong>Reg.</strong></span> <span class='ocrx_word' id='word_1_630' title='bbox 1745 5129 1802 5172; x_wconf 90' lang='lat' dir='ltr'><strong>ut</strong></span> <span class='ocrx_word' id='word_1_631' title='bbox 1829 5118 1884 5172; x_wconf 94' lang='lat' dir='ltr'><strong>in</strong></span> <span class='ocrx_word' id='word_1_632' title='bbox 1913 5109 2082 5175; x_wconf 59' lang='lat' dir='ltr'><strong>textu:</strong></span> 
     </span>
    </p>
   </div>
   <div class='ocr_carea' id='block_1_86' title="bbox 547 5181 2081 5259">
    <p class='ocr_par' dir='ltr' id='par_1_86' title="bbox 547 5181 2081 5259">
     <span class='ocr_line' id='line_1_87' title="bbox 547 5181 2081 5259; baseline 0.007 -24"><span class='ocrx_word' id='word_1_633' title='bbox 547 5182 758 5259; x_wconf 77' lang='lat' dir='ltr'><strong>ationes</strong></span> <span class='ocrx_word' id='word_1_634' title='bbox 802 5190 983 5259; x_wconf 81' lang='lat' dir='ltr'><strong>autem</strong></span> <span class='ocrx_word' id='word_1_635' title='bbox 1013 5181 1210 5259; x_wconf 78' lang='lat' dir='ltr'><strong>quibus</strong></span> <span class='ocrx_word' id='word_1_636' title='bbox 1255 5185 1394 5259; x_wconf 83' lang='lat' dir='ltr'><strong>apud</strong></span> <span class='ocrx_word' id='word_1_637' title='bbox 1431 5181 1893 5259; x_wconf 66' lang='lat' dir='ltr'><strong>Valentinianum,</strong></span> <span class='ocrx_word' id='word_1_638' title='bbox 1920 5192 2081 5259; x_wconf 88' lang='lat' dir='ltr'><strong>epist.</strong></span> 
     </span>
    </p>
   </div>
   <div class='ocr_carea' id='block_1_87' title="bbox 494 5251 2049 5322">
    <p class='ocr_par' dir='ltr' id='par_1_87' title="bbox 494 5251 2049 5322">
     <span class='ocr_line' id='line_1_88' title="bbox 494 5251 2049 5322; baseline 0.006 -16"><span class='ocrx_word' id='word_1_639' title='bbox 494 5253 584 5316; x_wconf 80' lang='grc'><strong>17,</strong></span> <span class='ocrx_word' id='word_1_640' title='bbox 612 5268 742 5308; x_wconf 89' lang='lat' dir='ltr'><strong>usus</strong></span> <span class='ocrx_word' id='word_1_641' title='bbox 768 5251 1057 5321; x_wconf 90' lang='lat' dir='ltr'><strong>reperitur,</strong></span> <span class='ocrx_word' id='word_1_642' title='bbox 1085 5254 1172 5307; x_wconf 90' lang='lat' dir='ltr'><strong>hic</strong></span> <span class='ocrx_word' id='word_1_643' title='bbox 1195 5251 1345 5322; x_wconf 77' lang='lat' dir='ltr'><strong>quasi</strong></span> <span class='ocrx_word' id='word_1_644' title='bbox 1373 5255 1426 5309; x_wconf 92' lang='lat' dir='ltr'><strong>in</strong></span> <span class='ocrx_word' id='word_1_645' title='bbox 1457 5254 1775 5313; x_wconf 91' lang='lat' dir='ltr'><strong>fasciculum</strong></span> <span class='ocrx_word' id='word_1_646' title='bbox 1806 5251 2049 5316; x_wconf 75' lang='lat' dir='ltr'><strong>revocat.</strong></span> 
     </span>
    </p>
   </div>
   <div class='ocr_carea' id='block_1_88' title="bbox 568 5322 2085 5388">
    <p class='ocr_par' dir='ltr' id='par_1_88' title="bbox 568 5322 2085 5388">
     <span class='ocr_line' id='line_1_89' title="bbox 568 5322 2085 5388; baseline 0.009 -13"><span class='ocrx_word' id='word_1_647' title='bbox 568 5324 594 5359; x_wconf 75' lang='grc' dir='ltr'><strong>ί¹</strong></span> <span class='ocrx_word' id='word_1_648' title='bbox 636 5323 931 5378; x_wconf 87' lang='lat' dir='ltr'><strong>Bautonem</strong></span> <span class='ocrx_word' id='word_1_649' title='bbox 961 5322 1229 5377; x_wconf 91' lang='lat' dir='ltr'><strong>idolorum</strong></span> <span class='ocrx_word' id='word_1_650' title='bbox 1259 5325 1430 5380; x_wconf 92' lang='lat' dir='ltr'><strong>cultui</strong></span> <span class='ocrx_word' id='word_1_651' title='bbox 1471 5326 1746 5383; x_wconf 84' lang='lat' dir='ltr'><strong>addictum</strong></span> <span class='ocrx_word' id='word_1_652' title='bbox 1799 5331 1965 5387; x_wconf 87' lang='lat' dir='ltr'><strong>fuisse</strong></span> <span class='ocrx_word' id='word_1_653' title='bbox 1995 5333 2085 5388; x_wconf 91' lang='lat' dir='ltr'><strong>hic</strong></span> 
     </span>
    </p>
   </div>
   <div class='ocr_carea' id='block_1_89' title="bbox 490 5394 2086 5464">
    <p class='ocr_par' dir='ltr' id='par_1_89' title="bbox 490 5394 2086 5464">
     <span class='ocr_line' id='line_1_90' title="bbox 490 5394 2086 5464; baseline 0.005 -13"><span class='ocrx_word' id='word_1_654' title='bbox 490 5411 602 5451; x_wconf 91' lang='lat' dir='ltr'><strong>non</strong></span> <span class='ocrx_word' id='word_1_655' title='bbox 626 5395 832 5464; x_wconf 90' lang='lat' dir='ltr'><strong>liquido</strong></span> <span class='ocrx_word' id='word_1_656' title='bbox 864 5395 1067 5449; x_wconf 91' lang='lat' dir='ltr'><strong>indicat</strong></span> <span class='ocrx_word' id='word_1_657' title='bbox 1096 5394 1154 5450; x_wconf 93' lang='lat' dir='ltr'><strong>S.</strong></span> <span class='ocrx_word' id='word_1_658' title='bbox 1182 5394 1536 5462; x_wconf 86' lang='lat' dir='ltr'><strong>Ambrosius;</strong></span> <span class='ocrx_word' id='word_1_659' title='bbox 1583 5401 1962 5458; x_wconf 87' lang='lat' dir='ltr'><strong>annotavimus</strong></span> <span class='ocrx_word' id='word_1_660' title='bbox 2007 5413 2086 5460; x_wconf 85' lang='lat' dir='ltr'><strong>ta-</strong></span> 
     </span>
    </p>
   </div>
   <div class='ocr_carea' id='block_1_90' title="bbox 491 5465 2084 5539">
    <p class='ocr_par' dir='ltr' id='par_1_90' title="bbox 491 5465 2084 5539">
     <span class='ocr_line' id='line_1_91' title="bbox 491 5465 2084 5539; baseline 0.004 -16"><span class='ocrx_word' id='word_1_661' title='bbox 491 5482 617 5523; x_wconf 91' lang='lat' dir='ltr'><strong>men</strong></span> <span class='ocrx_word' id='word_1_662' title='bbox 649 5467 715 5520; x_wconf 87' lang='lat' dir='ltr'><strong>ad</strong></span> <span class='ocrx_word' id='word_1_663' title='bbox 743 5467 911 5539; x_wconf 70' lang='lat' dir='ltr'><strong>epist.</strong></span> <span class='ocrx_word' id='word_1_664' title='bbox 936 5465 1028 5532; x_wconf 70' lang='grc'><strong>24,</strong></span> <span class='ocrx_word' id='word_1_665' title='bbox 1059 5481 1210 5539; x_wconf 75' lang='lat' dir='ltr'><strong>nam.</strong></span> <span class='ocrx_word' id='word_1_666' title='bbox 1244 5467 1300 5532; x_wconf 73' lang='grc' dir='ltr'>ι,</span> <span class='ocrx_word' id='word_1_667' title='bbox 1334 5468 1521 5539; x_wconf 86' lang='lat' dir='ltr'><strong>laudes</strong></span> <span class='ocrx_word' id='word_1_668' title='bbox 1547 5471 1746 5539; x_wconf 90' lang='lat' dir='ltr'><strong>quibus</strong></span> <span class='ocrx_word' id='word_1_669' title='bbox 1773 5487 1897 5527; x_wconf 91' lang='lat' dir='ltr'><strong>eum</strong></span> <span class='ocrx_word' id='word_1_670' title='bbox 1927 5473 2084 5531; x_wconf 89' lang='lat' dir='ltr'><strong>Zozi-</strong></span> 
     </span>
    </p>
   </div>
   <div class='ocr_carea' id='block_1_91' title="bbox 491 5535 2086 5612">
    <p class='ocr_par' dir='ltr' id='par_1_91' title="bbox 491 5535 2086 5612">
     <span class='ocr_line' id='line_1_92' title="bbox 491 5535 2086 5612; baseline 0.004 -19"><span class='ocrx_word' id='word_1_671' title='bbox 491 5554 613 5593; x_wconf 89' lang='lat' dir='ltr'><strong>mus</strong></span> <span class='ocrx_word' id='word_1_672' title='bbox 655 5537 1031 5612; x_wconf 73' lang='lat' dir='ltr'><strong>prosequitur,</strong></span> <span class='ocrx_word' id='word_1_673' title='bbox 1078 5535 1250 5612; x_wconf 81' lang='lat' dir='ltr'><strong>ferme</strong></span> <span class='ocrx_word' id='word_1_674' title='bbox 1293 5535 1660 5612; x_wconf 40' lang='lat' dir='ltr'><strong>suspicion—em</strong></span> <span class='ocrx_word' id='word_1_675' title='bbox 1692 5541 1921 5612; x_wconf 89' lang='lat' dir='ltr'><strong>injicere</strong></span> <span class='ocrx_word' id='word_1_676' title='bbox 1947 5545 2086 5601; x_wconf 89' lang='lat' dir='ltr'><strong>alie-</strong></span> 
     </span>
    </p>
   </div>
   <div class='ocr_carea' id='block_1_92' title="bbox 486 5606 2080 5679">
    <p class='ocr_par' dir='ltr' id='par_1_92' title="bbox 486 5606 2080 5679">
     <span class='ocr_line' id='line_1_93' title="bbox 486 5606 2080 5679; baseline 0.005 -15"><span class='ocrx_word' id='word_1_677' title='bbox 486 5625 617 5664; x_wconf 90' lang='lat' dir='ltr'><strong>num</strong></span> <span class='ocrx_word' id='word_1_678' title='bbox 648 5606 972 5679; x_wconf 84' lang='lat' dir='ltr'><strong>enmfuisse</strong></span> <span class='ocrx_word' id='word_1_679' title='bbox 997 5623 1025 5661; x_wconf 89' lang='lat' dir='ltr'><strong>a</strong></span> <span class='ocrx_word' id='word_1_680' title='bbox 1053 5609 1369 5665; x_wconf 89' lang='lat' dir='ltr'><strong>christianis</strong></span> <span class='ocrx_word' id='word_1_681' title='bbox 1390 5606 1596 5666; x_wconf 72' lang='lat' dir='ltr'><strong>sacris.</strong></span> <span class='ocrx_word' id='word_1_682' title='bbox 1629 5606 1784 5679; x_wconf 80' lang='lat' dir='ltr'><strong>Quod</strong></span> <span class='ocrx_word' id='word_1_683' title='bbox 1818 5614 1862 5669; x_wconf 92' lang='lat' dir='ltr'><strong>si</strong></span> <span class='ocrx_word' id='word_1_684' title='bbox 1894 5629 2080 5672; x_wconf 89' lang='lat' dir='ltr'><strong>verum</strong></span> 
     </span>
    </p>
   </div>
   <div class='ocr_carea' id='block_1_93' title="bbox 484 5678 2082 5751">
    <p class='ocr_par' dir='ltr' id='par_1_93' title="bbox 484 5678 2082 5751">
     <span class='ocr_line' id='line_1_94' title="bbox 484 5678 2082 5751; baseline 0.006 -20"><span class='ocrx_word' id='word_1_685' title='bbox 484 5696 591 5751; x_wconf 85' lang='lat' dir='ltr'><strong>non</strong></span> <span class='ocrx_word' id='word_1_686' title='bbox 623 5681 723 5751; x_wconf 78' lang='lat' dir='ltr'><strong>sit,</strong></span> <span class='ocrx_word' id='word_1_687' title='bbox 747 5678 866 5746; x_wconf 87' lang='lat' dir='ltr'><strong>ejus</strong></span> <span class='ocrx_word' id='word_1_688' title='bbox 908 5679 1162 5732; x_wconf 88' lang='lat' dir='ltr'><strong>virtutem</strong></span> <span class='ocrx_word' id='word_1_689' title='bbox 1200 5679 1534 5751; x_wconf 87' lang='lat' dir='ltr'><strong>singularem</strong></span> <span class='ocrx_word' id='word_1_690' title='bbox 1582 5678 1863 5740; x_wconf 81' lang='lat' dir='ltr'><strong>exstitisse</strong></span> <span class='ocrx_word' id='word_1_691' title='bbox 1897 5685 2082 5742; x_wconf 90' lang='lat' dir='ltr'><strong>dicen-</strong></span> 
     </span>
    </p>
   </div>
   <div class='ocr_carea' id='block_1_94' title="bbox 473 5749 2078 5816">
    <p class='ocr_par' dir='ltr' id='par_1_94' title="bbox 473 5749 2078 5816">
     <span class='ocr_line' id='line_1_95' title="bbox 473 5749 2078 5816; baseline 0.008 -15"><span class='ocrx_word' id='word_1_692' title='bbox 473 5749 602 5802; x_wconf 89' lang='lat' dir='ltr'><strong>dum</strong></span> <span class='ocrx_word' id='word_1_693' title='bbox 645 5749 774 5813; x_wconf 85' lang='lat' dir='ltr'><strong>erit,</strong></span> <span class='ocrx_word' id='word_1_694' title='bbox 817 5762 936 5816; x_wconf 62' lang='lat' dir='ltr'><strong>qua:</strong></span> <span class='ocrx_word' id='word_1_695' title='bbox 963 5763 992 5800; x_wconf 92' lang='lat' dir='ltr'><strong>a</strong></span> <span class='ocrx_word' id='word_1_696' title='bbox 1035 5756 1188 5804; x_wconf 92' lang='lat' dir='ltr'><strong>tanto</strong></span> <span class='ocrx_word' id='word_1_697' title='bbox 1226 5749 1658 5808; x_wconf 76' lang='lat' dir='ltr'><strong>cbiistianorum</strong></span> <span class='ocrx_word' id='word_1_698' title='bbox 1708 5755 2078 5814; x_wconf 87' lang='lat' dir='ltr'><strong>obtrectatore</strong></span> 
     </span>
    </p>
   </div>
   <div class='ocr_carea' id='block_1_95' title="bbox 2207 3226 2381 3298">
    <p class='ocr_par' dir='ltr' id='par_1_95' title="bbox 2207 3226 2381 3298">
     <span class='ocr_line' id='line_1_96' title="bbox 2207 3226 2381 3298; baseline 0.006 -18"><span class='ocrx_word' id='word_1_699' title='bbox 2207 3226 2381 3298; x_wconf 88' lang='lat' dir='ltr'><strong>legis?</strong></span> 
     </span>
    </p>
   </div>
   <div class='ocr_carea' id='block_1_96' title="bbox 2273 3324 3796 3401">
    <p class='ocr_par' dir='ltr' id='par_1_96' title="bbox 2273 3324 3796 3401">
     <span class='ocr_line' id='line_1_97' title="bbox 2273 3324 3796 3401; baseline 0.008 -23"><span class='ocrx_word' id='word_1_700' title='bbox 2273 3324 2327 3379; x_wconf 93' lang='lat'><strong>8.</strong></span> <span class='ocrx_word' id='word_1_701' title='bbox 2359 3325 2492 3392; x_wconf 92' lang='lat' dir='ltr'><strong>Quis</strong></span> <span class='ocrx_word' id='word_1_702' title='bbox 2527 3325 2754 3394; x_wconf 90' lang='lat' dir='ltr'><strong>invidet,</strong></span> <span class='ocrx_word' id='word_1_703' title='bbox 2789 3329 3045 3397; x_wconf 88' lang='lat' dir='ltr'><strong>quoniam</strong></span> <span class='ocrx_word' id='word_1_704' title='bbox 3073 3345 3195 3401; x_wconf 71' lang='lat' dir='ltr'><strong>qua:</strong></span> <span class='ocrx_word' id='word_1_705' title='bbox 3222 3331 3458 3398; x_wconf 84' lang='lat' dir='ltr'><strong>voluisti,</strong></span> <span class='ocrx_word' id='word_1_706' title='bbox 3489 3333 3611 3389; x_wconf 87' lang='lat' dir='ltr'><strong>aliis</strong></span> <span class='ocrx_word' id='word_1_707' title='bbox 3629 3333 3796 3390; x_wconf 87' lang='lat' dir='ltr'><strong>dona-</strong></span> 
     </span>
    </p>
   </div>
   <div class='ocr_carea' id='block_1_97' title="bbox 2202 3416 3796 3494">
    <p class='ocr_par' dir='ltr' id='par_1_97' title="bbox 2202 3416 3796 3494">
     <span class='ocr_line' id='line_1_98' title="bbox 2202 3416 3796 3494; baseline 0.009 -24"><span class='ocrx_word' id='word_1_708' title='bbox 2202 3416 2363 3473; x_wconf 88' lang='lat' dir='ltr'><strong>visti?</strong></span> <span class='ocrx_word' id='word_1_709' title='bbox 2380 3418 2498 3474; x_wconf 89' lang='lat' dir='ltr'><strong>Non</strong></span> <span class='ocrx_word' id='word_1_710' title='bbox 2522 3435 2709 3476; x_wconf 90' lang='lat' dir='ltr'><strong>sumus</strong></span> <span class='ocrx_word' id='word_1_711' title='bbox 2727 3431 3062 3479; x_wconf 88' lang='lat' dir='ltr'><strong>scrutatores</strong></span> <span class='ocrx_word' id='word_1_712' title='bbox 3083 3433 3281 3480; x_wconf 72' lang='lat' dir='ltr'><strong>vestra:</strong></span> <span class='ocrx_word' id='word_1_713' title='bbox 3307 3425 3678 3494; x_wconf 89' lang='lat' dir='ltr'><strong>liberalitatis,</strong></span> <span class='ocrx_word' id='word_1_714' title='bbox 3698 3444 3796 3486; x_wconf 89' lang='lat' dir='ltr'><strong>nec</strong></span> 
     </span>
    </p>
   </div>
   <div class='ocr_carea' id='block_1_98' title="bbox 2200 3512 3798 3594">
    <p class='ocr_par' dir='ltr' id='par_1_98' title="bbox 2200 3512 3798 3594">
     <span class='ocr_line' id='line_1_99' title="bbox 2200 3512 3798 3594; baseline 0.009 -31"><span class='ocrx_word' id='word_1_715' title='bbox 2200 3512 2428 3568; x_wconf 85' lang='lat' dir='ltr'><strong>aliorum</strong></span> <span class='ocrx_word' id='word_1_716' title='bbox 2460 3515 2874 3572; x_wconf 90' lang='lat' dir='ltr'><strong>commodorum</strong></span> <span class='ocrx_word' id='word_1_717' title='bbox 2906 3517 3105 3585; x_wconf 89' lang='lat' dir='ltr'><strong>invidi;</strong></span> <span class='ocrx_word' id='word_1_718' title='bbox 3138 3519 3233 3576; x_wconf 91' lang='lat' dir='ltr'><strong>sed</strong></span> <span class='ocrx_word' id='word_1_719' title='bbox 3255 3535 3442 3576; x_wconf 90' lang='lat' dir='ltr'><strong>sumus</strong></span> <span class='ocrx_word' id='word_1_720' title='bbox 3472 3523 3798 3594; x_wconf 84' lang='lat' dir='ltr'><strong>interpretes</strong></span> 
     </span>
    </p>
   </div>
   <div class='ocr_carea' id='block_1_99' title="bbox 2203 3603 3796 3675">
    <p class='ocr_par' dir='ltr' id='par_1_99' title="bbox 2203 3603 3796 3675">
     <span class='ocr_line' id='line_1_100' title="bbox 2203 3603 3796 3675; baseline 0.01 -16"><span class='ocrx_word' id='word_1_721' title='bbox 2203 3603 2346 3660; x_wconf 78' lang='lat' dir='ltr'><strong>fidei.</strong></span> <span class='ocrx_word' id='word_1_722' title='bbox 2365 3605 2652 3675; x_wconf 93' lang='lat' dir='ltr'><strong>Quomodo</strong></span> <span class='ocrx_word' id='word_1_723' title='bbox 2675 3607 2874 3666; x_wconf 81' lang='lat' dir='ltr'><strong>otl&#39;eres</strong></span> <span class='ocrx_word' id='word_1_724' title='bbox 2898 3611 3038 3668; x_wconf 93' lang='lat' dir='ltr'><strong>dona</strong></span> <span class='ocrx_word' id='word_1_725' title='bbox 3063 3623 3152 3669; x_wconf 89' lang='lat' dir='ltr'><strong>tua</strong></span> <span class='ocrx_word' id='word_1_726' title='bbox 3178 3613 3397 3671; x_wconf 87' lang='lat' dir='ltr'><strong>Christo</strong></span> <span class='ocrx_word' id='word_1_727' title='bbox 3413 3624 3438 3674; x_wconf 66' lang='grc' dir='ltr'><strong>γ</strong></span> <span class='ocrx_word' id='word_1_728' title='bbox 3465 3617 3628 3674; x_wconf 90' lang='lat' dir='ltr'><strong>Pauci</strong></span> <span class='ocrx_word' id='word_1_729' title='bbox 3648 3621 3796 3674; x_wconf 68' lang='lat' dir='ltr'><strong>aesti-</strong></span> 
     </span>
    </p>
   </div>
   <div class='ocr_carea' id='block_1_100' title="bbox 2199 3695 3793 3780">
    <p class='ocr_par' dir='ltr' id='par_1_100' title="bbox 2199 3695 3793 3780">
     <span class='ocr_line' id='line_1_101' title="bbox 2199 3695 3793 3780; baseline 0.01 -31"><span class='ocrx_word' id='word_1_730' title='bbox 2199 3695 2423 3762; x_wconf 82' lang='lat' dir='ltr'><strong>mabunt</strong></span> <span class='ocrx_word' id='word_1_731' title='bbox 2443 3698 2570 3766; x_wconf 92' lang='lat' dir='ltr'><strong>quid</strong></span> <span class='ocrx_word' id='word_1_732' title='bbox 2596 3699 2818 3766; x_wconf 83' lang='lat' dir='ltr'><strong>feceris;</strong></span> <span class='ocrx_word' id='word_1_733' title='bbox 2849 3716 3059 3771; x_wconf 91' lang='lat' dir='ltr'><strong>omnes,</strong></span> <span class='ocrx_word' id='word_1_734' title='bbox 3086 3704 3214 3774; x_wconf 92' lang='lat' dir='ltr'><strong>quid</strong></span> <span class='ocrx_word' id='word_1_735' title='bbox 3241 3705 3478 3762; x_wconf 87' lang='lat' dir='ltr'><strong>volueris</strong></span> <span class='ocrx_word' id='word_1_736' title='bbox 3503 3707 3793 3780; x_wconf 81' lang='lat' dir='ltr'><strong>:quidquid</strong></span> 
     </span>
    </p>
   </div>
   <div class='ocr_carea' id='block_1_101' title="bbox 2196 3788 3788 3866">
    <p class='ocr_par' dir='ltr' id='par_1_101' title="bbox 2196 3788 3788 3866">
     <span class='ocr_line' id='line_1_102' title="bbox 2196 3788 3788 3866; baseline 0.01 -26"><span class='ocrx_word' id='word_1_737' title='bbox 2196 3788 2272 3843; x_wconf 91' lang='lat' dir='ltr'><strong>illi</strong></span> <span class='ocrx_word' id='word_1_738' title='bbox 2304 3788 2554 3855; x_wconf 80' lang='lat' dir='ltr'><strong>fecerint,</strong></span> <span class='ocrx_word' id='word_1_739' title='bbox 2575 3801 2722 3847; x_wconf 89' lang='lat' dir='ltr'><strong>tttum</strong></span> <span class='ocrx_word' id='word_1_740' title='bbox 2751 3794 2888 3849; x_wconf 89' lang='lat' dir='ltr'><strong>erit:</strong></span> <span class='ocrx_word' id='word_1_741' title='bbox 2913 3795 3178 3865; x_wconf 91' lang='lat' dir='ltr'><strong>quidquid</strong></span> <span class='ocrx_word' id='word_1_742' title='bbox 3211 3812 3316 3852; x_wconf 93' lang='lat' dir='ltr'><strong>non</strong></span> <span class='ocrx_word' id='word_1_743' title='bbox 3344 3798 3595 3866; x_wconf 90' lang='lat' dir='ltr'><strong>fecerint,</strong></span> <span class='ocrx_word' id='word_1_744' title='bbox 3611 3815 3788 3856; x_wconf 89' lang='lat' dir='ltr'><strong>suum.</strong></span> 
     </span>
    </p>
   </div>
   <div class='ocr_carea' id='block_1_102' title="bbox 2196 3879 3787 3961">
    <p class='ocr_par' dir='ltr' id='par_1_102' title="bbox 2196 3879 3787 3961">
     <span class='ocr_line' id='line_1_103' title="bbox 2196 3879 3787 3961; baseline 0.008 -26"><span class='ocrx_word' id='word_1_745' title='bbox 2196 3879 2310 3935; x_wconf 88' lang='lat' dir='ltr'><strong>Etsi</strong></span> <span class='ocrx_word' id='word_1_746' title='bbox 2355 3895 2414 3937; x_wconf 91' lang='lat' dir='ltr'><strong>es</strong></span> <span class='ocrx_word' id='word_1_747' title='bbox 2445 3882 2762 3954; x_wconf 88' lang='lat' dir='ltr'><strong>imperator,</strong></span> <span class='ocrx_word' id='word_1_748' title='bbox 2794 3885 2906 3941; x_wconf 90' lang='lat' dir='ltr'><strong>Deo</strong></span> <span class='ocrx_word' id='word_1_749' title='bbox 2935 3886 3180 3943; x_wconf 88' lang='lat' dir='ltr'><strong>subditus</strong></span> <span class='ocrx_word' id='word_1_750' title='bbox 3208 3889 3378 3961; x_wconf 87' lang='lat' dir='ltr'><strong>magis</strong></span> <span class='ocrx_word' id='word_1_751' title='bbox 3427 3881 3552 3948; x_wconf 85' lang='lat' dir='ltr'><strong>esse</strong></span> <span class='ocrx_word' id='word_1_752' title='bbox 3604 3892 3787 3949; x_wconf 87' lang='lat' dir='ltr'><strong>debes.</strong></span> 
     </span>
    </p>
   </div>
   <div class='ocr_carea' id='block_1_103' title="bbox 2194 3976 3790 4055">
    <p class='ocr_par' dir='ltr' id='par_1_103' title="bbox 2194 3976 3790 4055">
     <span class='ocr_line' id='line_1_104' title="bbox 2194 3976 3790 4055; baseline 0.006 -25"><span class='ocrx_word' id='word_1_753' title='bbox 2194 3976 2480 4043; x_wconf 88' lang='lat' dir='ltr'><strong>Quomodo</strong></span> <span class='ocrx_word' id='word_1_754' title='bbox 2494 3979 2804 4036; x_wconf 88' lang='lat' dir='ltr'><strong>sacerdotes</strong></span> <span class='ocrx_word' id='word_1_755' title='bbox 2817 3979 3018 4036; x_wconf 86' lang='lat' dir='ltr'><strong>Christi</strong></span> <span class='ocrx_word' id='word_1_756' title='bbox 3035 3991 3121 4036; x_wconf 89' lang='lat' dir='ltr'><strong>tua</strong></span> <span class='ocrx_word' id='word_1_757' title='bbox 3140 3997 3364 4038; x_wconf 88' lang='lat' dir='ltr'><strong>munera</strong></span> <span class='ocrx_word' id='word_1_758' title='bbox 3379 3983 3790 4055; x_wconf 82' lang='lat' dir='ltr'><strong>dispensabunt?</strong></span> 
     </span>
    </p>
   </div>
   <div class='ocr_carea' id='block_1_104' title="bbox 2265 4069 3800 4149">
    <p class='ocr_par' dir='ltr' id='par_1_104' title="bbox 2265 4069 3800 4149">
     <span class='ocr_line' id='line_1_105' title="bbox 2265 4069 3800 4149; baseline 0.007 -27"><span class='ocrx_word' id='word_1_759' title='bbox 2265 4070 2318 4123; x_wconf 90' lang='lat'><strong>9.</strong></span> <span class='ocrx_word' id='word_1_760' title='bbox 2351 4069 2477 4126; x_wconf 85' lang='lat' dir='ltr'><strong>Fuit</strong></span> <span class='ocrx_word' id='word_1_761' title='bbox 2513 4071 2823 4140; x_wconf 90' lang='lat' dir='ltr'><strong>hujusmodi</strong></span> <span class='ocrx_word' id='word_1_762' title='bbox 2855 4074 3091 4144; x_wconf 73' lang='lat' dir='ltr'><strong>quzcstio</strong></span> <span class='ocrx_word' id='word_1_763' title='bbox 3126 4076 3464 4147; x_wconf 85' lang='lat' dir='ltr'><strong>temporibus</strong></span> <span class='ocrx_word' id='word_1_764' title='bbox 3492 4077 3800 4149; x_wconf 55' lang='lat' dir='ltr'><strong>superiorii</strong></span> 
     </span>
    </p>
   </div>
   <div class='ocr_carea' id='block_1_105' title="bbox 2198 4270 2711 4340">
    <p class='ocr_par' dir='ltr' id='par_1_105' title="bbox 2198 4270 2711 4340">
     <span class='ocr_line' id='line_1_106' title="bbox 2198 4270 2711 4340; baseline 0.006 -17"><span class='ocrx_word' id='word_1_765' title='bbox 2198 4270 2361 4326; x_wconf 88' lang='lat' dir='ltr'><strong>fuerit</strong></span> <span class='ocrx_word' id='word_1_766' title='bbox 2389 4274 2711 4340; x_wconf 88' lang='lat' dir='ltr'><strong>approbata.</strong></span> 
     </span>
    </p>
   </div>
   <div class='ocr_carea' id='block_1_106' title="bbox 2275 4342 3790 4423">
    <p class='ocr_par' dir='ltr' id='par_1_106' title="bbox 2275 4342 3790 4423">
     <span class='ocr_line' id='line_1_107' title="bbox 2275 4342 3790 4423; baseline 0.009 -26"><span class='ocrx_word' id='word_1_767' title='bbox 2275 4352 2296 4379; x_wconf 74' lang='grc' dir='ltr'>ο</span> <span class='ocrx_word' id='word_1_768' title='bbox 2321 4342 2378 4423; x_wconf 77' lang='grc' dir='ltr'><strong>ιιι</strong></span> <span class='ocrx_word' id='word_1_769' title='bbox 2404 4343 2668 4423; x_wconf 82' lang='lat' dir='ltr'><strong>Baronius</strong></span> <span class='ocrx_word' id='word_1_770' title='bbox 2689 4345 3181 4423; x_wconf 67' lang='lat' dir='ltr'><strong>conjicitevenisse</strong></span> <span class='ocrx_word' id='word_1_771' title='bbox 3206 4364 3351 4423; x_wconf 82' lang='lat' dir='ltr'><strong>anno</strong></span> <span class='ocrx_word' id='word_1_772' title='bbox 3372 4350 3499 4423; x_wconf 16' lang='lat'><strong>38,8,</strong></span> <span class='ocrx_word' id='word_1_773' title='bbox 3523 4367 3648 4408; x_wconf 89' lang='lat' dir='ltr'><strong>cum</strong></span> <span class='ocrx_word' id='word_1_774' title='bbox 3671 4366 3790 4423; x_wconf 87' lang='lat' dir='ltr'><strong>post</strong></span> 
     </span>
    </p>
   </div>
   <div class='ocr_carea' id='block_1_107' title="bbox 2201 4412 3787 4492">
    <p class='ocr_par' dir='ltr' id='par_1_107' title="bbox 2201 4412 3787 4492">
     <span class='ocr_line' id='line_1_108' title="bbox 2201 4412 3787 4492; baseline 0.008 -25"><span class='ocrx_word' id='word_1_775' title='bbox 2201 4412 2491 4492; x_wconf 75' lang='lat' dir='ltr'><strong>Maximum</strong></span> <span class='ocrx_word' id='word_1_776' title='bbox 2533 4412 2807 4470; x_wconf 85' lang='lat' dir='ltr'><strong>devictum</strong></span> <span class='ocrx_word' id='word_1_777' title='bbox 2827 4417 2998 4492; x_wconf 78' lang='lat' dir='ltr'><strong>rediit</strong></span> <span class='ocrx_word' id='word_1_778' title='bbox 3035 4419 3393 4492; x_wconf 75' lang='lat' dir='ltr'><strong>Mediolanum</strong></span> <span class='ocrx_word' id='word_1_779' title='bbox 3426 4412 3787 4492; x_wconf 76' lang='lat' dir='ltr'><strong>Theodosius,</strong></span> 
     </span>
    </p>
   </div>
   <div class='ocr_carea' id='block_1_108' title="bbox 2195 4485 3786 4564">
    <p class='ocr_par' dir='ltr' id='par_1_108' title="bbox 2195 4485 3786 4564">
     <span class='ocr_line' id='line_1_109' title="bbox 2195 4485 3786 4564; baseline 0.011 -28"><span class='ocrx_word' id='word_1_780' title='bbox 2195 4486 2262 4564; x_wconf 86' lang='lat' dir='ltr'><strong>ad</strong></span> <span class='ocrx_word' id='word_1_781' title='bbox 2292 4485 2633 4564; x_wconf 77' lang='lat' dir='ltr'><strong>ethnicorum</strong></span> <span class='ocrx_word' id='word_1_782' title='bbox 2661 4488 3195 4564; x_wconf 71' lang='lat' dir='ltr'><strong>postulatabenigne</strong></span> <span class='ocrx_word' id='word_1_783' title='bbox 3223 4493 3490 4564; x_wconf 85' lang='lat' dir='ltr'><strong>audienda</strong></span> <span class='ocrx_word' id='word_1_784' title='bbox 3520 4505 3643 4564; x_wconf 87' lang='lat' dir='ltr'><strong>post</strong></span> <span class='ocrx_word' id='word_1_785' title='bbox 3674 4485 3786 4552; x_wconf 47' lang='lat' dir='ltr'><strong>tan;</strong></span> 
     </span>
    </p>
   </div>
   <div class='ocr_carea' id='block_1_109' title="bbox 2195 4555 3787 4640">
    <p class='ocr_par' dir='ltr' id='par_1_109' title="bbox 2195 4555 3787 4640">
     <span class='ocr_line' id='line_1_110' title="bbox 2195 4555 3787 4640; baseline 0.011 -33"><span class='ocrx_word' id='word_1_786' title='bbox 2195 4563 2304 4609; x_wconf 90' lang='lat' dir='ltr'><strong>tam</strong></span> <span class='ocrx_word' id='word_1_787' title='bbox 2337 4555 2641 4622; x_wconf 84' lang='lat' dir='ltr'><strong>victoriam,</strong></span> <span class='ocrx_word' id='word_1_788' title='bbox 2665 4555 2743 4612; x_wconf 78' lang='grc' dir='ltr'><strong>ιιι</strong></span> <span class='ocrx_word' id='word_1_789' title='bbox 2782 4559 2883 4629; x_wconf 88' lang='lat' dir='ltr'><strong>ipsi</strong></span> <span class='ocrx_word' id='word_1_790' title='bbox 2911 4560 3011 4616; x_wconf 90' lang='lat' dir='ltr'><strong>sibi</strong></span> <span class='ocrx_word' id='word_1_791' title='bbox 3043 4555 3467 4631; x_wconf 73' lang='lat' dir='ltr'><strong>persuadebant,</strong></span> <span class='ocrx_word' id='word_1_792' title='bbox 3499 4555 3671 4637; x_wconf 83' lang='lat' dir='ltr'><strong>magis</strong></span> <span class='ocrx_word' id='word_1_793' title='bbox 3699 4585 3787 4640; x_wconf 90' lang='lat' dir='ltr'><strong>pa-</strong></span> 
     </span>
    </p>
   </div>
   <div class='ocr_carea' id='block_1_110' title="bbox 2197 4635 2364 4680">
    <p class='ocr_par' dir='ltr' id='par_1_110' title="bbox 2197 4635 2364 4680">
     <span class='ocr_line' id='line_1_111' title="bbox 2197 4635 2364 4680; baseline 0.006 -2"><span class='ocrx_word' id='word_1_794' title='bbox 2197 4635 2364 4680; x_wconf 83' lang='lat' dir='ltr'><strong>ratus.</strong></span> 
     </span>
    </p>
   </div>
   <div class='ocr_carea' id='block_1_111' title="bbox 2270 4697 3785 4775">
    <p class='ocr_par' dir='ltr' id='par_1_111' title="bbox 2270 4697 3785 4775">
     <span class='ocr_line' id='line_1_112' title="bbox 2270 4697 3785 4775; baseline 0.01 -25"><span class='ocrx_word' id='word_1_795' title='bbox 2270 4697 2288 4734; x_wconf 73' lang='lat' dir='ltr'><strong>f</strong></span> <span class='ocrx_word' id='word_1_796' title='bbox 2317 4697 2709 4775; x_wconf 69' lang='lat' dir='ltr'><strong>Theodosian</strong></span> <span class='ocrx_word' id='word_1_797' title='bbox 2749 4700 3030 4775; x_wconf 80' lang='lat' dir='ltr'><strong>orientem</strong></span> <span class='ocrx_word' id='word_1_798' title='bbox 3074 4719 3346 4775; x_wconf 88' lang='lat' dir='ltr'><strong>regresso,</strong></span> <span class='ocrx_word' id='word_1_799' title='bbox 3378 4721 3548 4763; x_wconf 86' lang='lat' dir='ltr'><strong>novos</strong></span> <span class='ocrx_word' id='word_1_800' title='bbox 3574 4709 3785 4766; x_wconf 89' lang='lat' dir='ltr'><strong>libellos</strong></span> 
     </span>
    </p>
   </div>
   <div class='ocr_carea' id='block_1_112' title="bbox 2192 4767 3785 4845">
    <p class='ocr_par' dir='ltr' id='par_1_112' title="bbox 2192 4767 3785 4845">
     <span class='ocr_line' id='line_1_113' title="bbox 2192 4767 3785 4845; baseline 0.009 -24"><span class='ocrx_word' id='word_1_801' title='bbox 2192 4767 2325 4845; x_wconf 77' lang='lat' dir='ltr'><strong>circ.</strong></span> <span class='ocrx_word' id='word_1_802' title='bbox 2358 4785 2448 4824; x_wconf 92' lang='lat' dir='ltr'><strong>an.</strong></span> <span class='ocrx_word' id='word_1_803' title='bbox 2478 4771 2585 4825; x_wconf 74' lang='grc'><strong>592</strong></span> <span class='ocrx_word' id='word_1_804' title='bbox 2613 4769 3007 4840; x_wconf 87' lang='lat' dir='ltr'><strong>Valentiniano,</strong></span> <span class='ocrx_word' id='word_1_805' title='bbox 3034 4767 3193 4845; x_wconf 71' lang='lat' dir='ltr'><strong>cujus</strong></span> <span class='ocrx_word' id='word_1_806' title='bbox 3213 4767 3639 4835; x_wconf 71' lang='lat' dir='ltr'><strong>adoiescentiam</strong></span> <span class='ocrx_word' id='word_1_807' title='bbox 3669 4791 3785 4836; x_wconf 85' lang='lat' dir='ltr'><strong>tan-</strong></span> 
     </span>
    </p>
   </div>
   <div class='ocr_carea' id='block_1_113' title="bbox 2191 4838 3786 4915">
    <p class='ocr_par' dir='ltr' id='par_1_113' title="bbox 2191 4838 3786 4915">
     <span class='ocr_line' id='line_1_114' title="bbox 2191 4838 3786 4915; baseline 0.011 -24"><span class='ocrx_word' id='word_1_808' title='bbox 2191 4838 2315 4892; x_wconf 90' lang='lat' dir='ltr'><strong>dem</strong></span> <span class='ocrx_word' id='word_1_809' title='bbox 2347 4851 2755 4915; x_wconf 79' lang='lat' dir='ltr'><strong>expugnaturos</strong></span> <span class='ocrx_word' id='word_1_810' title='bbox 2791 4857 2915 4899; x_wconf 88' lang='lat' dir='ltr'><strong>sese</strong></span> <span class='ocrx_word' id='word_1_811' title='bbox 2942 4838 3261 4913; x_wconf 79' lang='lat' dir='ltr'><strong>credebant,</strong></span> <span class='ocrx_word' id='word_1_812' title='bbox 3292 4850 3641 4915; x_wconf 89' lang='lat' dir='ltr'><strong>obtulerunt;</strong></span> <span class='ocrx_word' id='word_1_813' title='bbox 3691 4853 3786 4908; x_wconf 91' lang='lat' dir='ltr'><strong>sed</strong></span> 
     </span>
    </p>
   </div>
   <div class='ocr_carea' id='block_1_114' title="bbox 2187 4913 3788 4990">
    <p class='ocr_par' dir='ltr' id='par_1_114' title="bbox 2187 4913 3788 4990">
     <span class='ocr_line' id='line_1_115' title="bbox 2187 4913 3788 4990; baseline 0.009 -25"><span class='ocrx_word' id='word_1_814' title='bbox 2187 4923 2348 4990; x_wconf 75' lang='lat' dir='ltr'><strong>casso</strong></span> <span class='ocrx_word' id='word_1_815' title='bbox 2379 4922 2608 4990; x_wconf 76' lang='lat' dir='ltr'><strong>conatu,</strong></span> <span class='ocrx_word' id='word_1_816' title='bbox 2653 4923 2711 4967; x_wconf 90' lang='lat' dir='ltr'><strong>ut</strong></span> <span class='ocrx_word' id='word_1_817' title='bbox 2743 4913 2853 4980; x_wconf 89' lang='lat' dir='ltr'><strong>hic,</strong></span> <span class='ocrx_word' id='word_1_818' title='bbox 2893 4925 2948 4970; x_wconf 92' lang='lat' dir='ltr'><strong>et</strong></span> <span class='ocrx_word' id='word_1_819' title='bbox 2977 4916 3030 4990; x_wconf 85' lang='lat' dir='ltr'><strong>in</strong></span> <span class='ocrx_word' id='word_1_820' title='bbox 3058 4919 3303 4990; x_wconf 82' lang='lat' dir='ltr'><strong>ejusdem</strong></span> <span class='ocrx_word' id='word_1_821' title='bbox 3337 4913 3680 4990; x_wconf 25' lang='lat' dir='ltr'><strong>imperator—is</strong></span> <span class='ocrx_word' id='word_1_822' title='bbox 3708 4923 3788 4978; x_wconf 90' lang='lat' dir='ltr'><strong>fu-</strong></span> 
     </span>
    </p>
   </div>
   <div class='ocr_carea' id='block_1_115' title="bbox 2191 4981 3784 5064">
    <p class='ocr_par' dir='ltr' id='par_1_115' title="bbox 2191 4981 3784 5064">
     <span class='ocr_line' id='line_1_116' title="bbox 2191 4981 3784 5064; baseline 0.011 -31"><span class='ocrx_word' id='word_1_823' title='bbox 2191 4981 2346 5062; x_wconf 76' lang='lat' dir='ltr'><strong>nebri</strong></span> <span class='ocrx_word' id='word_1_824' title='bbox 2377 4981 2687 5064; x_wconf 67' lang='lat' dir='ltr'><strong>laudatione</strong></span> <span class='ocrx_word' id='word_1_825' title='bbox 2717 4993 2947 5064; x_wconf 76' lang='lat' dir='ltr'><strong>testatur</strong></span> <span class='ocrx_word' id='word_1_826' title='bbox 2973 4981 3346 5064; x_wconf 70' lang='lat' dir='ltr'><strong>Ambrosius._</strong></span> <span class='ocrx_word' id='word_1_827' title='bbox 3372 4981 3439 5046; x_wconf 63' lang='lat' dir='ltr'><strong>E&#39;t</strong></span> <span class='ocrx_word' id='word_1_828' title='bbox 3466 4992 3594 5049; x_wconf 91' lang='lat' dir='ltr'><strong>hinc</strong></span> <span class='ocrx_word' id='word_1_829' title='bbox 3622 5010 3784 5064; x_wconf 85' lang='lat' dir='ltr'><strong>agno-</strong></span> 
     </span>
    </p>
   </div>
   <div class='ocr_carea' id='block_1_116' title="bbox 2189 5052 3782 5128">
    <p class='ocr_par' dir='ltr' id='par_1_116' title="bbox 2189 5052 3782 5128">
     <span class='ocr_line' id='line_1_117' title="bbox 2189 5052 3782 5128; baseline 0.01 -22"><span class='ocrx_word' id='word_1_830' title='bbox 2189 5052 2392 5128; x_wconf 72' lang='lat' dir='ltr'><strong>scimus</strong></span> <span class='ocrx_word' id='word_1_831' title='bbox 2409 5053 2812 5128; x_wconf 89' lang='lat' dir='ltr'><strong>diversissimos</strong></span> <span class='ocrx_word' id='word_1_832' title='bbox 2832 5056 3001 5128; x_wconf 83' lang='lat' dir='ltr'><strong>hosce</strong></span> <span class='ocrx_word' id='word_1_833' title='bbox 3023 5058 3236 5114; x_wconf 86' lang='lat' dir='ltr'><strong>libellos</strong></span> <span class='ocrx_word' id='word_1_834' title='bbox 3260 5077 3290 5116; x_wconf 78' lang='grc' dir='ltr'><strong>ιι</strong></span> <span class='ocrx_word' id='word_1_835' title='bbox 3322 5061 3548 5118; x_wconf 89' lang='lat' dir='ltr'><strong>Paulino</strong></span> <span class='ocrx_word' id='word_1_836' title='bbox 3571 5065 3625 5120; x_wconf 91' lang='lat' dir='ltr'><strong>in</strong></span> <span class='ocrx_word' id='word_1_837' title='bbox 3651 5052 3782 5121; x_wconf 77' lang='grc' dir='ltr'>Ᾰιιι·</span> 
     </span>
    </p>
   </div>
   <div class='ocr_carea' id='block_1_117' title="bbox 2191 5122 2994 5186">
    <p class='ocr_par' dir='ltr' id='par_1_117' title="bbox 2191 5122 2994 5186">
     <span class='ocr_line' id='line_1_118' title="bbox 2191 5122 2994 5186; baseline 0.009 -8"><span class='ocrx_word' id='word_1_838' title='bbox 2191 5122 2358 5178; x_wconf 92' lang='lat' dir='ltr'><strong>brosii</strong></span> <span class='ocrx_word' id='word_1_839' title='bbox 2399 5125 2507 5180; x_wconf 91' lang='lat' dir='ltr'><strong>vita</strong></span> <span class='ocrx_word' id='word_1_840' title='bbox 2544 5130 2685 5183; x_wconf 89' lang='lat' dir='ltr'><strong>male</strong></span> <span class='ocrx_word' id='word_1_841' title='bbox 2715 5125 2994 5186; x_wconf 89' lang='lat' dir='ltr'><strong>confundi.</strong></span> 
     </span>
    </p>
   </div>
   <div class='ocr_carea' id='block_1_118' title="bbox 2261 5195 3782 5274">
    <p class='ocr_par' dir='ltr' id='par_1_118' title="bbox 2261 5195 3782 5274">
     <span class='ocr_line' id='line_1_119' title="bbox 2261 5195 3782 5274; baseline 0.009 -25"><span class='ocrx_word' id='word_1_842' title='bbox 2261 5205 2286 5241; x_wconf 73' lang='grc' dir='ltr'>ε</span> <span class='ocrx_word' id='word_1_843' title='bbox 2311 5195 2553 5274; x_wconf 84' lang='lat' dir='ltr'><strong>Flaviani</strong></span> <span class='ocrx_word' id='word_1_844' title='bbox 2580 5208 2746 5274; x_wconf 82' lang='lat' dir='ltr'><strong>atque</strong></span> <span class='ocrx_word' id='word_1_845' title='bbox 2772 5199 3088 5274; x_wconf 37' lang='lat' dir='ltr'><strong>Arbogastis</strong></span> <span class='ocrx_word' id='word_1_846' title='bbox 3129 5204 3388 5259; x_wconf 89' lang='lat' dir='ltr'><strong>comitum</strong></span> <span class='ocrx_word' id='word_1_847' title='bbox 3422 5206 3676 5274; x_wconf 89' lang='lat' dir='ltr'><strong>precibus</strong></span> <span class='ocrx_word' id='word_1_848' title='bbox 3704 5216 3782 5262; x_wconf 89' lang='lat' dir='ltr'><strong>at-</strong></span> 
     </span>
    </p>
   </div>
   <div class='ocr_carea' id='block_1_119' title="bbox 2187 5270 3780 5350">
    <p class='ocr_par' dir='ltr' id='par_1_119' title="bbox 2187 5270 3780 5350">
     <span class='ocr_line' id='line_1_120' title="bbox 2187 5270 3780 5350; baseline 0.008 -31"><span class='ocrx_word' id='word_1_849' title='bbox 2187 5281 2293 5350; x_wconf 68' lang='lat' dir='ltr'><strong>que</strong></span> <span class='ocrx_word' id='word_1_850' title='bbox 2323 5270 2748 5350; x_wconf 53' lang='lat' dir='ltr'><strong>auctoritatinab</strong></span> <span class='ocrx_word' id='word_1_851' title='bbox 2786 5271 3030 5340; x_wconf 84' lang='lat' dir='ltr'><strong>Eugenio</strong></span> <span class='ocrx_word' id='word_1_852' title='bbox 3054 5288 3316 5329; x_wconf 82' lang='lat' dir='ltr'><strong>concessa</strong></span> <span class='ocrx_word' id='word_1_853' title='bbox 3348 5270 3472 5332; x_wconf 80' lang='lat' dir='ltr'><strong>esse</strong></span> <span class='ocrx_word' id='word_1_854' title='bbox 3491 5278 3780 5350; x_wconf 79' lang='lat' dir='ltr'><strong>privilegia</strong></span> 
     </span>
    </p>
   </div>
   <div class='ocr_carea' id='block_1_120' title="bbox 2188 5337 2804 5396">
    <p class='ocr_par' dir='ltr' id='par_1_120' title="bbox 2188 5337 2804 5396">
     <span class='ocr_line' id='line_1_121' title="bbox 2188 5337 2804 5396; baseline 0.006 -6"><span class='ocrx_word' id='word_1_855' title='bbox 2188 5337 2276 5390; x_wconf 89' lang='lat' dir='ltr'><strong>illa</strong></span> <span class='ocrx_word' id='word_1_856' title='bbox 2305 5339 2497 5393; x_wconf 90' lang='lat' dir='ltr'><strong>scribit</strong></span> <span class='ocrx_word' id='word_1_857' title='bbox 2525 5340 2804 5396; x_wconf 88' lang='lat' dir='ltr'><strong>Paulinus.</strong></span> 
     </span>
    </p>
   </div>
   <div class='ocr_carea' id='block_1_121' title="bbox 2258 5407 3777 5478">
    <p class='ocr_par' dir='ltr' id='par_1_121' title="bbox 2258 5407 3777 5478">
     <span class='ocr_line' id='line_1_122' title="bbox 2258 5407 3777 5478; baseline 0.009 -18"><span class='ocrx_word' id='word_1_858' title='bbox 2258 5410 2287 5450; x_wconf 79' lang='lat' dir='ltr'><strong>h</strong></span> <span class='ocrx_word' id='word_1_859' title='bbox 2328 5407 2460 5478; x_wconf 82' lang='lat' dir='ltr'><strong>Reg.</strong></span> <span class='ocrx_word' id='word_1_860' title='bbox 2494 5411 2644 5476; x_wconf 91' lang='lat' dir='ltr'><strong>cod.,</strong></span> <span class='ocrx_word' id='word_1_861' title='bbox 2682 5414 2836 5466; x_wconf 77' lang='lat' dir='ltr'><strong>vultis</strong></span> <span class='ocrx_word' id='word_1_862' title='bbox 2862 5415 3066 5470; x_wconf 81' lang='lat' dir='ltr'><strong>celare?</strong></span> <span class='ocrx_word' id='word_1_863' title='bbox 3098 5416 3217 5470; x_wconf 82' lang='lat' dir='ltr'><strong>Non</strong></span> <span class='ocrx_word' id='word_1_864' title='bbox 3246 5419 3433 5472; x_wconf 82' lang='lat' dir='ltr'><strong>cecidit</strong></span> <span class='ocrx_word' id='word_1_865' title='bbox 3463 5421 3517 5472; x_wconf 83' lang='lat' dir='ltr'><strong>in</strong></span> <span class='ocrx_word' id='word_1_866' title='bbox 3552 5421 3777 5475; x_wconf 79' lang='lat' dir='ltr'><strong>animum</strong></span> 
     </span>
    </p>
   </div>
   <div class='ocr_carea' id='block_1_122' title="bbox 2186 5481 3775 5556">
    <p class='ocr_par' dir='ltr' id='par_1_122' title="bbox 2186 5481 3775 5556">
     <span class='ocr_line' id='line_1_123' title="bbox 2186 5481 3775 5556; baseline 0.009 -25"><span class='ocrx_word' id='word_1_867' title='bbox 2186 5488 2333 5556; x_wconf 74' lang='lat' dir='ltr'><strong>tuum</strong></span> <span class='ocrx_word' id='word_1_868' title='bbox 2360 5481 2757 5556; x_wconf 35' lang='lat' dir='ltr'><strong>qitidquaniasi</strong></span> <span class='ocrx_word' id='word_1_869' title='bbox 2795 5483 2875 5539; x_wconf 83' lang='lat' dir='ltr'><strong>illi</strong></span> <span class='ocrx_word' id='word_1_870' title='bbox 2915 5486 3152 5556; x_wconf 83' lang='lat' dir='ltr'><strong>agebant,</strong></span> <span class='ocrx_word' id='word_1_871' title='bbox 3193 5501 3300 5543; x_wconf 86' lang='lat' dir='ltr'><strong>etc.</strong></span> <span class='ocrx_word' id='word_1_872' title='bbox 3334 5489 3441 5544; x_wconf 91' lang='lat' dir='ltr'><strong>Sed</strong></span> <span class='ocrx_word' id='word_1_873' title='bbox 3472 5489 3577 5546; x_wconf 91' lang='lat' dir='ltr'><strong>hoc</strong></span> <span class='ocrx_word' id='word_1_874' title='bbox 3617 5493 3775 5547; x_wconf 89' lang='lat' dir='ltr'><strong>etiam</strong></span> 
     </span>
    </p>
   </div>
   <div class='ocr_carea' id='block_1_123' title="bbox 2186 5551 3777 5631">
    <p class='ocr_par' dir='ltr' id='par_1_123' title="bbox 2186 5551 3777 5631">
     <span class='ocr_line' id='line_1_124' title="bbox 2186 5551 3777 5631; baseline 0.008 -27"><span class='ocrx_word' id='word_1_875' title='bbox 2186 5551 2522 5631; x_wconf 61' lang='lat' dir='ltr'><strong>inodoidem</strong></span> <span class='ocrx_word' id='word_1_876' title='bbox 2556 5552 2824 5631; x_wconf 69' lang='lat' dir='ltr'><strong>lliC_!OC|I3&#39;_i</strong></span> <span class='ocrx_word' id='word_1_877' title='bbox 2854 5571 2885 5611; x_wconf 90' lang='lat' dir='ltr'><strong>a</strong></span> <span class='ocrx_word' id='word_1_878' title='bbox 2927 5551 3154 5631; x_wconf 78' lang='lat' dir='ltr'><strong>Paulino</strong></span> <span class='ocrx_word' id='word_1_879' title='bbox 3192 5559 3450 5626; x_wconf 86' lang='lat' dir='ltr'><strong>refertur,</strong></span> <span class='ocrx_word' id='word_1_880' title='bbox 3479 5576 3510 5614; x_wconf 90' lang='lat' dir='ltr'><strong>a</strong></span> <span class='ocrx_word' id='word_1_881' title='bbox 3539 5578 3650 5631; x_wconf 91' lang='lat' dir='ltr'><strong>quo</strong></span> <span class='ocrx_word' id='word_1_882' title='bbox 3675 5563 3777 5618; x_wconf 85' lang='lat' dir='ltr'><strong>alia</strong></span> 
     </span>
    </p>
   </div>
   <div class='ocr_carea' id='block_1_124' title="bbox 2185 5621 3775 5747">
    <p class='ocr_par' dir='ltr' id='par_1_124' title="bbox 2185 5621 3775 5747">
     <span class='ocr_line' id='line_1_125' title="bbox 2185 5621 3775 5745; baseline 0.01 -72"><span class='ocrx_word' id='word_1_883' title='bbox 2185 5621 2436 5745; x_wconf 52' lang='lat' dir='ltr'><strong>similiter</strong></span> <span class='ocrx_word' id='word_1_884' title='bbox 2467 5626 2722 5680; x_wconf 84' lang='lat' dir='ltr'><strong>nonnulla</strong></span> <span class='ocrx_word' id='word_1_885' title='bbox 2755 5627 2823 5681; x_wconf 88' lang='lat' dir='ltr'><strong>ad</strong></span> <span class='ocrx_word' id='word_1_886' title='bbox 2879 5628 3105 5685; x_wconf 88' lang='lat' dir='ltr'><strong>verbum</strong></span> <span class='ocrx_word' id='word_1_887' title='bbox 3151 5645 3218 5684; x_wconf 85' lang='lat' dir='ltr'><strong>ex</strong></span> <span class='ocrx_word' id='word_1_888' title='bbox 3259 5632 3362 5687; x_wconf 87' lang='lat' dir='ltr'><strong>hac</strong></span> <span class='ocrx_word' id='word_1_889' title='bbox 3406 5621 3638 5701; x_wconf 78' lang='lat' dir='ltr'><strong>epistola</strong></span> <span class='ocrx_word' id='word_1_890' title='bbox 3685 5633 3775 5688; x_wconf 82' lang='lat' dir='ltr'><strong>de-</strong></span> 
     </span>
     <span class='ocr_line' id='line_1_126' title="bbox 2185 5703 2556 5747; baseline 0 0"><span class='ocrx_word' id='word_1_891' title='bbox 2185 5705 2328 5747; x_wconf 86' lang='lat' dir='ltr'><strong>scrm</strong></span> <span class='ocrx_word' id='word_1_892' title='bbox 2359 5707 2386 5747; x_wconf 90' lang='lat' dir='ltr'><strong>a</strong></span> <span class='ocrx_word' id='word_1_893' title='bbox 2411 5703 2556 5747; x_wconf 89' lang='lat' dir='ltr'><strong>sunt.</strong></span> 
     </span>
    </p>
   </div>
   <div class='ocr_carea' id='block_1_125' title="bbox 2183 5705 2556 5760">
    <p class='ocr_par' dir='ltr' id='par_1_125' title="bbox 2183 5705 2556 5760">
     <span class='ocr_line' id='line_1_127' title="bbox 2183 5705 2556 5760; baseline -0.003 -13"><span class='ocrx_word' id='word_1_894' title='bbox 2183 5705 2386 5760; x_wconf 82' lang='lat' dir='ltr'><strong>scripta</strong></span> <span class='ocrx_word' id='word_1_895' title='bbox 2411 5705 2556 5748; x_wconf 89' lang='lat' dir='ltr'><strong>sunt.</strong></span> 
     </span>
    </p>
   </div>
  </div>
