4076 6172
229 257 369 317 1177

1437 257 1927 318 EPISTULARUM
1965 261 2245 320 CLASSIS
2285 263 2327 320 I.

3386 261 3526 321 II78

227 377 362 440 bus;
387 383 443 430 et
469 382 649 431 tamen
677 373 800 429 ﬁdei
831 385 1041 443 patrum
1072 376 1187 446 ipsa
1213 376 1381 431 cessit
1409 377 1744 445 persecutio.
1774 386 1829 432 et
1855 381 1904 439 Α
1934 379 2094 450 nique
2110 380 2424 450 reposcenti
2448 379 2679 445 litteras,
2704 396 2828 438 cum
2855 381 2972 451 ipse
2999 395 3106 437 non
3137 380 3524 446 rescriberem,

225 469 504 540 gentilitas
530 467 746 522 detulit.
781 466 912 521 Nam
944 465 1011 537 (Il
1041 465 1216 520 Much.
1251 483 1324 532 tv,
1362 469 1427 524 I8
1457 477 1503 522 et
1540 467 1676 539 seq.)
1701 482 1823 523 cum

226 571 480 634 ageretur
511 571 536 597 ⁸
566 577 704 629 agon
745 560 1166 631 quinquennalis
1206 561 1261 616 in
1305 561 1531 617 civitate
1561 561 1730 633 Tyro,
1772 572 1827 617 et

227 653 296 709 ad
328 652 689 724 spectandum
709 653 967 730 .venisset
1005 653 1288 709 Antochite
1327 670 1417 709 rex
1464 655 1824 710 sceleratissi-

227 763 370 813 mus,
401 746 568 802 Jasou
616 746 642 784 ιι
680 747 954 802 ordinavit
984 761 1267 802 sacrorum
1314 757 1724 818 procuratores,
1768 757 1826 803 ut

226 840 297 894 ab
347 839 739 910 Hierosolymis
785 839 1186 896 Antiochenses
1234 841 1443 896 ferrent
1493 842 1703 913 1012
1743 841 1826 896 di-

226 931 518 986 drachmas
544 931 756 1002 argenti
781 939 1074 998 trecentas,
1101 940 1157 988 et
1183 932 1300 987 illas
1335 931 1529 988 darent
1557 934 1624 987 ad
1651 935 1820 990 sacri-

229 1025 408 1080 ﬁcium
440 1025 726 1080 llerculis:
759 1041 949 1081 verum
978 1036 1165 1098 patres
1194 1041 1304 1082 non
1336 1019 1632 1098 ge‘ntilibns
1659 1028 1826 1084 dede-

228 1125 352 1171 runt
386 1116 661 1188 pecunias,
683 1117 790 1172 sed
829 1118 954 1173 viris
982 1118 1232 1174 ﬁdelibus
1261 1119 1464 1186 missis,
1502 1132 1522 1159 ε
1554 1130 1823 1191 protesta-

228 1219 356 1262 runt
402 1223 509 1263 non
540 1211 757 1281 erogari
786 1209 854 1265 ad
893 1210 1122 1266 deorum
1161 1213 1514 1280 sacriﬁcium,
1547 1213 1671 1284 quia
1713 1229 1821 1270 non

227 1302 580 1372 congruebat,
604 1304 699 1359 sed
723 1305 776 1358 in
802 1305 938 1360 alios
962 1315 1212 1375 sumptus
1238 1307 1374 1362 dari.
1409 1308 1476 1361 Et
1503 1309 1824 1378 pronuntia—

229 1407 342 1453 tum
385 1408 489 1464 est,
520 1399 645 1467 quia
684 1398 779 1454 ille
806 1399 888 1470 ad
925 1399 1252 1455 sacriﬁcium
1297 1401 1544 1456 Herculis
1591 1402 1820 1457 missum

225 1488 439 1542 dixerat
461 1499 764 1559 argentum,
787 1490 994 1560 suscipi
1016 1491 1235 1560 quidem
1260 1491 1465 1547 debere
1497 1493 1547 1546 in
1576 1492 1653 1557 id,
1674 1492 1819 1562 quod

225 1591 346 1636 erat
375 1582 600 1634 missum
632 1599 647 1636 :
679 1582 774 1636 sed
805 1584 931 1652 quia
964 1582 1062 1648 illi,
1096 1583 1187 1653 qui
1229 1583 1561 1649 detulerant,
1597 1585 1820 1640 resiste-

229 1675 363 1730 bant
394 1691 493 1745 pro
515 1676 696 1731 studio
725 1686 781 1732 et
818 1678 965 1732 cultu
991 1692 1117 1743 suo;
1143 1687 1200 1732 ut
1232 1693 1338 1733 non
1362 1680 1630 1734 sacriﬁcio
1658 1679 1820 1750 proﬁ-

224 1779 438 1836 ccrent,
473 1771 568 1825 sed
610 1770 731 1826 aliis
771 1771 1211 1838 necessitatibus,
1255 1773 1470 1826 traditae
1499 1779 1628 1828 sunt
1659 1787 1822 1842 pecu-

225 1863 332 1917 nia:
380 1861 450 1916 ad
489 1864 953 1919 constructionem
1005 1865 1219 1921 navium
1255 1882 1268 1919 :
1302 1867 1401 1919 etsi
1445 1865 1622 1920 coacti
1660 1867 1820 1922 mise-

225 1967 371 2025 runt,
391 1955 416 1994 ἀ
446 1973 557 2013 non
588 1968 768 2014 tamen
794 1957 860 2013 ad
889 1957 1239 2026 sacriﬁcium,
1266 1958 1359 2014 sed
1384 1959 1450 2013 ad
1476 1959 1612 2012 alios
1638 1973 1827 2029 sump.

227 2061 312 2107 tus
342 2053 676 2122 reipublicae.

295 2145 382 2201 10.
409 2145 655 2216 Denique
681 2156 704 2183 θ
727 2147 818 2216 qui
845 2146 1167 2211 attulerant,
1195 2147 1380 2216 utique
1407 2149 1719 2216 potuissent
1743 2156 1822 2202 ta-

220 2253 348 2296 cere
375 2257 387 2292 :
419 2237 516 2294 sed
548 2238 818 2293 laedebant
850 2238 1033 2305 ﬁdem,
1070 2238 1196 2308 quia
1225 2238 1470 2293 sciebant
1503 2253 1610 2309 quo
1642 2238 1822 2294 deter-

221 2342 442 2398 rentur;
483 2341 538 2387 et
587 2331 713 2387 ideo
740 2332 1004 2388 miserunt
1035 2333 1179 2386 viros
1213 2333 1466 2386 timentes
1502 2332 1698 2398 Deum,
1728 2334 1820 2402 qui

219 2433 470 2496 agerent,
503 2434 560 2479 ut
604 2441 711 2479 non
747 2425 974 2495 templo,
1019 2425 1115 2479 sed
1163 2425 1227 2479 ad
1275 2425 1548 2494 impensas
1578 2427 1818 2492 navium,

219 2533 341 2587 quae
371 2517 533 2572 missa
577 2515 815 2582 fuerant,
850 2517 1266 2588 deputarentur.
1300 2518 1438 2587 Ipsis
1471 2518 1618 2573 enim
1646 2519 1822 2574 credi-

219 2610 422 2665 derunt
455 2611 738 2679 pecunias,
770 2611 860 2681 qui
899 2625 1096 2666 causas
1139 2619 1363 2680 agerent
1393 2621 1594 2666 sanctae
1637 2613 1770 2682 legis
1805 2629 1819 2665 :

217 2701 381 2774 judex
415 2718 598 2758 rerum
631 2703 858 2760 effectus
881 2703 1003 2767 fuit,
1029 2704 1120 2774 qui
1144 2704 1375 2758 absolvit
1402 2705 1817 2760 conscientiam.

220 2796 277 2852 Si
302 2795 462 2867 positi
494 2796 548 2850 in
587 2796 765 2851 aliena
804 2805 1097 2867 potestate,
1134 2797 1214 2852 sic
1246 2796 1652 2866 praecavebant,
1694 2797 1821 2868 quid

222 2895 274 2942 te
303 2887 611 2957 oportuerit
639 2886 848 2953 facere,
890 2903 922 2941 o
953 2887 1282 2957 Imperator,
1317 2887 1554 2942 dubitari
1588 2904 1694 2942 non
1728 2904 1824 2957 po-

222 2989 344 3036 test.
369 2979 449 3035 Tu
490 2980 677 3050 utique
703 2995 864 3050 quem
907 2995 1069 3036 nemo
1100 2979 1351 3050 cogebat,
1381 2993 1542 3035 nemo
1587 2979 1823 3036 habebat

223 3072 277 3127 in
311 3082 601 3142 potestate,
634 3071 870 3127 debuisti
900 3073 966 3125 ab
992 3072 1281 3130 sacerdote
1311 3071 1620 3130 consulere.

1927 471 2038 527 disi
2073 489 2086 528 :
2118 471 2246 526 Haec
2285 486 2448 527 causa
2481 481 2584 539 est,
2631 473 2775 544 quod
2808 473 3247 544 extorquendum
3297 473 3345 528 ei
3384 471 3529 527 arbi-

1929 575 2063 621 II‘OI‘.

2000 655 2088 711 12.
2118 656 2324 712 Tamen
2353 656 2442 712 ubi
2484 641 2648 715 causa
2688 659 2912 715 emersit
2946 658 3110 714 ofﬁcii
3145 659 3274 724 mei,
3301 672 3400 728 pro
3434 657 3518 713 his

1925 748 2016 818 qui
2047 749 2468 804 sollicitudinem
2492 751 2574 804 sui
2603 751 2886 820 gerebant,
2913 759 2967 806 et
2994 751 3189 822 scripsi
3219 758 3274 806 et
3300 750 3485 822 rogavi
3509 766 3523 816 ;

1927 850 1986 894 ut
2015 840 2358 896 ostenderem
2403 842 2456 896 in
2487 841 2669 897 causis
2708 841 2804 898 Dei
2837 843 3089 898 timorem
3137 842 3271 897 mihi
3309 841 3521 912 justum

1926 933 2127 998 inesse,
2157 949 2258 988 nec
2289 933 2458 1003 pluris
2482 949 2570 990 me
2593 934 2772 990 facere
2802 935 3196 999 adulationem,
3216 949 3380 1005 quam
3405 935 3524 990 aui-

1926 1039 2070 1078 mam
2098 1039 2275 1080 meam
2302 1042 2314 1077 :
2342 1025 2394 1080 in
2427 1024 2512 1080 his
2531 1041 2686 1090 vero,
2717 1027 2768 1080 in
2799 1026 2993 1096 quibus
3017 1041 3116 1081 vos
3142 1027 3319 1098 rogari
3343 1026 3523 1093 decet,

1925 1117 2088 1172 etiam
2109 1133 2194 1173 me
2215 1118 2482 1175 exhibere
2493 1119 2838 1176 sedulitatem
2865 1122 3118 1190 potestati
3140 1120 3404 1187 debitam,
3419 1121 3524 1175 sic-

1928 1218 1984 1263 ut
2012 1216 2067 1263 et
2095 1209 2356 1278 scriptum
2388 1221 2473 1265 est
2507 1228 2519 1264 :
2553 1210 2648 1265 Cui
2681 1210 2949 1277 honorem,
2973 1211 3219 1267 honorem
3251 1230 3268 1268 :
3305 1215 3391 1267 cui
3432 1215 3540 1289 tri--

1926 1303 2126 1364 butum,
2157 1301 2402 1355 tributum
2425 1302 2605 1371 (Rom.
2632 1318 2746 1368 sm,
2772 1304 2846 1373 7).
2874 1303 3010 1359 Nam
3031 1319 3156 1360 cum
3183 1305 3402 1375 privato
3429 1304 3526 1360 dc-

1927 1394 2140 1472 tuIeript
2171 1395 2339 1450 corde
2368 1394 2582 1462 intimo,
2613 1397 2887 1466 quomodo
2910 1413 3017 1452 non
3042 1397 3320 1454 deferrem
3354 1398 3525 1469 impe-

1927 1486 2126 1543 ratori?
2174 1488 2280 1544 Sed
2319 1491 2410 1560 qui
2466 1492 2620 1546 vobis
2668 1491 2870 1547 deferri
2920 1493 3111 1558 vultis,
3161 1493 3410 1564 patimini
3468 1502 3527 1548 ut

1924 1581 2234 1637 deferamus
2285 1583 2358 1646 ei,
2407 1597 2566 1652 quem
2615 1585 2828 1654 imperii
2859 1587 3024 1640 vestri
3054 1587 3220 1641 vultis
3246 1598 3528 1642 auctorem

1926 1677 2166 1747 probari.

2293 1774 2503 1844 1013
2535 1771 2552 1810 τ
2588 1772 2931 1828 EPISTULA
2963 1773 3150 1830 LVIII.

1931 1863 2152 1922 Panum
2177 1877 2223 1920 et
2246 1866 2534 1922 Tnsnasu:
2557 1862 3008 1936 post'distributas
3030 1868 3203 1939 egenis
3216 1884 3340 1924 suas
3361 1871 3531 1941 facul-

1997 1968 2128 2012 tates
2173 1975 2427 2014 εεοεεειιηι
2449 1971 2661 2025 narrat,
2694 1977 2786 2015 nec
2818 1976 2918 2014 non
2947 1964 3152 2030 futuras
3180 1961 3243 2015 οὺ
3271 1977 3382 2015 eam
3405 1978 3531 2016 cau-

1997 2067 2106 2103 sam
2146 2067 2469 2121 paganorum
2498 2051 2910 2118 criminationes,
2949 2069 3173 2122 quorum
3200 2055 3532 2124 superstitio-

1997 2159 2112 2196 nem
2159 2159 2218 2196 ac
2259 2145 2538 2197 cwcitatcm
2580 2144 2738 2214 luget.
2786 2142 2922 2198 Tum
2968 2144 3100 2198 nihil
3141 2162 3237 2214 pro
3281 2146 3535 2216 religione

1996 2243 2144 2303 turpe
2182 2232 2480 2286 ducendum
2508 2233 2761 2304 exemplis
2789 2234 3031 2304 probans,
3067 2237 3394 2291 saltationem
3420 2236 3531 2290 Da-

1995 2326 2150 2389 vidis,
2189 2324 2417 2394 Elimque
2465 2325 2754 2379 nuditatem
2795 2326 3009 2396 mystice
3044 2326 3298 2395 explicat,
3343 2337 3395 2382 et
3438 2329 3530 2380 de-

1998 2418 2183 2486 fendit.

2283 2510 2588 2566 Ausnosms
2633 2511 2830 2566 SABINO
2880 2512 3162 2582 cpisc0po.

2001 2603 2045 2654 I.
2071 2600 2355 2655 Paulinum
2382 2601 2673 2670 splendore
2696 2603 2914 2672 generis
2945 2603 2998 2656 in
3029 2603 3276 2672 partibus
3302 2613 3326 2650 8
3353 2603 3528 2674 Aqui-

1926 2693 2087 2747 tanizc
2109 2692 2242 2746 nulli
2269 2692 2592 2759 secundum,
2611 2695 2852 2749 venditis
2873 2694 3229 2750 facultatibus
3259 2705 3366 2750 tam
3391 2696 3525 2762 suis,

1923 2799 2083 2855 quam
2126 2784 2290 2839 etiam
2323 2785 2722 2855 conjugalibus,
2771 2788 2824 2840 in
2861 2787 2958 2842 hos
2985 2801 3107 2842 sese
3141 2786 3385 2842 induisse
3413 2787 3531 2842 cul-

1926 2887 2011 2933 tus
2040 2878 2106 2934 ad
2148 2878 2309 2934 ﬁdem
2342 2881 2624 2950 comperi;
2659 2891 2716 2936 ut
2747 2896 2807 2936 ea
2846 2882 2898 2935 in
2943 2896 3212 2952 pauperes
3251 2882 3528 2951 conferat,

1923 2986 2046 3043 qua:
2077 2970 2287 3042 redegit
2321 2973 2372 3026 in
2407 2973 2695 3041 pecuniam
2731 2991 2742 3026 :
2777 2985 2830 3028 et
2863 2975 2980 3044 ipse
3023 2990 3231 3045 pauper
3257 2990 3326 3030 ex
3355 2975 3530 3031 divite

1926 3065 2122 3132 lactus,
2164 3075 2440 3135 tamquam
2493 3065 2823 3121 dconeratus
2852 3068 3002 3136 gravi
3048 3068 3283 3132 sarcina,
3318 3066 3527 3134 domui,

293 3167 381 3221 Il.
433 3167 544 3235 Ego
588 3175 738 3221 certe
769 3165 984 3236 quando
1014 3177 1141 3222 tunc
1169 3167 1368 3232 restiti,
1410 3168 1512 3222 etsi
1553 3167 1705 3222 solus
1735 3183 1821 3223 re—
1848 3163 1894 3226 C
1927 3161 2140 3229 patrim,
2171 3160 2480 3230 cognationi
2512 3175 2733 3232 quoque
2760 3161 3048 3228 valedicat,
3087 3177 3194 3231 quo
3226 3162 3532 3231 impensius

221 3260 361 3326 Stiti,
384 3269 564 3315 tamen
599 3274 705 3314 non
727 3260 877 3315 solus
901 3259 1069 3324 volui,
1101 3275 1200 3314 nec
1227 3260 1378 3314 solus
1407 3259 1459 3313 id
1485 3262 1653 3314 suasi.
1674 3259 1821 3327 Quo-

223 3352 367 3408 niam
392 3353 554 3422 igitur
585 3354 720 3408 meis
747 3353 970 3407 vocibus
1001 3361 1054 3406 et
1079 3351 1220 3421 apud
1253 3352 1418 3407 Deum
1450 3362 1504 3407 et
1528 3351 1668 3421 apud
1699 3369 1819 3406 om-

223 3460 320 3501 nes
344 3443 590 3499 homines
618 3455 842 3509 teneor;
867 3445 1013 3498 aliud
1053 3442 1184 3498 mihi
1216 3459 1323 3497 non
1355 3443 1522 3499 licere
1554 3443 1819 3509 intellexi,

221 3536 370 3592 aliud
399 3552 504 3591 non
546 3545 827 3606 oportere,
860 3536 965 3590 nisi
1000 3545 1059 3590 ut
1097 3535 1443 3590 consulerem
1491 3534 1655 3603 mihi;
1699 3536 1821 3606 quia

224 3647 330 3686 non
357 3629 509 3700 potui
538 3629 636 3686 tibi
665 3628 893 3684 credere
917 3627 1362 3684 modeste.Certe
1385 3626 1477 3682 diu
1502 3628 1701 3698 pressi,
1730 3627 1824 3682 diu

225 3722 336 3777 tesi
386 3721 662 3784 dolorem,
694 3721 829 3774 nulli
861 3719 1154 3789 quidquam
1195 3718 1555 3774 intimandum
1600 3720 1820 3789 putavi;

223 3813 570 3868 dissimulare
600 3813 732 3866 mihi
762 3826 904 3866 nunc
933 3826 1036 3864 non
1070 3813 1219 3878 licet,
1249 3822 1430 3868 tacere
1455 3812 1685 3866 liberum
1717 3826 1823 3867 non

224 3906 351 3962 fuit.
386 3905 511 3960 Ideo
553 3905 717 3960 etiam
763 3904 814 3958 in
858 3904 1172 3973 primordiis
1213 3905 1424 3974 imperii
1458 3907 1531 3959 tui
1565 3906 1826 3960 scribenti

223 4014 332 4054 non
367 3997 644 4067 rescripsi,
671 3996 797 4067 quia
843 3996 985 4052 istud
1019 3997 1384 4066 praevideliam
1427 3996 1688 4051 futurum.
1723 3998 1826 4053 De-

299 4171 324 4198 ιι
354 4157 670 4230 Olympicus
711 4156 864 4212 ludos
907 4156 1146 4225 intellige
1182 4154 1311 4230 olim
1344 4155 1396 4208 iu
1444 4154 1650 4230 Graecia
1679 4157 1824 4210 eeleo

226 4225 627 4299 berrim’os,qui
649 4238 929 4298 prapterea
945 4226 1378 4297 quinquennales
1391 4225 1821 4299 appellabantur,

227 4304 372 4375 quod
405 4295 813 4375 celebrarentur
840 4295 1276 4375 qttitittrquoque
1306 4311 1469 4375 anno.
1507 4295 1616 4350 Hos
1644 4308 1822 4375 attl_em

201 4367 336 4431 'tiOu
369 4373 544 4428 solum
577 4373 627 4426 iu
661 4371 832 4436 Elide,
857 4367 950 4425 sed
982 4370 1110 4424 alibi
1141 4367 1302 4423 etiam
1330 4369 1606 4422 institutos
1628 4384 1692 4422 ex
1720 4367 1826 4421 Eu-

227 4446 404 4508 sebio,
438 4443 720 4513 Xiphilino
749 4454 912 4512 atque
941 4442 1058 4498 aliis
1085 4440 1297 4494 discere
1334 4450 1434 4513 est.

301 4517 325 4554 ι’
360 4516 495 4584 Reg.
514 4510 676 4581 cod.,
709 4510 965 4568 ordinavit
992 4522 1302 4584 spectatore}
1345 4510 1711 4584 Antiochenos,
1739 4512 1828 4584 qni

227 4588 292 4641 ab
316 4581 689 4656 Hierosolymis
710 4587 900 4654 ferrent
928 4584 1223 4637 drachmas.
1255 4581 1321 4634 Et
1346 4585 1434 4636 ille
1457 4583 1661 4653 quidem
1691 4583 1828 4636 misit

227 4660 299 4712 ad
325 4657 667 4725 sacri/icium,
699 4668 804 4711 etc.

306 4742 325 4767 (τ
358 4729 504 4784 Idem
535 4727 684 4791 cod.,
713 4725 1105 4796 expostularunt
1134 4740 1237 4796 non
1279 4726 1478 4794 erogari
1521 4725 1588 4778 ad
1619 4725 1824 4792 sacriﬁ-

229 4802 458 4855 ciunt....
493 4799 609 4852 licet
635 4800 725 4852 ille
751 4793 818 4851 ad
840 4796 1155 4864 sacriﬁcium
1185 4793 1424 4849 Herculis
1447 4798 1656 4850 missum
1682 4799 1827 4850 dixe—

229 4875 392 4926 rit....
425 4871 606 4924 debere
630 4868 770 4939 quod
801 4875 912 4921 erat
941 4867 1177 4939 missum.

301 4942 326 4980 ἀ
355 4943 478 4996 Non
502 4936 672 4996 tamen
697 4941 766 4992 ad
793 4938 1128 5006 sacriﬁcium,
1153 4936 1310 4991 deest
1342 4937 1392 4990 in
1423 4936 1546 4992 cod.
1582 4936 1715 5006 Reg.

306 5026 329 5052 ε’
355 5015 435 5068 Ita
456 5013 587 5067 edit.
620 5011 780 5067 Rom.
815 5005 939 5063 ms.’
963 5019 1147 5062 autem
1179 5007 1342 5076 Reg.,
1368 5005 1598 5076 Denique
1620 5017 1667 5061 et
1698 5010 1828 5062 obti-

233 5094 475 5145 nuerunt,
500 5095 652 5152 utque
677 5091 948 5153 potuerant
978 5090 1166 5153 tacere,
1191 5087 1298 5133 ctc.

311 5150 577 5224 {Scripta
601 5150 740 5208 circa
781 5167 982 5224 annum
1025 5150 1150 5224 595.

305 5239 330 5273 κ
363 5218 646 5282 Paulinum
696 5223 998 5293 Burdigalm
1045 5222 1097 5275 in
1146 5218 1429 5293 Aquitania
1459 5221 1829 5293 natttm‘panci

233 5301 534 5368 ambigunt,
573 5310 672 5350 nec
701 5289 970 5368 Duronius
999 5293 1115 5361 ipse
1143 5291 1465 5368 refragatur.
1512 5289 1666 5368 Ilude
1694 5290 1830 5368 nihil

233 5360 492 5430 eratfeur
519 5369 682 5434 ltujus
705 5366 805 5420 loci
833 5365 998 5418 verba
1025 5360 1255 5430 magnus
1278 5360 1584 5416 Cardinalis
1605 5377 1632 5414 a
1648 5362 1831 5434 scrip-

235 5442 444 5494 toribus
463 5433 786 5506 tratisposita
813 5434 978 5506 fuisse
1003 5434 1392 5506 suspicaretur,
1409 5441 1570 5506 atque
1592 5433 1730 5506 adeo
1753 5437 1832 5488 sic

233 5510 534 5566 ordinanda
551 5527 564 5562 :
585 5504 867 5562 Paulinum
877 5505 1151 5578 splendore
1160 5505 1507 5578 generisnulli
1522 5504 1826 5578 secundum,

235 5585 286 5636 in
318 5580 550 5653 partibus
580 5579 868 5653 Aquitania:
895 5575 1111 5653 venditis
1134 5575 1488 5648 facultatibus.
1516 5575 1624 5631 Sed
1655 5577 1833 5630 since-

237 5647 357 5707 rum
407 5667 531 5708 esse
580 5651 754 5705 locum
807 5664 913 5704 non
966 5647 1141 5703 modo
1174 5661 1472 5702 consensus
1503 5662 1632 5702 mss.
1667 5655 1831 5713 atque

239 5721 613 5787 edit.evincit,
642 5737 831 5777 verum
858 5721 1019 5776 etiam
1048 5721 1279 5790 ipsamet
1304 5718 1594 5790 verborum
1613 5727 1831 5772 senten-

242 5797 333 5848 tia.
378 5793 494 5848 Non
525 5795 670 5848 enim
697 5791 820 5846 istic
850 5788 1078 5864 negatur
1098 5791 1349 5848 eumdem
1398 5788 1683 5843 Paulinum
1717 5795 1827 5840 tam

1929 3252 2041 3308 Deo
2079 3253 2304 3308 serviat.
2356 3252 2605 3323 Elegisse
2659 3265 2842 3309 autem
2897 3265 3173 3309 secretum
3225 3253 3536 3310 afﬁrmatur

1928 3343 2148 3399 Nolame
2181 3344 2352 3410 urbis,
2386 3345 2476 3398 ubi
2508 3346 2797 3400 tumultum
2830 3345 3068 3415 fugitans
3121 3361 3297 3401 :evum
3326 3346 3529 3416 exigat.

2001 3437 2055 3491 2.
2087 3437 2328 3492 Matrona
2373 3453 2588 3509 quoque
2617 3440 2800 3494 virtuti
2830 3449 2884 3494 et
2924 3440 3107 3494 studio
3140 3440 3255 3508 ejus
3285 3440 3535 3509 proxime

1932 3532 2160 3596 accedit,
2206 3547 2383 3602 neque
2427 3547 2456 3586 a
2493 3533 2771 3602 proposito
2813 3532 2908 3586 viri
2952 3533 3242 3602 discrepat.
3289 3533 3536 3603 Denique

1934 3625 2274 3696 transcriptis
2300 3625 2354 3679 in
2378 3625 2607 3679 aliorum
2630 3625 2755 3694 jura
2783 3626 2894 3679 suis
2917 3625 3154 3694 prwdiis,
3172 3624 3341 3679 virum
3361 3627 3538 3694 sequi-

1933 3728 2039 3783 tttr,
2083 3726 2138 3772 et
2163 3719 2360 3786 exiguo
2385 3717 2498 3771 illic
2524 3719 2770 3785 conjugis
2797 3726 3049 3770 contenta
3089 3717 3300 3785 cespite
3330 3714 3357 3751 ¹ι
3388 3699 3533 3771 sola-

1929 3809 2075 3864 bitur
2105 3822 2163 3862 se
2189 3807 2469 3877 religionis
2490 3816 2547 3862 et
2567 3807 2852 3861 Cllill‘lliills
2880 3807 3106 3862 divitiis.
3143 3807 3155 3844 ί
3193 3807 3421 3863 Soboles
3451 3810 3536 3865 eis

1932 3902 2100 3967 nulla,
2128 3910 2183 3955 et
2212 3900 2334 3954 ideo
2373 3900 2690 3954 meritorum
2736 3901 3027 3969 pOSteritas
3055 3901 3381 3956 desiderata.

2004 3997 2058 4050 5.
2092 3994 2217 4048 ι-Ιεθο
2243 3993 2332 4048 ubi
2358 3991 2634 4048 audierint
2668 3997 2680 4042 ι
2723 4007 2977 4062 proceres
3009 3993 3128 4056 viri,
3156 4009 3276 4063 qum
3305 3994 3536 4064 loquen-

1935 4161 2161 4222 paterno
2199 4165 2358 4220 quam
2384 4159 2651 4222 materno
2681 4165 2879 4219 genere
2909 4164 2975 4205 ex
3006 4149 3300 4218 majoribus
3329 4151 3532 4207 Roma-

1935 4227 2018 4279 nis
2055 4233 2236 4277 ortom
2268 4221 2509 4286 duxisse,
2552 4236 2673 4275 cum
2707 4223 2964 4275 senatorii
3010 4222 3219 4276 ordinis
3260 4224 3531 4291 utrimque

1933 4304 2079 4349 esset
2111 4311 2123 4347 :
2156 4293 2250 4348 sed
2281 4294 2331 4348 ei
2356 4293 2626 4362 propriam
2656 4293 2884 4361 patriam
2917 4295 3155 4361 assignat
3183 4292 3526 4348 Ambrosius.

1935 4365 1996 4421 Si
2035 4375 2210 4419 tamen
2255 4379 2323 4418 cx
2376 4374 2554 4418 mente
2597 4363 2813 4417 Baronii
2851 4363 3203 4432 exponendas
3247 4371 3392 4417 esset
3443 4365 3530 4418 hic

1817 4512 1827 4522 _
1854 4459 1908 4518 D
1934 4439 2075 4522 idem
2108 4436 2282 4499 locus,
2308 4435 2643 4518 hvperbaton
2677 4436 2819 4517 ineo
2841 4435 3273 4522 admitteremus,
3304 4434 3527 4503 ﬁguram

1932 4509 2144 4563 scilicet
2172 4509 2378 4561 auctori
2411 4517 2596 4560 nostro
2628 4506 2849 4560 minimc
2881 4507 3222 4560 insolentem.

2005 4578 2030 4615 ιι
2064 4579 2222 4633 Rom.
2246 4577 2377 4632 edit.
2402 4593 2524 4631 cum
2557 4579 2738 4645 paucis
2769 4593 2928 4641 tuss.,
2958 4578 3157 4631 solatur
3177 4592 3232 4630 se
3262 4576 3530 4648 religionis

1933 4662 1980 4704 et
2009 4650 2358 4719 simplicitatis
2393 4644 2625 4714 divitiis;
2667 4660 2775 4702 vet.
2818 4648 2952 4702 edit.
2987 4665 3108 4702 cum
3139 4644 3377 4719 reliquis
3404 4647 3527 4719 cod.

1934 4732 1990 4775 ιιι
2022 4723 2072 4775 in
2100 4717 2380 4782 contextu.
2401 4722 2500 4774 nisi
2532 4719 2673 4788 quod
2703 4735 2797 4787 pro
2828 4720 3115 4781 charitatis,
3137 4718 3308 4786 Long.
3342 4717 3528 4780 habet,

1933 4793 2205 4846 castitatis.
2246 4793 2347 4845 Per
2367 4791 2626 4859 ccepitem
2657 4802 2835 4844 autem
2863 4791 3062 4844 indicat
3087 4802 3309 4844 sanctus
3335 4789 3532 4859 Doctor

1932 4863 2182 4933 exiguum
2233 4858 2757 4932 aliquod’praidiuin
2797 4861 3020 4915 Paulino
3065 4870 3120 4915 et
3164 4860 3380 4931 conjugi
3410 4858 3530 4929 ejus

1931 4935 2142 4988 alendis
2180 4934 2270 4987 vix
2302 4934 2579 4989 idoneum.

2011 5004 2026 5042 ί
2055 5004 2313 5058 Paulinus
2340 5015 2522 5058 natum
2551 5003 2651 5058 sibi
2681 5002 2734 5056 in
2757 5002 3013 5069 HiSpania
3046 5002 3237 5065 ﬁlium,
3261 5001 3354 5056 sed
3379 5015 3531 5056 eum-

1931 5076 2055 5130 dem
2078 5073 2166 5129 die
2188 5083 2381 5130 octavo
2401 5091 2432 5130 e
2455 5075 2588 5128 vivis
2607 5083 2841 5143 raptum,
2862 5073 3132 5142 Compluti
3157 5074 3208 5127 in
3234 5073 3529 5143 Martyrum

1933 5146 2155 5203 basilica
2183 5146 2458 5215 sepultum
2481 5160 2601 5199 esse
2627 5147 2678 5197 in
2709 5159 2886 5212 poem.
2913 5146 2983 5198 5:2
3012 5145 3348 5199 testiﬁcatur.

2008 5221 2021 5266 i
2059 5216 2174 5270 Non
2200 5214 2334 5271 levis
2361 5232 2531 5286 augur
2554 5215 2657 5269 hoc
2687 5217 2806 5268 luco
2830 5217 2926 5270 t'ttit
2952 5216 3291 5286 Ambrosius.
3322 5214 3532 5269 Paulini

1934 5303 2209 5344 secessum
2270 5284 2690 5342 invidiosissime
2760 5288 3113 5341 traduxerunt
3165 5284 3375 5355 profani
3435 5286 3531 5339 ho-

1935 5360 2129 5422 mines,
2163 5357 2619 5428 quemadmodum
2670 5358 2752 5410 vel
2796 5373 2860 5412 ex
2893 5357 3120 5412 Ausonii
3170 5357 3416 5428 epistolis
3463 5358 3529 5411 ad

1933 5427 2220 5484 Paulinum
2253 5429 2354 5482 hac
2382 5429 2450 5482 de
2481 5446 2538 5482 re
2565 5428 2802 5497 scriptis.
2835 5444 2936 5483 nec
2963 5444 3068 5483 non
3098 5443 3162 5482 ex
3184 5427 3345 5495 hujus
3370 5428 3436 5481 ad
3472 5431 3532 5482 iI-

1936 5503 2042 5556 lum
2074 5499 2348 5565 responsis
2386 5499 2754 5568 intelligimus.
2780 5499 2976 5554 Verum
3005 5515 3036 5552 c
3065 5501 3342 5553 contrario
3369 5513 3533 5568 gene-

1934 5585 2119 5627 rosum
2172 5568 2304 5624 illud
2353 5568 2577 5640 hujusce
2614 5572 2743 5623 tanti
2778 5571 2874 5623 viri
2919 5571 3255 5640 propositum
3304 5571 3532 5640 summis

1933 5642 2182 5698 laudibus
2232 5639 2556 5712 extulerunt
2601 5639 2940 5707 Ambrosius,
2994 5639 3380 5712 Ilieronymus,
3425 5639 3534 5695 Au-

1932 5714 2181 5784 gustinus
2207 5711 2366 5781 atque
2385 5711 2498 5765 alii.
