4076 6172
553 237 691 294 “79

1893 231 2139 316 SANGT!
2179 229 2500 290 auenosu

3729 235 3866 292 “80

546 357 674 414 tur?
709 355 782 410 Ex
825 355 912 409 illa
953 353 1176 417 familia,
1205 352 1297 406 illa
1331 349 1601 421 prosapia,
1637 349 1726 404 illa
1752 349 1960 416 indole,
2001 358 2150 404 tanta
2178 353 2232 413 Α
2257 349 2486 404 miliavit
2513 349 2646 414 Deo,
2684 358 2742 404 ut
2772 349 2952 420 regale
2983 349 3337 420 posthaberet
3365 347 3670 420 fastigium,
3701 360 3756 406 ct
3789 351 3870 404 ul-

555 449 840 520 prieditum
867 444 1176 515 eloquentia
1210 444 1470 514 migrasse
1498 459 1528 498 a
1556 453 1768 508 senatu,
1796 443 2153 511 interceptam

555 543 771 598 lainilice
794 540 988 594 nobilis
1012 539 1416 594 successionem
1441 555 1452 592 :
1477 536 1605 591 ferri
1630 537 1729 590 hoc
1755 551 1862 591 non
1887 550 2069 606 posse.
2092 535 2160 590 Et

554 649 674 688 cum
706 634 805 702 ipsi
837 639 863 670 ι
885 632 1063 702 capita
1094 639 1150 686 et
1179 629 1476 700 supercilia
1501 643 1596 682 sua
1627 628 1841 694 radant,
1865 629 1909 682 si
1940 625 2158 698 quando

555 727 712 784 lsidis
737 725 1037 796 suscipiunt
1063 739 1217 780 sacra
1241 741 1256 790 ;
1284 726 1328 779 si
1355 725 1492 781 forte
1519 723 1848 778 christianos
1877 724 1959 778 vir
1981 732 2160 778 atten-

555 820 661 874 tior
691 827 1052 874 sacrosanctus
1079 816 1352 888 religioni,
1373 815 1906 882 vestemmutaverit,
1933 813 1962 856 δ
1981 815 2159 885 indig-

563 931 688 971 num
730 914 938 969 facinus
966 913 1264 983 appellant.

629 1011 683 1064 4.
718 1007 982 1079 Equidem
1023 1007 1181 1062 doleo
1211 1016 1414 1063 tantam
1440 1021 1563 1062 esse
1597 1007 1618 1034 °
1652 1005 1705 1060 in
1748 1005 2032 1060 mendacio
2057 1005 2153 1060 oh-

558 1103 910 1166 servantiam,
937 1103 990 1157 in
1020 1103 1254 1158 veritate
1282 1101 1666 1172 negligentiam
1691 1117 1704 1167 ;
1743 1107 1799 1154 ut
1823 1097 2160 1155 confundan-

559 1204 647 1250 tur
677 1196 922 1266 plerique
949 1195 1271 1250 attentiores
1311 1194 1376 1248 ad
1406 1199 1809 1248 sacrosanctam
1839 1190 2159 1262 religionem

559 1289 754 1354 videri,
794 1304 900 1343 non
947 1287 1363 1344 considerantes
1397 1300 1588 1342 vocem
1621 1285 1854 1340 dicentis
1899 1285 2043 1349 :Qui
2083 1299 2164 1337 me

562 1385 810 1454 confusus
831 1383 986 1452 fuerit
1007 1396 1182 1436 coram
1214 1379 1528 1445 hominibus,
1551 1377 1848 1449 confundor
1868 1385 1917 1432 et
1938 1392 2030 1449 ego
2047 1391 2162 1430 eum

561 1490 738 1528 coram
765 1473 922 1528 Patre
943 1487 1075 1537 tneo,
1099 1474 1187 1544 qui
1209 1482 1284 1527 est
1311 1473 1364 1527 in
1389 1472 1528 1526 caelis
1550 1469 1747 1541 (Marc.
1774 1485 1888 1528 vin.
1914 1469 2025 1539 58).
2055 1467 2161 1524 Sed

562 1584 669 1624 non
715 1569 974 1624 confusus
1002 1578 1084 1622 est
1119 1569 1355 1637 Moyses,
1388 1568 1477 1635 qui
1525 1580 1646 1620 cum
1691 1573 1838 1619 esset
1875 1564 2078 1619 ascitus
2109 1563 2160 1617 in

564 1663 783 1717 domum
811 1660 1320 1731 regiam,thesauris
1343 1658 1564 1729 Egypti
1589 1657 1941 1728 Opprubrium
1959 1656 2162 1711 Christi

2263 442 2454 497 timum
2502 443 2787 498 exhiberet
2828 443 2942 498 Deo
2972 441 3128 513 quasi
3177 445 3428 497 servulus
3472 445 3865 500 ministerium.

2263 535 2503 605 Denique
2553 536 2641 590 illa
2673 551 2795 606 quas
2823 535 3168 592 saltationem
3203 535 3519 606 hujusmodi
3568 537 3870 607 reprehen-

2261 626 2378 691 dit,
2408 627 2709 682 sterilitatis
2738 628 3013 695 damnata,
3047 643 3154 683 non
3184 628 3332 684 dedit
3355 629 3456 684 Sub
3481 629 3603 684 ilem
3637 632 3864 701 regiam,

2263 735 2331 777 ne
2369 722 2635 792 superbos
2677 731 2890 778 crearet
2943 739 2954 775 :
3004 729 3058 776 et
3097 721 3242 792 quod
3293 737 3481 776 verum
3519 732 3622 788 est,
3659 723 3868 778 nullam

2260 826 2344 872 est
2371 814 2563 887 adepta
2593 815 2929 886 posteritatis
2958 828 3072 870 sua:
3100 816 3534 885 meritorumque
3561 819 3870 872 successio-

2263 927 2407 966 DCIII.

2332 1003 2387 1057 8.
2407 1003 2560 1072 Quod
2602 1005 2646 1060 si
2679 979 2800 1074 quis
2825 1002 3002 1058 adhuc
3027 1001 3264 1068 dubitat,
3303 1004 3537 1073 accipiat
3579 1002 3872 1074 Evangeli-

2261 1109 2382 1149 cum
2411 1095 2810 1160 testimonium;
2835 1095 2972 1148 dixit
2996 1093 3142 1147 enim
3172 1093 3268 1148 Dei
3300 1092 3470 1148 Filius
3495 1111 3508 1146 :
3529 1091 3872 1149 Cantavimus

2263 1188 2421 1255 vobis,
2464 1197 2511 1240 et
2539 1203 2641 1241 non
2669 1189 2897 1242 saltastt's
2927 1187 3147 1259 (Matth.
3191 1202 3267 1252 si,
3300 1185 3414 1258 Π).
3458 1188 3710 1244 Derelicti
3740 1197 3872 1246 sunt

2264 1281 2444 1351 itaque
2481 1281 2674 1345 iud-.ei,
2728 1283 2818 1353 qui
2860 1297 2968 1336 non
3021 1283 3378 1345 saltavcrunt,
3423 1284 3514 1352 qui
3545 1284 3873 1339 nescierunt

2266 1374 2515 1429 manibus
2558 1376 2670 1428 suis
2715 1374 3264 1444 plauderezadscitm
3313 1385 3434 1428 sunt
3483 1385 3706 1446 gentes,
3744 1393 3871 1448 qua)

2265 1470 2562 1539 spiritalem
2604 1471 2711 1526 Deo
2735 1472 2978 1542 plausum
3015 1471 3304 1528 dederunt.
3330 1472 3534 1528 Stultus
3565 1477 3700 1528 enim
3728 1491 3872 1530 com-

2268 1564 2448 1632 plexus
2471 1575 2544 1619 est
2566 1581 2751 1619 manus
2771 1583 2916 1633 suas,
2940 1574 2986 1620 et
3014 1567 3277 1620 devoravit
3303 1569 3497 1619 viscera
3519 1583 3615 1620 sua
3640 1566 3869 1639 (Eccles.

2268 1671 2340 1722 iv,
2376 1655 2455 1728 5),
2488 1656 2537 1711 id
2567 1669 2670 1722 est,
2703 1660 3080 1728 corporalibus
3109 1675 3169 1713 se
3202 1660 3502 1729 implieavit
3532 1661 3790 1731 negotiis,
3819 1671 3873 1717 et

565 1755 963 1824 pra-ferendum
1004 1755 1233 1824 putavit.
1274 1751 1396 1806 Non
1445 1750 1702 1810 confusus
1733 1760 1816 1810 est
1851 1749 2043 1816 David,
2073 1749 2163 1820 qtti
2195 1753 2243 1813 B
2269 1746 2547 1803 devoravit
2578 1751 2780 1805 viscera
2805 1766 2924 1816 sua,
2956 1750 3100 1805 sicut
3128 1766 3278 1806 mors
3301 1752 3634 1821 prtcvalens;
3661 1763 3714 1807 et
3747 1754 3870 1808 ideo

567 1856 695 1901 ante
729 1849 919 1901 Arcam
955 1845 1254 1901 testimonii
1286 1834 1470 1899 cora'm
1517 1843 1664 1899 omni
1705 1841 1906 1913 populo
1954 1841 2168 1897 saltavit

569 1939 632 2008 (ll
666 1940 789 2010 lteg.
822 1955 896 2007 vr,
927 1939 1042 2011 20).
1074 1938 1194 1994 Non
1222 1939 1488 1995 contusus
1507 1949 1591 1994 est
1621 1937 1833 2003 Esaias,
1865 1939 1954 2010 qui
1992 1937 2170 1994 nudus

567 2045 622 2087 et
667 2033 1028 2088 discalceatus
1075 2033 1187 2087 ibat
1231 2046 1328 2102 per
1358 2030 1610 2102 populos,
1657 2031 1875 2085 oracula
1925 2030 2170 2085 clamans

569 2126 814 2182 caelestia
842 2123 1013 2197 (Esai.
1045 2139 1138 2189 xx,
1163 2123 1244 2193 9).

641 2220 694 2273 ii.
723 2218 861 2287 Quid
895 2215 1079 2288 utique
1127 2227 1235 2271 tam
1286 2215 1532 2271 deforme
1582 2214 1781 2270 visibili
1833 2214 2168 2285 spectaculo,

575 2311 788 2384 1015.
813 2325 975 2382 quam
1025 2309 1373 2365 histrionicas
1421 2309 1642 2364 sinuare
1683 2319 1890 2379 gestus,
1935 2317 1990 2363 et
2019 2306 2174 2363 femi-

570 2421 674 2459 neo
696 2421 794 2458 usu
825 2403 1040 2458 mollire
1068 2401 1348 2457 membra?
1374 2401 1700 2456 Deliciarum
1727 2416 1912 2456 comes
1935 2407 1992 2456 et
2017 2401 2172 2456 luxu-

570 2499 666 2552 riae
714 2496 1005 2550 lttdibrititii
1035 2505 1120 2550 est
1153 2495 1352 2550 lasciva
1397 2494 1634 2550 saltatio.
1663 2495 1803 2561 Quid
1846 2495 1979 2549 illud
2029 2495 2173 2565 quod

571 2591 686 2660 ipse
717 2590 916 2644 cecinit
946 2589 1136 2644 dicens
1168 2605 1181 2642 :
1217 2587 1406 2642 Omnes
1452 2598 1645 2658 gentes,
1681 2589 1914 2658 plaudite
1938 2587 2174 2642 manibus

571 2681 743 2755 (Psal.
783 2698 928 2748 XLVI,
960 2681 1057 2755 ἓν
1083 2681 1288 2752 Nempe
1327 2679 1374 2734 si
1405 2680 1709 2751 corporalia
1741 2679 2174 2746 consideremus,

573 2788 850 2847 tamquam
883 2776 1238 2832 muliebribus
1269 2775 1640 2830 intertuixtum
1670 2773 1886 2829 choreis
1919 2784 2176 2843 putamus

574 2885 697 2926 eum
743 2883 1082 2940 concrepare
1123 2866 1391 2933 manibus,
1435 2877 1489 2923 et
1521 2867 1664 2937 turpi
1710 2879 1851 2921 sono
1898 2865 2174 2937 plaudere.

576 2962 708 3017 Nam
739 2972 793 3018 et
823 2962 892 3017 de
917 2961 1172 3016 Ezechiel
1202 2961 1410 3016 dictum
1433 2969 1517 3016 est
1537 2979 1550 3016 :
1572 2959 1774 3016 Plaude
1793 2975 1968 3028 manu,
1988 2969 2036 3017 et
2059 2977 2176 3030 per-

577 3064 692 3108 cute
719 3055 847 3123 pede
876 3053 1095 3124 (Ezech.
1128 3069 1198 3118 Vl,
1236 3054 1347 3123 Η).

2273 1855 2377 1894 non
2427 1841 2667 1898 inveniet
2701 1843 2866 1898 vitam
2897 1854 3158 1899 aeternam
3193 1861 3206 1898 :
3242 1845 3460 1914 sapiens
3499 1856 3678 1900 autem
3712 1848 3872 1903 attol-

2273 1936 2389 1990 lens
2413 1951 2575 2006 opera
2599 1951 2719 2004 sua,
2750 1948 2807 1992 ut
2838 1939 3082 1994 lucerent
3108 1953 3292 1994 coram
3333 1937 3496 1996 Patre
3532 1956 3654 2008 suo,
3683 1943 3776 2014 qui
3817 1941 3872 1997 in

2273 2029 2424 2083 caelis
2454 2038 2539 2082 est
2583 2027 2800 2101 (Matth.
2830 2046 2882 2094 v,
2921 2030 3041 2100 lli);
3078 2047 3183 2085 non
3213 2031 3538 2102 absompsit,
3567 2034 3661 2088 sed
3692 2034 3875 2089 eleva-

2275 2121 2352 2174 vit
2379 2121 2586 2175 viscera
2616 2137 2710 2176 sua
2739 2136 2907 2192 usque
2935 2123 3002 2178 ad
3028 2124 3449 2180 resurrectionis
3471 2127 3722 2195 gratiam.
3747 2125 3877 2182 lizec

2273 2214 2507 2284 gloriosa
2547 2214 2809 2283 sapientis
2840 2215 3074 2282 saltatio,
3110 2230 3275 2285 quam
3315 2217 3539 2270 saltavit
3585 2218 3787 2282 David;
3823 2227 3878 2274 et

2277 2305 2400 2361 ideo
2433 2321 2602 2374 usque
2625 2305 2690 2360 ad
2722 2306 2933 2378 1015
2955 2307 3141 2362 sedem
3171 2305 3377 2364 CliriSIi
3404 2309 3742 2366 sublimitate
3771 2312 3881 2380 spi-

2276 2399 2447 2454 ritalis
2489 2400 2796 2455 saltationis
2825 2401 3090 2466 ascendit,
3126 2412 3182 2456 ut
3226 2403 3435 2458 videret
3465 2415 3631 2474 atque
3670 2405 3884 2461 audiret

2276 2490 2545 2547 dicentem
2573 2492 2860 2547 Dominum
2889 2493 3118 2548 Domino
3139 2511 3238 2549 suo
3265 2513 3283 2549 :
3309 2496 3447 2551 Sede
3475 2515 3507 2550 a
3535 2497 3738 2553 dextris
3761 2499 3881 2552 meis

2279 2584 2453 2656 (Ρωι.
2485 2601 2579 2650 cu,
2617 2587 2692 2658 ι).

2352 2679 2404 2733 9.
2438 2679 2578 2750 Ergo
2606 2681 2648 2735 si
2677 2697 2781 2736 non
2813 2681 3048 2738 absurde
3078 2693 3100 2718 θ
3141 2683 3407 2740 cecidisse
3440 2683 3601 2739 nobis
3635 2683 3774 2738 banc
3814 2683 3882 2740 de

2281 2771 2569 2827 saltatione
2599 2771 3100 2843 interpretationem
3124 2773 3361 2844 judicas,
3389 2790 3496 2831 non
3528 2776 3883 2844 supersedeas

2283 2865 2459 2920 adhuc
2516 2865 2765 2919 lectionis
2806 2865 2992 2922 labore
3022 2865 3197 2939 (Esai.
3253 2883 3342 2934 xx,
3370 2867 3459 2937 2);
3488 2875 3546 2922 ut
3594 2867 3758 2922 etiam
3813 2867 3879 2922 dc

2285 2955 2442 3010 Esaia
2467 2972 2676 3010 meeum
2710 2971 3020 3023 recenseas,
3046 2958 3189 3028 quod
3219 2959 3467 3014 benetibi
3491 2961 3772 3030 cognitum
3803 2969 3885 3015 est

2287 3051 2438 3105 illum
2481 3067 2589 3106 non
2635 3051 2951 3114 ludibriose,
2983 3051 3078 3108 sed
3121 3053 3516 3124 gloriosissime
3557 3054 3884 3109 denudatum

651 3148 705 3200 6.
737 3148 841 3203 Sed
869 3149 982 3202 haec
1010 3162 1130 3216 quae
1157 3162 1424 3217 corporeo
1455 3157 1674 3218 aspectu
1701 3149 1838 3202 liunt
1868 3148 2066 3218 turpia,
2096 3162 2184 3203 sa-
2211 3142 2256 3206 C
2289 3161 2412 3201 esse
2438 3147 2489 3201 in
2519 3157 2815 3216 conspectu
2851 3146 3174 3218 populorum
3212 3149 3650 3213 occursantium,
3703 3158 3888 3218 utpote

582 3251 882 3296 crosancta:
899 3240 1180 3310 religionis
1195 3242 1657 3310 contemplatione
1672 3237 1696 3277 ι¹
1718 3239 2014 3296 reverenda
2032 3247 2178 3308 sunt;

586 3342 645 3388 ut
673 3333 764 3404 qui
797 3335 894 3387 ista
929 3331 1362 3402 reprehendunt,
1398 3333 1497 3403 ipsi
1528 3335 1580 3388 in
1627 3333 1852 3403 laqueos
1884 3334 2180 3402 reprelien-

586 3426 760 3480 sionls
807 3426 1018 3480 animas
1062 3439 1191 3480 suas
1235 3424 1511 3479 inducant.
1550 3425 1790 3496 Denique
1834 3425 2186 3495 reprehendit

590 3517 787 3572 Mlcltol
817 3518 1105 3571 saltantem
1136 3516 1326 3582 David,
1365 3524 1420 3570 et
1450 3518 1526 3570 ait
1552 3516 1617 3571 ad
1657 3533 1776 3572 eum
1811 3533 1824 3571 :
1859 3517 1998 3585 Quid
2025 3519 2188 3572 hono-

589 3610 827 3678 riﬁcatus
849 3619 919 3663 est
949 3608 1102 3663 hodie
1127 3624 1219 3663 rex
1249 3607 1274 3661 Ι
1287 3611 1421 3662 srael
1435 3626 1452 3674 ;
1479 3610 1601 3680 quia
1623 3609 1913 3663 denudatus
1936 3619 2008 3665 est
2037 3611 2189 3666 hodie

592 3713 711 3757 ante
733 3704 907 3758 oculos
930 3703 1218 3773 puellarum
1242 3703 1494 3757 suarum?
1518 3703 1577 3758 Et
1599 3703 1881 3774 respondit
1903 3703 1950 3757 ei
1979 3703 2147 3760 David
2173 3720 2187 3758 :

595 3797 782 3852 Corum
815 3797 1037 3852 Domino
1067 3798 1267 3864 ludam,
1309 3799 1399 3868 qui
1426 3799 1576 3871 elegit
1604 3814 1682 3854 me
1711 3813 1806 3867 pro
1831 3809 1972 3870 patre
2005 3811 2114 3867 tuo,
2146 3813 2191 3856 et

596 3910 689 3964 pro
713 3893 948 3947 uniuersa
967 3892 1119 3945 domo
1145 3893 1293 3964 ejus;
1319 3900 1374 3945 ut
1393 3893 1718 3947 constitueret
1750 3907 1829 3946 me
1849 3909 2018 3965 regem
2040 3907 2194 3954 super

598 3985 847 4054 populum
868 4001 1018 4037 suum
1049 3984 1238 4038 Israel.
1271 3981 1335 4036 Et
1362 3983 1536 4038 ludam
1563 3999 1736 4037 coram
1768 3983 2008 4047 Domino,
2032 3994 2078 4037 et
2106 3985 2190 4036 de-

599 4077 832 4131 nudabor
860 4077 1029 4131 adhuc
1074 4079 1168 4144 sic,
1219 4086 1264 4131 et
1293 4094 1380 4131 ero
1411 4093 1587 4151 nugax
1627 4087 1744 4131 ante
1775 4077 1953 4130 oculos
1983 4087 2117 4142 tuos,
2150 4086 2196 4130 et

597 4186 712 4224 cum
743 4170 956 4240 puellis,
985 4170 1167 4242 quibus
1197 4171 1375 4228 dixisti
1406 4186 1485 4225 me
1514 4169 1855 4236 denudatum,
1885 4170 2197 4240 honoriﬁca-

597 4262 689 4316 bor
719 4261 786 4332 (ll
813 4262 938 4332 Reg.
970 4279 1043 4328 vt,
1073 4262 1145 4317 20
1165 4273 1213 4317 et
1232 4262 1391 4334 seq.).

668 4355 722 4408 7.
758 4355 872 4409 Non
924 4356 1142 4409 erubuit
1189 4356 1350 4425 igitur
1379 4355 1548 4410 David
1581 4356 1847 4411 femineas
1887 4357 2197 4428 opiniones,

597 4465 697 4503 nec
745 4449 1039 4518 opprobria
1085 4449 1226 4521 apud
1271 4451 1528 4508 mulieres
1558 4451 1744 4514 subire
1774 4468 1871 4524 pro
1917 4452 2198 4523 religionis

2285 3241 2374 3309 qui
2402 3240 2620 3295 oracula
2648 3238 2858 3294 Domini
2886 3255 2980 3294 ore
3010 3241 3229 3310 proprio
3252 3240 3574 3295 resultabat.

2360 3335 2446 3388 10.
2479 3332 2586 3388 Sed
2619 3331 2761 3388 forte
2782 3334 2978 3404 aliquis
3002 3333 3148 3388 dicat
3181 3352 3193 3388 :
3227 3333 3343 3390 Non
3378 3335 3539 3406 igitur
3566 3345 3682 3390 erat
3709 3343 3886 3405 turpe,

2290 3435 2346 3481 ut
2382 3427 2461 3480 vir
2491 3424 2508 3464 ί
2544 3427 2719 3482 nudus
2757 3443 2852 3497 per
2883 3427 3062 3481 omnia
3109 3427 3212 3481 iret
3245 3444 3342 3499 per
3379 3429 3643 3497 populos;
3669 3444 3792 3482 cum
3841 3428 3888 3482 ei

2287 3529 2341 3576 et
2397 3521 2568 3575 virilis
2606 3533 2766 3575 Sexus
2805 3529 2860 3576 et
2898 3522 3182 3576 muliebris
3227 3522 3579 3577 occurreret?
3618 3521 3734 3577 Non
3781 3522 3890 3590 ipsa

2291 3617 2500 3686 Species
2533 3614 2843 3671 oﬂ‘endcbat
2881 3615 3068 3671 oculos
3107 3615 3374 3678 omnium,
3413 3625 3467 3670 et
3504 3619 3743 3670 maxime
3781 3631 3894 3669 mu-

2292 3709 2521 3764 lierum?
2560 3707 2754 3764 Nonne
2800 3708 2902 3778 ipsi
2944 3723 3042 3764 nos
3072 3708 3339 3779 iuSpicere
3374 3709 3548 3764 nudos
3578 3709 3893 3779 plerumque

2294 3801 2643 3858 reveremur?
2678 3802 2921 3872 Denique
2955 3801 3159 3858 idcirco
3200 3801 3531 3857 indumentis
3572 3803 3896 3872 operiuntur

2293 3897 2550 3968 genitalia
2581 3897 2881 3962 hominum,
2914 3911 2981 3951 ne
3002 3895 3233 3952 deformi
3261 3898 3377 3950 visu
3407 3896 3678 3962 obtutum,
3699 3895 3897 3950 aciem-

2296 4005 2400 4062 que
2433 3993 2799 4060 perstringant
2825 3991 3106 4046 oculorum
3139 3990 3484 4045 intuentium.

2373 4086 2458 4142 Η.
2501 4085 2800 4154 Aequiesco
2843 4093 2899 4142 et
2935 4099 3035 4155 ego
3068 4103 3080 4140 :
3113 4083 3210 4139 sed
3235 4083 3522 4150 considera
3563 4098 3684 4153 qua:
3728 4082 3895 4152 ﬁgura

2300 4184 2371 4246 sit
2396 4182 2521 4238 lacti
2549 4183 2728 4253 hujus,
2752 4183 2952 4254 quidve
2983 4181 3285 4249 praetendat
3311 4180 3524 4251 species
3556 4177 3897 4246 huiusmodi;

2273 4289 2367 4330 ,eo
2411 4275 2552 4346 quod
2602 4275 2672 4329 ita
2715 4274 2846 4329 tttidi
2892 4273 3248 4328 ambulabunt
3289 4273 3444 4343 pueri
3490 4269 3807 4326 Iudaeorum
3845 4277 3900 4324 et

2302 4367 2538 4436 virgines
2569 4367 2620 4422 in
2651 4367 3015 4436 captivitatem
3046 4364 3263 4420 deducti
3293 4382 3306 4419 :
3343 4363 3491 4420 Sicut
3522 4379 3674 4440 puer,
3708 4360 3894 4432 inquit,

2305 4478 2447 4516 meus
2473 4461 2679 4528 Esaias,
2710 4459 2849 4521 vadit
2879 4461 3047 4516 nudus
3078 4471 3124 4513 et
3157 4455 3534 4528 excalciatos“
3545 4457 3630 4511 bid
3641 4497 3678 4524 .,
3702 4455 3780 4526 '5).
3807 4454 3902 4508 Po-

596 4541 862 4611 obsequio
908 4543 1307 4598 vercouudatus
1330 4553 1435 4598 est.
1483 4543 1726 4598 Ludebat
1769 4543 1912 4598 enim
1964 4545 2200 4600 Domino
2229 4535 2282 4596 D
2311 4553 2410 4607 init
2438 4551 2655 4622 quidem
2690 4550 2790 4604 hoc
2820 4559 2874 4603 et
2897 4563 3148 4604 sermone
3176 4547 3511 4616 exprimere,
3546 4556 3570 4592 ε
3598 4546 3693 4600 sed
3723 4560 3904 4600 exem-

600 4654 736 4709 puer
785 4655 948 4706 suus;
983 4651 1038 4696 et
1084 4640 1205 4698 ideo
1234 4643 1468 4716 amplius
1499 4644 1718 4716 placuit,
1751 4645 1877 4722 quia
1908 4644 1979 4701 ita
2007 4660 2068 4702 se
2101 4643 2200 4702 hu~

673 4786 698 4814 ι
743 4775 920 4841 Isidis,
955 4795 1074 4848 quae
1115 4779 1239 4833 aliis
1289 4780 1364 4844 lo,
1400 4781 1522 4841 aliis
1549 4778 1720 4835 Ceres
1749 4775 1969 4846 dicitur,
2015 4777 2196 4836 cultus

601 4849 731 4903 olim
755 4849 805 4902 in
835 4849 1090 4921 Egypto,
1119 4854 1352 4906 maxime
1373 4863 1552 4906 autem
1582 4850 1932 4906 Alexandria:
1953 4852 2199 4907 celebra-

605 4921 780 4973 batur.
812 4920 952 4986 Ejus
972 4937 1125 4976 sacra
1154 4937 1278 4977 cum
1301 4923 1526 4982 Romam
1557 4922 1681 4978 inde
1705 4922 1965 4977 translata
1989 4933 2198 4988 essent,

607 4991 748 5045 Urbe
779 4992 1116 5068 tand_em_ob
1141 4995 1320 5068 cultus
1350 5010 1413 5050 ac
1441 4997 1875 5068 ceremoqiarum
1907 4995 2200 5068 turpitndi:

603 5076 728 5116 nem
755 5064 977 5132 expulsa
1009 5063 1227 5120 luerunt
1258 5067 1453 5120 Pisone
1480 5075 1641 5136 atque
1671 5064 1901 5121 Gabinio
1929 5063 2073 5136 coss.
2109 5065 2203 5121 sed

607 5143 951 5206 postmodum
981 5138 1174 5190 iterum
1206 5146 1482 5200 revocata,
1507 5135 1567 5190 ut
1589 5137 1848 5191 discimus
1870 5150 1936 5198 ex
1962 5135 2196 5206 Apolog.

603 5203 921 5279 Tertulliani
960 5222 1080 5276 cap.
1112 5208 1167 5265 6.
1216 5208 1331 5262 Non
1363 5209 1535 5263 solum
1568 5217 1748 5263 autem
1781 5207 1971 5279 capitis
2014 5203 2081 5261 ac
2111 5203 2202 5262 su-

608 5277 982 5350 perciliorum,
1022 5279 1115 5332 sed
1149 5281 1310 5333 etiam
1346 5281 1509 5334 tutius
1538 5279 1785 5350 corporis
1813 5277 1993 5332 crines
2037 5279 2197 5350 abra-

605 5345 824 5420 debant,
861 5362 914 5402 ut
944 5351 1059 5404 de:e
1086 5350 1316 5405 Osiridis
1337 5351 1589 5420 conjugis
1613 5345 1839 5404 mortem
1873 5350 2073 5418 lugenti
2103 5349 2200 5406 do-

608 5417 776 5472 lorem
813 5429 1144 5475 testarentur
1172 5437 1329 5476 suum
1364 5440 1376 5474 :
1407 5417 1526 5489 qua
1554 5437 1641 5477 res
1670 5423 1719 5475 in
1749 5435 1909 5475 causa
1949 5419 2064 5485 fuit,
2105 5437 2200 5478 cur

606 5491 888 5544 christiani
938 5493 1313 5560 imperatores,
1360 5509 1429 5547 ne
1473 5493 1725 5547 mulieres
1761 5492 2196 5558 decalvarentur,

609 5561 793 5615 multis
822 5563 1027 5629 legibus
1052 5564 1447 5632 prohibuerint.
1474 5562 1633 5618 Plura
1662 5564 1731 5619 de
1761 5563 1902 5618 iside
1931 5563 2201 5620 habentur

610 5635 756 5704 apud
811 5637 1104 5692 Diodorum
1139 5639 1247 5695 Sic.
1282 5639 1371 5693 lib.
1409 5653 1445 5703 I,
1481 5635 1763 5704 Apuleium
1793 5635 2047 5690 Milesiar.
2079 5650 2199 5701 cap.

616 5701 830 5771 ultimo,
857 5707 1203 5764 Plutarchum
1233 5711 1324 5765 lib.
1350 5710 1417 5764 de
1436 5701 1580 5764 ’lsitle
1611 5715 1666 5762 et
1693 5705 1931 5771 Osiridc,
1962 5713 2014 5761 et
2046 5705 2202 5764 alios.

682 5770 706 5830 ξ’
740 5774 864 5830 Mss.
896 5777 1122 5844 aliquot,
1150 5781 1419 5852 indignum
1452 5779 1653 5851 facinus
1675 5778 1920 5833 clamant.

2309 4645 2400 4716 plu
2429 4643 2686 4700 acerbarc
2713 4642 2934 4707 maluit;
2979 4641 3003 4677 ³·
3037 4649 3093 4696 ιιι
3114 4641 3322 4716 species
3353 4639 3467 4710 ipsa
3499 4639 3619 4710 plus
3640 4639 3906 4696 incuteret

2379 4791 2401 4819 ο
2442 4798 2461 4830 ι
2501 4778 2840 4834 Mendaclum
2874 4779 2960 4833 hic
2983 4785 3136 4832 vocat
3171 4776 3374 4831 idolum
3405 4783 3492 4828 aut
3518 4774 3723 4830 cultum
3758 4775 3902 4838 idoli,

2307 4851 2490 4922 pltrasi
2538 4851 2905 4906 ecclesiastica
2962 4849 3150 4922 :quod
3201 4847 3309 4902 alio
3350 4845 3902 4922 tigmlne_vanitatem

2307 4917 2626 5000 appellantL
2645 4922 2777 5000 Reg.
2815 4936 2950 5000 xvii
2998 4917 3346 5000 Proposuittes
3377 4917 3541 5000 Deum
3572 4919 3634 5000 in
3670 4919 3903 5000 vanitati-

2309 4986 2402 5048 bus
2430 4994 2557 5048 suis.
2590 4986 2753 5066 PSal.‘
2770 5008 2871 5066 tv7:_
2885 4989 2971 5066 ιιι
2997 4991 3122 5066 quid
3148 4990 3366 5066 diligitis
3389 4986 3669 5066 vanitatem
3691 4997 3748 5066 ‘et
3773 5004 3905 5057 qum-

2312 5066 2423 5120 ritis
2455 5065 2801 5118 mendacium.
2835 5063 2984 5118 llier.
3009 5059 3109 5118 'vm
3143 5080 3155 5115 :
3191 5059 3365 5127 Quare
3389 5060 3456 5113 ad
3481 5059 3809 5112 iracundiam
3832 5075 3906 5111 me

2350 5146 2715 5190 revocaverunt
2743 5136 2794 5189 in
2827 5135 3154 5205 sculptilibus
3185 5134 3291 5188 suis
3319 5142 3364 5185 et
3407 5130 3741 5194 vanitatibus.
3777 5147 3794 5182 ι
3833 5129 3902 5182 Ita

2353 5209 2567 5262 annius.

2377 5277 2402 5317 ἀ
2430 5277 2684 5332 Nonnulli
2711 5291 2869 5343 mss.,
2894 5276 3175 5331 revelanda
3196 5283 3339 5328 sunt.

2382 5360 2404 5388 θ
2449 5349 2575 5402 Mss.
2606 5348 2832 5420 aliquot,
2865 5348 3106 5403 cecinisse
3136 5346 3303 5412 nobis,
3339 5343 3518 5420 minus
3545 5343 3833 5420 concinne.

2385 5421 2401 5458 τ
2444 5421 2647 5474 Omnes
2670 5415 2802 5474 edit.
2834 5428 2887 5473 et
2911 5419 3060 5489 pauci
3093 5431 3247 5478 mss.,
3280 5415 3446 5469 nudus
3489 5417 3700 5470 omnino
3725 5416 3835 5467 iret.

2378 5499 2403 5538 η
2443 5489 2673 5558 Quidam
2701 5505 2855 5555 mss.,
2886 5490 2975 5545 sed
3006 5489 3238 5558 exemplo
3269 5502 3528 5558 acervare.

2378 5561 2401 5597 "
2440 5557 2682 5628 Species,
2713 5561 2883 5632 inquit
2933 5557 3192 5632 Nannius,
3236 5559 3401 5628 ipsius
3459 5557 3536 5612 rei
3581 5566 3892 5632 compegit“

2311 5625 2556 5716 visioque
2579 5641 2682 5698 est,
2719 5625 2803 5692 ab'
2827 5631 3051 5716 antiquo
3079 5625 3496 5708 verho'specere,
3551 5627 3696 5698 quod
3733 5625 3898 5680 videre

2313 5706 2601 5780 signillcat.
