4076 6172
240 251 370 307 1181

238 458 288 511 in
321 473 379 512 se
421 459 894 532 pertimescerent.
928 456 986 512 la
1025 475 1132 528 qtto
1162 458 1326 530 igitttr
1365 457 1562 512 horror
1607 457 1832 534 gravior

238 549 608 622 turpitudinis,
642 549 695 603 in
736 564 966 621 corpore
999 549 1298 620 prophetm,
1325 565 1390 603 an
1420 549 1471 603 in
1503 548 1832 620 perﬁdorum

236 651 487 712 peccato,
529 639 670 714 quod
702 651 906 696 tantam
938 640 1147 700 meritis
1177 641 1290 696 suis
1318 655 1612 696 aerumnam
1647 640 1832 695 incidit

236 736 605 809 captivitatis?

309 829 398 886 12.
418 828 556 898 Quid
588 829 633 884 si
666 829 720 884 in
746 827 1064 900 prepltetico
1091 842 1320 898 corpore
1345 827 1476 882 nihil
1507 825 1834 899 approbrii?

239 920 329 977 Ille
353 923 494 978 enim
539 920 914 988 corporalibus
946 935 1050 976 non
1086 920 1421 988 intendebat,
1451 920 1543 976 sed
1577 920 1834 992 spiritali-

241 1015 358 1067 bus.
388 1013 628 1084 Namque
661 1012 715 1068 in
761 1027 985 1068 excessu
1022 1013 1218 1066 mentis
1255 1027 1361 1067 non
1403 1011 1577 1068 dicit:
1609 1012 1832 1065 Audiam

240 1106 366 1176 quid
415 1105 635 1177 loquar;
670 1105 790 1172 sed,
824 1105 949 1169 quid
980 1104 1222 1176 loquatur
1251 1107 1302 1159 in
1347 1121 1426 1158 me
1471 1102 1608 1158 Deus
1655 1103 1831 1175 (Psal.

242 1213 462 1264 t.xxxtv,
497 1196 572 1270 9).
603 1196 787 1267 Neque
819 1196 1051 1250 attendit
1082 1205 1258 1251 utrum
1285 1195 1484 1262 nudus,
1509 1211 1574 1248 an
1608 1195 1834 1249 vestitus

238 1290 330 1344 sit.
367 1289 604 1362 Denique
622 1290 794 1346 Adam
819 1298 945 1344 ante
969 1297 1248 1362 peccatum
1269 1287 1444 1343 nudus
1457 1297 1576 1344 erat
1597 1285 1749 1360 (Gen.
1773 1302 1832 1360 II,

237 1381 354 1449 25),
391 1380 483 1435 sed
517 1379 718 1435 nudum
751 1394 810 1434 se
839 1379 1134 1445 nesciebat,
1165 1378 1289 1449 quia
1321 1389 1438 1433 erat
1478 1377 1699 1432 indutus
1728 1377 1836 1430 vir-

241 1471 444 1528 tatibus
474 1489 486 1525 :
523 1481 876 1542 posteaquam
922 1486 1053 1530 vero
1105 1479 1384 1539 peccatum
1407 1468 1703 1534 commisit,
1739 1485 1838 1524 nu-

237 1564 366 1618 dntn
394 1577 453 1618 se
480 1577 602 1617 esse
634 1562 789 1628 vidit,
816 1572 868 1618 et
909 1561 1059 1618 texit.
1096 1560 1211 1616 Noe
1252 1561 1486 1616 nudatus
1526 1572 1644 1616 erat
1679 1559 1831 1631 (Gen.

239 1673 316 1725 Ix,
349 1655 467 1727 21),
502 1655 596 1711 sed
645 1671 751 1710 non
792 1653 1171 1718 erubescebat,
1205 1656 1330 1726 quia
1362 1664 1483 1708 erat
1528 1652 1830 1722 plenusju-

1452 245 1946 304 EPISTOLARUM
1984 246 2265 305 CLASSIS
2303 249 2346 304 I.

236 362 504 429 horroris,
532 373 583 418 et
611 362 755 434 quod
782 363 832 417 in
858 350 1133 437 propheta:
1158 379 1386 434 corpore
1407 364 1824 428 aversabantur,
1857 370 1903 426 Α

3406 245 3542 303 1182

2005 363 2092 420 16.
2144 362 2336 428 Figura
2370 375 2545 419 autem
2582 364 2698 430 illa,
2731 365 2855 434 quia
2888 365 2940 418 in
2991 363 3264 433 Egyptiis
3316 363 3544 418 conlidit

1937 452 2029 522 qui
2052 452 2282 507 luxuriis
2309 451 2525 506 deditus
2563 463 2672 516 est,
2704 456 3044 523 mancipatus
3081 453 3339 508 lasciviae.
3374 454 3544 508 Nemo

1936 554 2118 599 autem
2167 560 2224 600 se
2270 544 2416 599 luxui
2469 545 2776 610 eommitlit,
2802 547 2900 601 nisi
2948 547 3040 616 qui
3089 546 3295 601 recedit
3343 563 3370 599 a
3407 562 3546 615 prm-

1935 637 2109 706 ceptis
2139 635 2234 690 Dei
2285 639 2419 692 veri.
2455 636 2555 692 Ubi
2601 649 2782 693 autem
2813 645 3044 707 coeperit
3095 642 3216 708 quis
3257 638 3541 704 luxuriari,

1937 729 2128 800 incipit
2159 730 2380 784 deviare
2403 745 2431 783 a
2462 729 2566 785 fide
2594 746 2740 784 vera.
2762 729 2840 784 ita
2867 730 2976 784 duo
2997 730 3285 785 committit
3306 731 3538 784 maxima

1936 819 2186 884 crimina,
2216 821 2506 892 opprobria
2529 822 2731 886 carnis,
2759 833 2807 874 et
2839 823 3043 875 mentis
3067 821 3371 891 sacrilegia.
3401 821 3542 889 Ergo

1937 914 2027 986 qui
2059 929 2165 970 non
2213 913 2463 984 sequitur
2489 913 2775 967 Dominum
2829 913 2999 968 Deum
3033 927 3211 979 suum,
3246 913 3543 984 ingurgitat

1938 987 1997 1060 se
2043 1005 2269 1060 luxurim
2301 1019 2364 1060 ac
2394 1005 2628 1071 libidini,
2664 1004 2940 1076 pestiferis
2970 1005 3219 1075 corporis
3274 1005 3542 1074 passioni-

1939 1096 2059 1152 bus.
2095 1095 2198 1163 Qui
2229 1105 2410 1152 autem
2443 1112 2503 1152 se
2543 1096 2958 1167 ingurgitaverit
3006 1106 3169 1166 atque
3201 1094 3227 1135 δ
3258 1097 3541 1152 immerse-

1938 1193 2007 1246 rit
2040 1190 2347 1261 ltujusmodi
2377 1190 2701 1255 volutabris,
2736 1189 2978 1260 perftdize
3004 1189 3226 1260 laqueos
3262 1190 3493 1244 incurrit
3525 1207 3536 1243 :

1941 1284 2084 1341 Sedit
2115 1287 2260 1341 enim
2287 1285 2511 1355 papulas
2532 1285 2847 1338 manducare
2875 1284 3112 1338 etbibere
3146 1283 3340 1354 (Exod.
3368 1300 3536 1350 xxxu,

1939 1377 2018 1445 6),
2049 1389 2102 1432 et
2145 1378 2258 1436 fieri
2291 1376 2399 1434 sibi
2428 1377 2562 1436 deos
2594 1378 2866 1449 poposcit.
2903 1376 3056 1432 Unde
3087 1378 3250 1432 docet
3279 1377 3542 1432 Dominus

1938 1471 2196 1540 quoniam
2247 1470 2339 1539 qui
2369 1470 2586 1526 duobus
2619 1468 2739 1526 istis
2771 1469 3102 1538 flagitiorum
3129 1470 3424 1538 generibus
3445 1469 3540 1523 de-

1937 1560 2080 1618 derit
2103 1563 2339 1617 animant
2385 1576 2559 1624 suam.
2592 1562 2809 1618 exuitur
2863 1561 3204 1627 indumento,
3237 1577 3343 1618 non
3376 1563 3541 1618 vestis

1938 1653 2132 1720 lauare,
2176 1655 2271 1709 sed
2311 1655 2505 1712 vivida:
2535 1654 2772 1717 virtutis;
2806 1652 2962 1723 cujus
3007 1655 3238 1714 amictus
3272 1664 3542 1714 non-tem-

236 1748 555 1815 ennditatis,
597 1758 652 1803 et
691 1747 952 1818 spiritalis
1002 1745 1225 1800 Iretitize.
1275 1745 1517 1816 Denique
1565 1744 1652 1815 qui
1709 1757 1832 1800 eum
1867 1761 1914 1820 Β
1942 1746 2168 1817 parulis,
2197 1746 2292 1802 sed
2337 1756 2578 1806 zeternus
2617 1754 2724 1801 est.
2779 1745 2936 1811 Vale,
2962 1755 3019 1801 et
3051 1761 3151 1800 nos
3191 1747 3384 1815 dilige;
3415 1748 3540 1816 quia

237 1840 357 1895 risit
403 1848 460 1894 ut
503 1838 730 1908 nudum,
761 1843 876 1912 ipse
899 1841 1095 1894 mansit
1129 1848 1406 1910 perpetua:
1443 1837 1710 1891 obnoxius
1739 1851 1834 1906 op-

237 1931 458 2001 probrio
487 1931 854 2003 turpitudinis.
888 1935 954 1986 At
984 1947 1114 1986 vero
1143 1929 1344 2001 Joseph
1377 1947 1442 1984 ne
1477 1931 1707 2000 turpiter
1738 1943 1830 1982 nu-

237 2021 479 2088 daretur,
499 2031 704 2078 vestem
730 2022 973 2093 reliquit,
992 2033 1041 2077 et
1058 2023 1233 2076 nudus
1251 2021 1455 2092 aufugit
1473 2019 1628 2090 (Gen.
1645 2035 1830 2084 xxxix,

238 2115 354 2184 12).
383 2115 512 2182 Quis
542 2115 707 2185 igitur
749 2115 944 2185 turpis,
975 2116 1066 2169 illa
1097 2130 1220 2186 quae
1252 2123 1457 2170 vestem
1500 2115 1731 2170 alienam
1757 2125 1835 2167 te—

236 2210 375 2276 nuit,
409 2227 474 2272 an
507 2209 552 2264 is
577 2210 668 2280 qui
693 2224 846 2263 suam
875 2208 1067 2263 exuit?

310 2301 397 2356 15.
429 2300 533 2356 Sed
559 2311 614 2355 ιιι
643 2301 856 2371 plenius
899 2299 1105 2370 liqueat
1128 2300 1251 2372 quia
1293 2314 1400 2354 non
1444 2315 1524 2364 se,
1551 2315 1727 2370 neque
1768 2315 1832 2354 ea

230 2410 356 2466 qute
389 2395 540 2462 juxta
591 2394 757 2463 pedes
787 2401 936 2457 sunt,
967 2391 1245 2462 propheta-
1276 2391 1567 2462 aspiciunt,
1601 2391 1694 2446 sed
1722 2406 1832 2446 cm-

231 2490 426 2554 lestia;
455 2484 796 2558 lapidabatur
821 2485 1152 2556 Stephanus,
1177 2496 1228 2542 et
1248 2485 1459 2540 videbat
1487 2487 1655 2541 caelos
1676 2501 1832 2554 aper-

231 2591 340 2648 tos,
367 2590 420 2635 et
440 2578 624 2635 Jesum
650 2578 715 2632 ad
744 2577 1025 2634 dexteram
1047 2578 1137 2632 Dei
1158 2587 1390 2632 stantem
1419 2578 1666 2649 (Act.vt:,
1692 2578 1782 2646 5'5)
1814 2595 1826 2631 :

228 2682 288 2728 et
328 2671 452 2728 ideo
490 2671 726 2741 lapidum
770 2670 911 2725 ictus
957 2685 1062 2725 non
1107 2670 1396 2737 sentiebat,
1429 2670 1674 2740 corporis
1719 2685 1828 2725 non

228 2765 614 2821 considerabat
635 2763 885 2830 vulnera;
913 2763 1008 2818 sed
1030 2763 1204 2820 oculis
1228 2773 1345 2820 erat
1371 2761 1590 2819 Christo
1612 2763 1828 2832 afﬁxus,

227 2858 310 2914 illi
341 2857 676 2913 adhaerebat.
702 2859 843 2929 Ergo
865 2866 919 2914 et
944 2857 1136 2912 Esaias
1166 2857 1367 2912 nudum
1389 2872 1448 2912 se
1479 2872 1584 2912 non
1610 2858 1832 2927 conspi-

225 2952 476 3017 eabatur,
505 2951 599 3006 sed
623 2949 822 3005 divinae
852 2951 1003 3006 vocis
1024 2965 1284 3021 organum
1309 2964 1367 3005 se
1387 2947 1828 3022 przebebat(Esa.

227 3062 322 3110 xx,
360 3045 452 3116 2);
481 3053 541 3098 ut
589 3053 864 3114 promeret
916 3043 1058 3112 quod
1089 3041 1140 3097 in
1181 3059 1246 3097 eo
1295 3042 1617 3112 loquebatur
1662 3041 1826 3096 Deus.

1941 1854 2039 1894 nos
2069 1847 2120 1894 te
2147 1838 2442 1910 diligimus.

2460 1943 2480 1969 ε
2514 1931 2848 1994 EPISTOLA
2879 1930 3016 1994 LIX.

1940 2022 1994 2077 Ν
2000 2025 2202 2077 untiato
2231 2022 2415 2077 Jacobi
2441 2025 2724 2096 presbyteri
2749 2040 2950 2076 secessu
2974 2039 3034 2075 ω’
3067 2021 3284 2076 Perside
3309 2024 3362 2076 in
3385 2023 3541 2077 Cam-

2008 2117 2242 2189 paniam,
2269 2117 2424 2178 huius
2467 2117 2635 2187 plaga:
2660 2115 3084 2185 tranquillitatem
3119 2116 3321 2183 laudnt,
3347 2119 3534 2172 tumul-

2008 2222 2089 2265 tus
2110 2211 2252 2280 queis
2289 2209 2644 2264 Mediolanum
2673 2209 2989 2280 agitabatur,
3023 2211 3101 2263 illi
3141 2227 3422 2282 apponens.

2279 2304 2580 2359 AMBROSIUS
2615 2305 2639 2338 α
2665 2303 2882 2357 δενειιο
2911 2303 3193 2373 episeopo.

2011 2399 2062 2452 1.
2116 2396 2190 2450 E\'
2225 2395 2419 2452 ultimo
2466 2407 2487 2431 ί·
2531 2395 2772 2452 Persidis
2820 2393 3100 2465 profetttts
3152 2394 3272 2448 sinu
3301 2393 3542 2450 Jacobus

1935 2492 2105 2547 frater
2145 2502 2202 2548 et
2247 2492 2663 2564 compresbyter
2705 2500 2912 2555 noster,
2951 2489 3263 2561 Campani-.e
3311 2491 3417 2546 sibi
3470 2491 3537 2546 ad

1937 2583 2390 2655 requiescendum
2426 2584 2631 2647 littora,
2657 2592 2711 2638 et
2741 2595 2952 2638 vestras
2981 2582 3145 2653 elegit
3169 2583 3534 2638 amoenitates.

1937 2679 2191 2734 Advertis
2233 2679 2429 2750 quibus
2457 2678 2508 2732 in
2540 2678 2676 2733 locis
2705 2674 2720 2713 τ
2757 2678 2912 2747 quasi
2944 2677 3012 2730 ab
3042 2675 3204 2746 ltnjus
3233 2677 3417 2730 mundi
3447 2692 3539 2733 va-

1934 2787 2091 2827 cuam
2124 2771 2537 2842 tempestatibus
2573 2778 2866 2840 suppetere
2899 2769 3000 2822 sibi
3052 2784 3210 2839 posse
3241 2784 3540 2841 przrsump-

1934 2865 2068 2920 serit
2097 2867 2474 2932 securitatem,
2508 2864 2596 2917 ubi
2631 2871 2753 2934 post
2802 2860 3092 2916 diuturnos
3139 2859 3353 2915 labores
3405 2863 3537 2916 reti-

1934 2974 2099 3030 quum
2126 2959 2250 3012 vitze
2280 2957 2484 3027 exigat.

2006 3051 2060 3103 2.
2091 3049 2319 3105 RemOIa
2351 3050 2497 3106 enim
2539 3048 2703 3103 vestri
2760 3062 2855 3103 ora
2905 3046 3102 3101 littoris
3135 3063 3239 3099 non
3285 3045 3462 3101 solum
3510 3062 3538 3100 a

307 3137 518 3210 1016
557 3136 643 3190 11.
690 3136 796 3190 Sed
847 3145 967 3190 esto
1007 3143 1064 3188 ut
1094 3149 1153 3188 se
1186 3133 1414 3198 videret,
1459 3143 1670 3204 poterat
1723 3149 1827 3188 non

1944 3142 2214 3213 periculis,
2244 3142 2336 3196 sed
2361 3142 2522 3204 etiam
2557 3141 2626 3194 ab
2654 3142 2798 3196 omni
2829 3139 3058 3210 strepitu
3093 3139 3538 3207 tranquillitatem

227 3231 409 3285 facere
441 3230 928 3300 quotljubebalur?
959 3227 1175 3283 Poterat
1205 3236 1359 3299 turpe
1382 3229 1657 3293 arbitrari,
1683 3229 1828 3298 (ιυυά

227 3323 535 3394 imperabat
560 3322 743 3376 Dens?
769 3321 901 3377 Sara
929 3322 1050 3391 quia
1077 3320 1219 3387 risit,
1253 3319 1647 3375 incredulitatis
1677 3335 1828 3374 coar-

222 3430 349 3489 gnta
382 3429 466 3473 est
497 3417 650 3490 (Gen.
677 3435 824 3486 xttn,
859 3421 916 3492 2)
943 3439 954 3474 :
981 3419 1257 3475 Abraham
1289 3418 1571 3485 laudatus;
1608 3420 1734 3491 quia
1775 3420 1826 3486 in

223 3509 394 3565 verbo
425 3511 514 3566 Dei
561 3527 665 3565 non
697 3512 966 3567 haesitavit
1001 3511 1341 3568 :etdonatus
1385 3510 1828 3566 remuneratione

224 3605 486 3671 maxime,
535 3609 660 3677 quia
707 3607 932 3678 jubente
974 3608 1082 3663 Deo
1112 3607 1197 3677 pie
1228 3621 1390 3678 posse
1436 3605 1551 3662 lieri
1595 3605 1832 3661 credidit

219 3699 388 3751 etiam
425 3706 447 3732 η
479 3699 824 3769 parricidium
849 3697 1002 3770 (Gen.
1029 3697 1147 3768 xv).

299 3791 389 3846 15.
422 3789 521 3846 llic
563 3791 729 3861 igitur
768 3791 897 3862 quid
947 3788 1288 3848 verecundia:
1339 3800 1484 3845 esset
1524 3787 1825 3860 prophetae,

223 3885 313 3938 tibi
367 3883 515 3937 aliud
569 3884 892 3950 gerebatur,
936 3892 991 3936 et
1054 3883 1198 3935 aliud
1251 3881 1624 3952 lignrabatur?
1661 3882 1830 3940 Judaei

228 3983 452 4046 prepter
479 3974 676 4044 ﬂagitia
704 3989 798 4028 sua
825 3974 1070 4029 destituti
1096 3988 1126 4026 a
1147 3974 1375 4030 Domino
1401 3976 1530 4037 Deo,
1551 3985 1833 4044 coeperant

228 4068 374 4124 vinci
423 4067 492 4121 ab
522 4066 846 4123 adversariis
899 4068 1034 4132 suis,
1077 4064 1326 4121 conferre
1374 4081 1432 4122 se
1462 4065 1714 4122 volebant
1762 4067 1829 4126 ad

228 4163 541 4235 Aigyptios;
573 4171 631 4218 ut
679 4163 784 4220 sibi
815 4171 1002 4220 essent
1048 4161 1304 4232 praesidio
1341 4160 1629 4216 adversum
1661 4165 1830 4233 Assy~

231 4260 364 4324 rios,
389 4260 480 4329 qui
509 4259 690 4314 redire
717 4257 887 4328 magis
919 4255 984 4311 ad
1009 4256 1194 4324 tidem,
1228 4255 1272 4308 si
1298 4255 1425 4311 boni
1452 4256 1827 4322 consulerent,

229 4348 564 4408 debuissent.
624 4349 795 4404 Iratus
845 4346 1102 4406 Dominus
1157 4346 1424 4417 signillcat
1469 4361 1657 4402 vanam
1706 4345 1830 4422 illos

227 4457 378 4512 spem
419 4456 634 4513 gerere,
665 4442 756 4512 qui
780 4437 1043 4500 offensam
1077 4439 1291 4502 Domini
1322 4449 1582 4510 putarunt
1625 4441 1829 4510 majore

1934 3237 2167 3292 infundit
2195 3236 2466 3301 sensibus,
2498 3245 2551 3290 et
2583 3236 2813 3294 traducit
2857 3235 3069 3288 animos
3115 3250 3143 3288 a
3176 3233 3536 3297 terribilibus,

1931 3343 1984 3386 et
2012 3333 2174 3386 suavis
2214 3347 2468 3386 curarum
2498 3329 2724 3386 restibus
2774 3327 2838 3381 ad
2873 3326 3159 3382 honestam
3191 3310 3451 3397 quietem;
3486 3334 3543 3380 ut

1931 3427 2062 3482 illud
2095 3442 2386 3482 commune
2437 3425 2680 3482 omnium
2729 3421 3039 3498 specialiter
3087 3421 3243 3474 vobis
3293 3421 3543 3474 videatur

1931 3533 2236 3588 congruere
2279 3528 2335 3573 et
2379 3515 2698 3578 convenire,
2727 3514 2872 3584 quod
2921 3515 2990 3566 ait
3029 3512 3196 3566 David
3244 3514 3312 3568 de
3353 3523 3538 3567 sancta

1935 3611 2178 3666 Ecclesia
2232 3628 2244 3664 :
2296 3608 2420 3675 Ipse
2469 3607 2678 3692 ιον]
2709 3621 2864 3673 super
2905 3605 3071 3659 maria
3115 3604 3355 3670 [undavit
3393 3620 3535 3666 eam,

1933 3714 1979 3757 et
2021 3701 2411 3772 superﬂumina
2441 3698 2754 3769 prwparavit
2785 3712 2892 3748 eam
2929 3693 3100 3765 (Ῑίιαί.
3132 3709 3287 3756 χχιιι,
3336 3693 3417 3761 2).
3447 3691 3537 3745 Et-

1933 3794 2042 3848 nim
2078 3793 2216 3850 liber
2241 3791 2457 3852 animus
2489 3808 2514 3841 ει
2545 3790 2900 3844 barbarorum
2936 3784 3266 3849 incursibus,
3299 3792 3355 3836 et
3399 3800 3538 3851 prmo

1934 3887 2129 3942 liornm
2152 3882 2568 3945 acerbitatibus,
2586 3889 2741 3934 vacat
2763 3877 3127 3941 orationibus,
3155 3875 3379 3930 inservit
3403 3875 3536 3940 Deo,

1933 3987 2089 4037 curat
2107 3991 2170 4034 ea
2195 3993 2316 4049 quae
2345 3985 2471 4030 sunt
2518 3973 2759 4040 Domini,
2788 3973 2932 4026 fovet
2960 3972 3047 4024 illa
3080 3986 3201 4040 qua:
3232 3972 3380 4040 pacis
3413 3980 3538 4024 sunt

1934 4082 1989 4129 et
2031 4069 2463 4144 tranquillitatis.

2003 4167 2056 4222 5.
2087 4164 2197 4224 Nos
2222 4173 2403 4228 autem
2435 4161 2634 4231 objecti
2664 4169 2688 4206 κ
2721 4157 3024 4215 barbaricis
3052 4157 3313 4222 motibus,
3347 4169 3400 4212 et
3424 4158 3537 4216 bei—

1928 4255 2105 4312 lorum
2136 4255 2414 4326 procellis,
2443 4255 2496 4308 in
2525 4251 2706 4306 medio
2747 4264 3033 4304 versamur
3055 4244 3298 4303 omnium
3335 4249 3536 4301 moles-

1935 4352 2130 4406 tiarunt
2165 4350 2330 4418 freto,
2369 4355 2422 4405 et
2453 4365 2550 4420 pro
2587 4347 2672 4402 his
2721 4346 3002 4403 laboribus
3035 4356 3089 4400 et
3122 4343 3383 4416 periculis
3413 4358 3538 4412 gia.

1935 4445 2081 4502 viora
2113 4445 2422 4516 colligimus
2469 4443 2662 4506 latura:
2695 4442 2821 4497 vita:
2861 4442 3128 4512 pericula.
3164 4437 3321 4496 Unde
3347 4436 3414 4492 tle
3446 4453 3541 4488 nn-

222 4541 448 4602 peccato
477 4533 757 4588 levandam
785 4550 799 4596 ;
823 4547 946 4587 cum
991 4531 1067 4587 illi
1096 4531 1197 4600 ipsi
1247 4532 1496 4587 vincendi
1542 4532 1740 4599 forent,
1775 4533 1828 4588 in
1855 4536 1907 4596 1)
1935 4539 2016 4593 bis
2047 4539 2422 4609 propheticum
2453 4537 2583 4592 illud
2628 4537 2920 4591 concinere
2962 4534 3176 4589 videtur
3207 4552 3218 4587 ;
3253 4531 3358 4585 Pro
3388 4531 3532 4584 ιηιρο-

222 4641 454 4698 quormn
499 4627 717 4682 auxiliis
747 4625 978 4698 populus
1007 4624 1324 4682 Iudaeorum
1352 4625 1650 4681 conﬁderet
1682 4626 1818 4681 :hoc

221 4719 524 4778 secundum
551 4718 857 4778 historiam.

293 4919 318 4945 ει
359 4907 413 4964 ιιι
445 4917 559 4964 est.
604 4916 658 4960 ut
681 4904 926 4962 Nannius
953 4904 1228 4969 observat,
1267 4905 1361 4959 lilii
1396 4905 1816 4971 maetationem;

219 4981 399 5036 omnis
429 4983 572 5034 enhn
603 4978 780 5031 czedes
809 4977 861 5031 in
892 4987 1153 5045 cognatos
1199 4976 1548 5043 parricidium
1597 4976 1819 5044 dicitur,

218 5063 272 5108 et
302 5053 354 5106 in
378 5065 473 5104 eos
501 5050 590 5120 qui
615 5051 828 5104 titulum
851 5049 1018 5117 patris
1037 5047 1226 5120 patriae
1252 5057 1620 5120 emet-uerunt.

292 5123 317 5161 ι»
345 5122 483 5176 Mss.
518 5117 762 5186 'aliquot,
796 5119 1100 5174 immerserit
1142 5117 1446 5182 volutabris;
1476 5131 1613 5170 unus
1634 5119 1816 5186 etiam,

218 5193 522 5248 immerserit
552 5191 915 5257 uoluptatibus.

294 5277 315 5301 ε·
369 5263 583 5333 Scripta
617 5264 759 5333 circa
791 5277 993 5315 annum
1024 5259 1150 5333 393.

289 5335 315 5372 ά
356 5329 546 5390 Severi
592 5332 941 5404 Neapolitani
975 5329 1214 5404 episcopi
1256 5337 1816 5404 nomensanctorum

216 5409 344 5461 albo
371 5405 684 5460 inscribitur
710 5397 890 5472 pridie
929 5397 1034 5472 kal.
1070 5397 1390 5472 Maii,_cujus
1414 5399 1576 5453 etiant
1621 5410 1821 5472 perno-

218 5479 441 5534 norillca
472 5477 676 5532 mentio
720 5468 775 5529 iit
802 5473 940 5533 apud
965 5468 1347 5541 Symmachum
1370 5468 1822 5539 quamvisetbnl-

215 5566 362 5610 eum,
393 5549 489 5602 lib.
523 5562 598 5612 vI,
633 5548 791 5615 epist.
827 5545 916 5600 5|.
948 5544 1098 5615 llunc
1133 5547 1344 5615 autem
1373 5541 1550 5610 ipsum
1581 5541 1817 5615 esse_ad

215 5635 378 5691 quem
423 5611 781 5691 Ambrosinus
814 5619 928 5691 lucc
952 5612 1180 5684 epistola
1204 5611 1531 5691 destinatur,
1563 5623 1682 5681 post
1713 5613 1814 5666 Ba-

215 5682 692 5767 roniumtradidtt
737 5682 1000 5760 Ughellus
1043 5697 1173 5767 tom.
1204 5682 1302 5767 Vl_
1329 5684 1726 5767 μεμε-βεργερ.
1752 5698 1816 5767 ne

216 5764 565 5840 Bollandistm
585 5762 651 5817 ad
681 5754 1033 5842 memoratam
1057 5760 1222 5826 diem;
1251 5755 1344 5813 ubi
1369 5755 1612 5828 ejusdem
1639 5754 1814 5839 sancti

1926 4630 2067 4685 ribus
2096 4632 2200 4684 vidi
2228 4631 2557 4685 tabernacula
2585 4629 2899 4698 /Etltiopum
2929 4626 3155 4697 (llabac.
3193 4641 3271 4691 III,
3307 4626 3384 4695 7).

1996 4725 2050 4778 4.
2079 4725 2288 4786 Etenim
2319 4726 2371 4780 in
2400 4725 2557 4785 istius
2600 4724 2784 4782 mundi
2815 4721 3078 4790 tenebris,
3111 4721 3307 4790 quibus
3342 4719 3534 4773 obum-

1925 4907 2165 4978 episeiopi
2197 4908 2360 4966 vitam
2393 4909 2634 4964 edidere.

2000 4989 2022 5016 ε
2063 4977 2258 5034 Utrum
2289 4979 2404 5033 ltrec
2453 4981 2614 5033 verba
2665 4979 2732 5033 de
2783 4978 3016 5049 quadam
3051 4980 3334 5048 ipsiusmet
3379 4978 3529 5032 sinus

1924 5049 2127 5106 Persici
2158 5066 2274 5116 ora,
2302 5065 2368 5105 an
2401 5051 2467 5104 de
2498 5053 2786 5105 remotiore
2818 5050 3054 5108 Persidis
3085 5052 3304 5118 regione
3335 5049 3529 5104 intelli-

1919 5122 2091 5192 genda
2122 5123 2250 5185 sint,
2289 5140 2393 5177 non
2429 5121 2614 5192 liquet.

2003 5193 2020 5232 ί
2065 5192 2316 5263 Plerique
2344 5210 2498 5257 mss.,
2531 5194 2676 5262 quasi
2703 5193 2770 5245 ad
2788 5194 2942 5261 hujus
2971 5193 3152 5244 mundi
3179 5205 3416 5245 vacuum.

1997 5276 2020 5311 8
2067 5265 2350 5333 Barottins,
2379 5281 2538 5336 quem
2573 5265 2623 5319 in
2667 5264 2768 5318 ltoe
2816 5263 3071 5336 Ugltellus
3102 5264 3302 5333 aliique
3336 5279 3526 5316 recen-

1931 5337 2116 5400 tiores,
2153 5353 2250 5390 nec
2279 5335 2585 5393 nonetiam
2617 5335 2860 5391 Bollandi
2911 5335 3316 5388 continuatores
3357 5336 3528 5388 secuti

1927 5415 2075 5472 sunt,
2112 5407 2253 5461 hunc
2281 5409 2456 5462 locant
2498 5408 2563 5462 ad
2610 5408 2822 5461 Maximi
2863 5407 3075 5475 tyranni
3129 5405 3324 5458 bellum
3359 5409 3525 5471 perti-

1927 5491 2056 5530 nere
2105 5480 2412 5540 contendit,
2447 5489 2632 5532 eontra
2664 5493 2792 5532 vero
2841 5487 3027 5528 auctor
3081 5479 3204 5528 vitzc
3259 5476 3528 5530 Ambrosii

1925 5550 2216 5602 vernacula
2275 5552 2454 5614 lingua
2508 5551 2690 5614 editm,
2730 5549 2920 5602 eadem
2963 5548 3127 5599 verba
3181 5545 3246 5600 ad
3303 5547 3528 5614 [ingenii

1921 5617 2210 5690 adventum
2253 5621 2304 5675 in
2360 5615 2565 5676 Italiam
2600 5619 2882 5676 referenda
2915 5615 3176 5680 defendit.
3210 5620 3324 5690 Qua
3375 5618 3441 5672 de
3471 5634 3528 5690 re.

1921 5689 2052 5748 satis
2081 5689 2318 5774 diximus
2365 5696 2417 5748 in
2446 5694 2854 5770 Admonitione.
