4092 6190
529 247 668 310 “83

1893 239 2139 299 SANCTI
2181 240 2320 299 ΑΜΒ
2330 237 2506 296 ROSII

3707 231 3844 291 ΗΜ

525 363 714 421 bratur
737 364 935 420 veritas
967 363 1164 417 futura:
1189 359 1572 431 perfectionis;
1603 367 1626 394 τι
1648 372 1772 414 cum
1803 371 2002 413 annum
2030 368 2134 412 ter-
2163 356 2218 416 Α
2243 354 2540 425 perspiciat
2569 353 2775 419 animo,
2805 358 3027 407 revocat
3083 363 3324 406 manum.
3383 343 3548 417 Ergo
3574 346 3738 402 etiam
3793 357 3844 404 tu

526 457 660 511 tlum
691 465 746 510 et
769 450 1406 524 quinquagesimumjam
1433 448 1781 520 perduxerim
1812 449 1865 504 in
1893 449 1994 503 hoc
2013 461 2134 502 cor-

528 561 664 617 pore
693 545 853 608 situs,
884 543 938 598 in
964 557 1072 614 quo
1104 551 1212 596 tam
1243 555 1437 612 graves
1459 538 1773 609 jamdudum
1804 539 2134 594 sustinemus

527 638 784 710 gemitus,
797 636 1069 708 quomodo
1094 651 1203 690 non
1227 635 1282 690 in
1307 632 1669 689 tabernaculis
1682 631 1995 702 Ethiopum
2013 637 2135 686 ten-

527 731 738 797 dimus,
793 741 847 786 et
891 730 1201 786 habitamus
1231 727 1259 767 ι)
1289 743 1410 782 cum
1460 725 1830 782 habitantibus
1884 723 2134 778 Madiani

529 821 633 889 Qui
661 831 886 892 propter
910 820 1183 877 tenebrosi
1210 820 1391 890 operis
1429 817 1814 873 conscientiam
1849 814 2136 885 dijudicari

529 915 693 972 etiam
717 915 786 970 ab
810 913 1030 970 homine
1059 913 1276 968 mortali
1301 910 1658 966 reformidant
1680 906 1852 979 (Psal.
1881 904 2133 977 cxtx,5):

533 1009 809 1081 Spiritalis
838 1009 976 1062 enim
1025 1007 1280 1075 diiudicat
1310 1006 1504 1072 omnia,
1538 1004 1648 1072 ipse
1673 1012 1844 1057 autem
1880 1019 1914 1055 a
1941 999 2139 1054 nemine

531 1101 856 1174 dijudicatur
879 1100 924 1171 (Ι
949 1100 1070 1154 Cor.
1105 1117 1166 1166 ll,
1201 1099 1314 1168 l5).
1348 1098 1500 1165 Vale,
1525 1097 1717 1161 frater,
1747 1104 1803 1150 et
1825 1109 1923 1149 nos
1950 1092 2134 1162 dilige,

533 1202 587 1246 ut
620 1191 787 1258 facis;
821 1191 947 1263 quia
979 1206 1078 1247 nos
1107 1199 1160 1246 te
1177 1190 1474 1260 diligimus.

1068 1316 1088 1342 ο
1129 1303 1461 1360 EPISTOLA
1503 1301 1617 1356 LX.

539 1422 834 1478 Paranuuu
863 1421 974 1491 ﬁlio
1001 1429 1202 1492 neptem
1233 1435 1314 1486 ,επ
1355 1418 1468 1488 ﬁlia
1495 1433 1708 1472 uxorem
1752 1415 1952 1470 tradere
2001 1416 2144 1487 δοθε-

612 1525 804 1568 tantem
826 1531 859 1567 a
886 1514 1153 1584 proposito
1182 1513 1296 1583 ipsa
1320 1511 1590 1564 nominum
1617 1508 2026 1562 consideratione
2055 1507 2144 1560 de-

611 1614 789 1660 terret.
826 1603 893 1658 Id
911 1605 1011 1674 legi
1039 1604 1230 1657 divina:
1270 1617 1556 1671 congruum
1581 1609 1753 1670 negat,
1785 1599 2005 1668 itemque
2027 1599 2142 1669 ‘pie-

611 1699 708 1752 tati
759 1714 820 1751 ac
844 1696 1094 1752 Ctesareis
1129 1694 1574 1749 constitutionibus
1608 1709 1626 1747 :
1660 1701 1772 1745 tum
1798 1692 1983 1745 solutis
2027 1691 2146 1759 qui-

609 1790 828 1842 busdam
850 1787 1268 1860 objectiunculis,
1301 1787 1509 1841 easdem
1529 1786 1740 1855 nuptias
1769 1800 1870 1838 non
1902 1785 2145 1854 expedire

611 1884 905 1952 conﬁrmat.

1024 1997 1330 2052 Auauosms
1369 1997 1641 2052 ΡΑτειιιιο.

617 2114 668 2167 1.
695 2112 916 2168 Paterni
941 2111 1159 2184 quidem
1191 2113 1431 2167 unanimi
1460 2113 1566 2168 mei
1588 2112 1970 2168 salutationem
2011 2111 2141 2183 legi,

542 2204 568 2242 ἀ
589 2206 682 2262 scd
697 2206 1150 2262 consultationem
1170 2205 1586 2276 haudquaquam
1604 2213 1915 2276 paternam;
1937 2213 1994 2258 ut
2009 2204 2144 2259 velis

543 2301 654 2355 lilio
696 2309 913 2371 neptem
944 2299 1202 2370 c0pnlare
1243 2311 1314 2355 ‘ex
1346 2298 1451 2354 filia
1491 2318 1502 2352 :
1535 2298 1629 2354 sed
1663 2313 1763 2353 nec
1806 2313 1908 2352 avo
1943 2307 2014 2367 te,
2043 2312 2144 2353 nec

543 2404 694 2465 patre
729 2394 971 2466 dignam.
1009 2394 1194 2464 Itaque
1235 2393 1363 2464 quid
1419 2392 1782 2456 consulueris,
1822 2392 2143 2455 considera;

541 2503 702 2543 omne
732 2489 876 2543 enim
923 2485 1069 2558 quod
1114 2501 1278 2558 agere
1310 2486 1582 2553 volumus,
1616 2485 1769 2555 prius
1798 2500 1994 2540 nomen
2019 2484 2146 2541 facti

540 2582 658 2651 ejus
687 2581 1104 2653 interrogemus,
1129 2591 1184 2638 et
1211 2591 1336 2636 tttnc
1376 2590 1554 2636 utrum
1585 2579 1745 2635 laude
1773 2595 1840 2635 an
1872 2580 2147 2650 vitupera-

540 2673 688 2728 tione
715 2674 939 2744 dignum
992 2675 1083 2740 sit,
1118 2673 1534 2729 aestimabimus.
1570 2671 1735 2728 Verbi
1786 2675 1983 2744 gratia,
2018 2673 2146 2726 mis-

537 2765 650 2820 ceri
699 2764 912 2820 mulieri
959 2765 1281 2837 quibusdam
1329 2765 1576 2834 volnptas
1608 2775 1722 2826 est,
1759 2774 1782 2801 ε
1813 2764 2145 2819 medicorum

536 2855 702 2910 etiam
729 2857 878 2924 pueri
911 2858 1237 2927 corporibus
1264 2857 1396 2911 utile
1427 2857 1609 2912 ferunt
1639 2873 1650 2910 :
1683 2856 1776 2912 sed
1801 2856 2140 2912 consideran-

541 2946 670 3000 dum
703 2959 882 3002 utrum
911 2949 1153 3018 conjugi,
1183 2963 1251 3002 an
1283 2959 1582 3015 extrahere;
1611 2948 1807 3004 deinde
1839 2959 2043 3018 nuptm,
2077 2965 2145 3004 an

539 3039 798 3109 innuptae.
831 3041 889 3096 Si
929 3041 1052 3110 quis
1082 3042 1295 3112 1018
1319 3040 1654 3109 desponsata
1704 3043 1806 3096 sibi
1854 3052 1909 3096 et
1952 3041 2148 3097 tradita

2234 448 2363 519 quid
2389 447 2670 512 consulas,
2703 460 2889 518 qumso
2922 454 3097 500 tecum
3128 453 3413 500 retractes.

2305 539 2361 594 2.
2388 539 2712 611 Conjngium
2739 538 2820 592 vis
2851 538 2996 593 inter
3036 537 3176 590 filios
3225 548 3445 593 nostros
3489 551 3843 609 componere.

2236 632 2432 700 Qnaaro
2460 640 2638 687 utrum
2667 645 2824 701 pares
2844 629 3160 699 copulandi,
3194 643 3260 682 an
3287 629 3524 699 impares
3549 630 3698 685 sint?
3718 628 3847 691 Sed,

2239 724 2340 778 nisi
2372 723 2858 792 fallor,compares
2889 719 3150 790 appellari
3183 719 3380 775 solent.
3407 721 3584 776 Boves
3609 720 3702 791 qui
3726 719 3849 790 jun-

2237 818 2318 887 git
2341 816 2408 870 ad
2441 825 2708 880 aratrum,
2739 827 2912 884 equos
2940 812 3006 866 ad
3039 827 3282 878 currum,
3317 827 3477 880 pares
3499 812 3674 882 eligit,
3708 821 3764 867 et
3792 819 3850 866 ut

2238 918 2369 963 mtas
2397 907 2687 962 conveniat
2715 915 2769 960 et
2795 905 2994 970 forma,
3027 918 3127 958 nec
3158 913 3350 957 natura
3371 903 3397 939 ιι
3430 903 3724 974 discrepet,
3753 917 3850 958 nec

2239 1001 2516 1057 decoloret
2542 998 2857 1054 diversitas.
2880 996 2960 1050 Tu
2989 994 3253 1065 copulare
3275 1009 3439 1064 paras
3471 995 3642 1050 filium
3675 1004 3848 1060 tuum,

2240 1104 2293 1149 et
2341 1101 2557 1163 neptem
2595 1083 2666 1146 εἰ
2699 1090 2830 1156 filia,
2863 1089 2963 1144 hoc
3001 1098 3107 1152 est,
3142 1096 3200 1142 ιιι
3235 1087 3465 1157 accipiat.
3497 1087 3705 1142 sororis
3735 1101 3851 1139 suae

2241 1189 2430 1266 filiam,
2461 1188 2671 1242 diversa
2705 1185 2835 1240 licet
2861 1192 3033 1237 matre
3081 1196 3242 1252 quam
3297 1195 3486 1235 socrus
3529 1179 3728 1235 editus.
3761 1178 3852 1234 ln-

2241 1290 2457 1352 terroga
2482 1279 2761 1335 nominum
2789 1276 3110 1344 religionem
3141 1290 3153 1327 :
3187 1288 3380 1343 nempe
3409 1272 3713 1328 avunculus
3747 1271 3850 1326 iste

2241 1373 2406 1439 illius,
2441 1373 2536 1426 illa
2569 1371 2730 1438 hujus
2763 1369 2774 1405 ί
2817 1367 2994 1438 neptis
3039 1375 3284 1421 vocatur.
3316 1364 3421 1420 Nec
3448 1366 3566 1435 ipse
3598 1374 3653 1419 te
3682 1377 3847 1419 revo-

2243 1474 2330 1520 cat
2359 1478 2526 1518 sonus
2560 1462 2867 1525 nomimtm;
2896 1476 3018 1516 cum
3046 1459 3135 1513 hic
3156 1473 3315 1513 avum
3343 1466 3582 1523 resonet,
3614 1457 3710 1511 illa
3740 1455 3850 1512 hoc

2244 1571 2442 1612 nomen
2465 1555 2531 1610 ad
2551 1554 2897 1616 avunculmn,
2924 1551 3077 1623 quod
3101 1551 3166 1606 ad
3187 1566 3345 1606 avum
3369 1548 3606 1606 referat?
3630 1550 3851 1617 Quanta

2156 1664 2166 1680 ·
2245 1649 2445 1705 deinde
2504 1650 2664 1704 etiam
2720 1647 3054 1718 reliquorum
3106 1645 3352 1700 confusio
3406 1643 3853 1698 vocabulorum?

2173 1745 2218 1806 B
2249 1743 2395 1798 Idem
2421 1756 2557 1796 avus
2586 1749 2640 1795 et
2679 1755 2836 1795 socer
2869 1739 3161 1805 vocabere,
3194 1753 3255 1792 ea
3298 1751 3514 1807 quoque
3546 1736 3643 1791 tibi
3672 1737 3854 1805 neptis

2165 1881 2169 1887 .
2245 1844 2300 1891 et
2329 1850 2496 1888 nurus
2549 1832 2770 1887 diverso
2802 1832 3021 1886 nomine
3051 1829 3475 1899 nuncupabitur.
3520 1827 3851 1882 Mntuabun-

2247 1939 2334 1985 tur
2364 1931 2527 1984 etiam
2580 1927 2781 1983 fratres
2832 1928 3046 1983 diversa
3091 1925 3378 1989 vocabula,
3417 1934 3476 1979 ut
3524 1925 3615 1978 illa
3663 1940 3853 1980 socrus

2246 2021 2434 2077 fratris
2465 2020 2555 2086 sit,
2582 2020 2682 2074 iste
2723 2034 2891 2090 gener
2935 2017 3160 2072 sororis.
3216 2015 3396 2072 Nubat
3442 2017 3710 2072 avunculo
3752 2031 3853 2071 suo

2247 2115 2446 2184 neptis,
2477 2121 2531 2168 et
2576 2113 3048 2167 immaculatorum
3081 2111 3366 2182 pignorum
3395 2108 3634 2163 charitas
3665 2108 3850 2164 illece-

2248 2207 2410 2261 broso
2445 2219 2630 2260 amore
2667 2215 2926 2259 mutetur.

2318 2299 2372 2352 '5.
2401 2297 2576 2366 Super
2604 2296 2706 2352 hoc
2752 2297 2918 2368 igitur
2963 2312 3137 2353 meam
3171 2311 3199 2351 a
3229 2305 3417 2352 sancto
3446 2294 3851 2366 viro'episcopo

2248 2405 2427 2448 vestro
2454 2393 2466 2442 i
2504 2393 2806 2463 exspectari
2830 2389 3156 2446 sententiam
3187 2389 3343 2446 dicis.
3369 2389 3484 2445 Non
3513 2389 3726 2460 opinor,
3760 2402 3853 2443 ne-

2247 2502 2355 2558 que
2379 2488 2637 2543 arbitror.
2664 2485 2796 2542 Nam
2840 2486 2886 2541 si
2931 2486 3001 2540 ita
3053 2494 3218 2553 esset,
3249 2494 3306 2541 et
3345 2486 3459 2555 ipse
3501 2482 3849 2540 scribendum

2249 2589 2491 2652 putasset
2519 2599 2531 2635 :
2563 2595 2669 2636 non
2701 2580 2994 2636 scribendo
3025 2589 3205 2635 autem
3234 2578 3561 2648 significavit
3585 2578 3733 2650 quod
3758 2594 3852 2635 ne-

2249 2691 2519 2747 quaquam
2555 2676 2680 2730 hinc
2717 2673 3073 2730 dubitandum
3120 2673 3496 2729 arbitraretur.
3521 2672 3663 2741 Quid
3705 2671 3848 2728 enim

2251 2777 2353 2832 est,
2410 2767 2552 2839 quod
2603 2767 2839 2821 dubitari
2895 2775 3094 2836 queat;
3148 2779 3270 2820 cum
3322 2765 3406 2820 lex
3451 2764 3633 2819 divina
3687 2768 3848 2822 etiam

2254 2864 2277 2900 κ
2307 2865 2576 2934 patrueles
2603 2865 2794 2918 fratres
2813 2861 3098 2932 prohibeat
3127 2861 3488 2917 convenirein
3513 2861 3848 2932 conjugalcm

2252 2958 2523 3027 copulam,
2549 2955 2638 3026 qui
2691 2956 2789 3010 sibi
2822 2964 3014 3026 quarto
3059 2954 3334 3009 sociantur
3385 2952 3600 3023 gradu?
3629 2953 3723 3008 Hic
3750 2969 3848 3007 au-

2254 3058 2361 3103 tem
2393 3049 2590 3118 gradus
2637 3049 2828 3102 tertius
2857 3057 2963 3110 est,
2994 3046 3085 3117 qui
3118 3046 3282 3101 etiam
3310 3044 3454 3100 civili
3507 3045 3630 3114 jure
3654 3060 3683 3099 a
3714 3061 3848 3100 con-

541 3139 745 3196 utatur,
776 3128 796 3166 ί
827 3131 1138 3201 conjugium
1167 3140 1327 3187 vocat
1357 3153 1370 3187 :
1395 3134 1485 3203 qui
1518 3133 1711 3187 alienae
1741 3143 2017 3204 expugnat
2048 3149 2144 3204 pu-
2173 3132 2217 3193 C
2251 3139 2422 3195 sortio
2446 3138 2680 3209 conjugii
2708 3150 2970 3208 exceptus
2993 3138 3227 3192 videtur.

539 3221 752 3285 dorem,
779 3221 1106 3276 adulterium
1137 3222 1295 3287 facit,
1322 3223 1476 3292 cujus
1502 3225 1587 3278 vel
1631 3224 1748 3279 solo
1794 3226 2012 3280 nomine
2054 3241 2135 3281 re-

541 3313 794 3384 primitur
843 3313 1161 3383 plerumque
1214 3313 1456 3368 tentandi
1496 3313 1720 3369 audacia
1769 3315 1881 3387 (27,
1913 3333 1964 3386 q.
1999 3317 2054 3382 ‘2;
2091 3337 2136 3372 c.

544 3407 672 3475 Quis
723 3406 1074 3480 desponsata).
1108 3407 1329 3462 Hostem
1363 3406 1526 3463 ferire
1571 3409 1794 3463 victoria
1849 3418 1952 3477 est,
1986 3397 2160 3466 reum‘

541 3501 810 3572 aequitas,
860 3501 1205 3557 innocentem
1255 3502 1606 3557 homicidium
1641 3519 1654 3557 :
1685 3502 1830 3574 quod
1874 3506 1918 3559 si
1962 3507 2082 3576 quis
2115 3518 2138 3553 ὅ

618 3653 643 3680 ε
674 3641 1236 3716 Nonnulli_mss.,cum
1263 3642 1330 3716 ad
1343 3659 1633 3716 annum"?
1646 3647 1762 3716 jam
1784 3645 2138 3713 produxerim.

616 3719 645 3757 ιι
687 3715 845 3768 llom.
879 3713 1038 3775 edit.,
1069 3731 1187 3768 cum
1215 3713 1564 3768 tabernaculis
1593 3712 1778 3769 Cédar.

618 3803 641 3830 ο
681 3785 896 3855 Scripta
919 3787 1061 3840 circa
1087 3801 1286 3840 annuat
1311 3785 1436 3842 Z93.

617 3863 646 3904 d
686 3857 798 3912 Non
827 3857 980 3926 pauci
1009 3873 1165 3924 mss.,
1190 3857 1612 3924 consolationem,
1644 3856 1782 3911 haud
1810 3858 1943 3912 satis
1967 3868 2136 3914 recte.

545 3930 716 3998 Hujus
737 3938 916 3982 autem
965 3928 1207 3996 cpistola:
1241 3928 1576 3996 propositum
1627 3928 1874 3983 Nannius
1917 3931 2139 3998 exponit

545 4003 598 4056 in
633 3999 775 4054 hunc
825 3998 1046 4054 modum
1076 4017 1090 4057 :
1129 4018 1147 4051 ι
1176 4000 1313 4054 Olim
1345 3999 1542 4053 licebat
1588 4011 1840 4070 patruum
1875 4000 2037 4054 filiam
2071 4017 2135 4056 ex

545 4071 712 4126 fratre
742 4070 795 4124 in
818 4085 1040 4125 uxorem
1068 4071 1288 4136 ducere,
1319 4083 1377 4124 ut
1421 4080 1568 4140 patet
1594 4086 1660 4124 ex
1693 4071 2004 4139 fragmentis
2046 4071 2138 4126 Ul-

548 4141 717 4211 piani,
749 4140 902 4210 cujus
929 4141 1092 4214 verba
1120 4141 1234 4214 hmc
1282 4149 1417 4214 sunt
1439 4159 1456 4214 :7
1486 4139 1632 4194 Inter
1681 4150 1924 4214 coqnatos
1968 4152 2136 4195 autem

547 4227 612 4266 ex
639 4222 928 4266 transverso
952 4213 1118 4282 gradu
1163 4213 1286 4266 olim
1333 4213 1543 4281 quidam
1582 4213 1749 4279 usque
1789 4215 1856 4266 ad
1897 4225 2138 4282 quartum

545 4282 768 4354 gradum
812 4283 1139 4338 matrimonia
1183 4284 1421 4338 contrahi
1448 4299 1548 4336 non
1577 4293 1845 4352 poterant,
1880 4300 2014 4336 nunc
2044 4301 2134 4337 au-

545 4365 644 4408 tem
669 4371 732 4407 ea:
755 4355 902 4407 tertio
947 4354 1111 4424 gradu
1134 4354 1253 4408 licet
1279 4360 1489 4424 uxorem
1516 4355 1733 4416 ducere;
1755 4354 1798 4424 si
1831 4361 2000 4407 tamen
2033 4358 2141 4422 fra-

547 4427 636 4479 tris
659 4425 791 4494 ﬁlia,
834 4423 1126 4477 nonetiam
1151 4431 1341 4479 sororis
1367 4423 1497 4492 ﬁlia,
1533 4433 1621 4494 aut
1660 4423 1853 4486 amita,
1884 4434 1974 4477 aut
2031 4442 2139 4479 ma-

547 4491 757 4560 tertera,
789 4495 1022 4565 quamvis
1051 4496 1227 4549 eodem
1249 4491 1413 4567 gradu
1440 4495 1524 4549 sit.
1565 4491 1703 4567 ﬂag
1723 4509 1907 4567 genere
1950 4511 2145 4550 connu-

548 4568 617 4621 bii
637 4562 834 4637 primus
863 4567 996 4619 inter
1026 4562 1285 4621 Romanos
1313 4581 1435 4620 usus
1457 4575 1528 4637 est
1554 4563 1637 4620 Cl.
1663 4562 1837 4618 Gaesar
1861 4565 2149 4637 Agrippina

545 4634 725 4710 fratris
763 4638 875 4704 lilia
909 4638 962 4710 in
1007 4655 1217 4710 uxorein
1241 4638 1416 4691 ducta.
1460 4634 1615 4710 Nunc
1649 4648 1828 4710 autem
1883 4634 2148 4693 Falernus

549 4706 748 4778 inpari
797 4709 965 4777 gradu
1012 4710 1153 4764 idem
1200 4709 1289 4777 jus
1338 4708 1568 4778 putavit,
1600 4706 1958 4776 quaesivitque
2000 4712 2145 4778 quod

547 4776 758 4835 licitum
782 4776 898 4834 erat
931 4789 1142 4847 patruo,
1174 4776 1301 4833 num
1345 4777 1486 4832 idem
1521 4776 1712 4832 liceret
1762 4776 2032 4833 avunculo
2058 4798 2071 4834 :
2102 4783 2145 4835 si

548 4853 771 4908 incesta:
799 4853 999 4920 nuptia:
1028 4867 1134 4905 non
1186 4859 1340 4906 erant
1376 4863 1500 4902 cum
1554 4847 1736 4920 fratris
1769 4851 1899 4913 lilia,
1931 4867 2036 4906 non
2069 4853 2148 4906 vi-

547 4923 664 4976 deri
694 4923 856 4977 etiam
879 4919 1125 4977 incestas
1162 4937 1283 4976 cum
1331 4922 1537 4974 sororis
1566 4919 1699 4976 filia.
1746 4920 1898 4988 Quod
1926 4922 1983 4977 S.
2015 4925 2143 4977 Am-

549 4994 764 5048 brosius
811 4995 912 5048 hac
967 4992 1192 5063 epistola
1222 4993 1476 5047 refellit.»
1512 4991 1637 5047 Haec
1687 4992 1800 5047 ille.
1859 4992 1965 5048 Sed
2013 4995 2144 5049 nihil

546 5075 628 5118 est
678 5066 728 5117 in
761 5074 871 5118 tota
904 5065 1153 5134 cpiswla,
1182 5065 1325 5120 unde
1355 5066 1611 5133 colligere
1662 5064 1816 5118 liceat
1841 5064 1996 5118 istam
2050 5066 2149 5119 Pa-

549 5147 704 5190 terno
735 5134 902 5190 fuisse
932 5137 1288 5191 dubitationis
1314 5152 1535 5191 cauSam
1569 5153 1581 5188 :
1625 5145 1814 5189 contra
1848 5151 1973 5190 vero
2031 5151 2148 5190 om-

552 5208 634 5260 nis
664 5208 838 5260 series
860 5206 1056 5261 clamat
1093 5209 1374 5262 ltoctorcm
1411 5217 1652 5261 nostrum
1682 5205 1821 5260 haud
1877 5206 2054 5261 minus
2086 5209 2148 5261 il-

550 5277 726 5330 licitas
750 5277 1005 5332 habuisse
1033 5281 1246 5346 nuptias
1271 5280 1443 5348 patrui
1475 5294 1596 5333 cum
1625 5276 1804 5332 fratris
1832 5276 1959 5341 filia,
1985 5294 2145 5348 quam

551 5348 801 5402 avunculi
829 5363 953 5404 cum
975 5351 1201 5404 sororis.

627 5428 642 5452 ε
695 5417 837 5474 Edit.
869 5420 1069 5490 aliquot
1105 5420 1302 5485 Paris.,
1329 5421 1646 5491 medicorum
1667 5419 1817 5474 etiam
1839 5421 2011 5491 periti,
2041 5436 2146 5475 non

551 5488 1078 5554 bene;medicorum
1122 5493 1268 5546 enim
1300 5494 1451 5560 pueri
1500 5507 1530 5546 a
1570 5489 1771 5546 Grzccis
1812 5488 1912 5560 ipsi
1952 5491 2147 5546 medici

551 5561 931 5630 appellantur;
968 5573 1024 5617 ut
1055 5563 1168 5631 jam
1198 5562 1398 5617 alicubi
1427 5563 1857 5616 observavimus.

630 5632 646 5670 ί
692 5632 850 5687 Rom.
906 5632 1038 5688 edit.
1081 5634 1219 5700 sola,
1253 5635 1494 5704 conjugio
1522 5642 1666 5704 vacat
1711 5648 1729 5685 :
1758 5648 1940 5704 verum
1998 5633 2147 5687 nulla

552 5715 711 5756 causa
740 5712 846 5767 est,
876 5718 977 5758 cur
1003 5705 1071 5759 ab
1092 5705 1215 5759 aliis
1235 5721 1297 5758 ac
1325 5719 1455 5759 mss.
1483 5703 1736 5757 omnibus
1763 5703 2070 5757 recedatur.

629 5781 653 5816 8
696 5770 839 5825 Edit.
860 5785 943 5826 ac.
987 5788 1118 5828 mss.
1152 5773 1424 5842 nonnulli,
1449 5771 1696 5843 percipiat
1723 5774 1937 5836 animo;
1968 5773 2141 5839 Belv.,

2173 4456 2224 4516 D

2322 3231 2375 3284 4.
2420 3229 2527 3286 Sed
2563 3230 2713 3300 prius
2743 3244 2912 3285 sacra:
2938 3229 3070 3300 legis
3092 3229 3228 3284 scita
3251 3230 3682 3298 interrogemus;
3716 3244 3853 3299 pra:-

2251 3323 2426 3378 tendis
2451 3323 2594 3379 enim
2649 3324 2700 3376 in
2731 3322 2836 3377 tuis
2866 3322 3084 3386 litteris,
3115 3320 3257 3392 quod
3288 3322 3610 3391 permissum
3639 3322 3739 3376 hoc
3764 3322 3851 3376 di-

2250 3415 2376 3469 vino
2399 3415 2520 3484 jure
2546 3415 2873 3470 connubium
2899 3413 3204 3484 hujusmodi
3238 3412 3554 3483 pignoribus
3575 3415 3853 3469 existime-

2252 3518 2356 3574 tur,
2390 3524 2455 3563 eo
2473 3508 2614 3578 quod
2640 3524 2746 3563 non
2779 3507 2850 3562 sit
2873 3507 3223 3578 prohibitum.
3253 3506 3363 3578 Ego
3386 3515 3565 3562 autem
3590 3516 3644 3562 et
3672 3508 3852 3578 prohi-

2245 3645 2510 3730 praecipiat
2554 3647 2728 3700 animo
2755 3661 2772 3700 :
2799 3643 2984 3711 Colb.,
3027 3644 3296 3716 praecipiat
3339 3645 3600 3709 amicum;
3631 3647 3850 3716 reliqui,

2247 3728 2768 3858 "lﬁnblggfgliquot,
2792 3788 3100 3859 discopulet,
3134 3805 3224 3842 nec
3259 3788 3556 3842 discolorct.
3602 3787 3720 3844 Non
3761 3789 3854 3844 ab-

2242 3861 2614 3986 sltlirgegntgnt
2639 3870 2822 3915 monet
2849 3859 3092 3913 Nannius
3116 3859 3466 3915 Ambrosium
3499 3860 3748 3914 allusissc
3780 3860 3844 3914 ad

2246 3949 2258 3985 ι
2310 3949 2338 3983 ιι
2468 3949 2512 3985 vt
2558 3949 2638 3986 ιιι

2338 4011 2492 4076 Quam
2517 4011 2643 4076 male
2668 4005 2937 4072 inaequales
2957 4011 3164 4076 veniunt
3188 4009 3246 4058 ad
3269 4018 3431 4076 aratra
3453 4010 3652 4070 juvenci
3673 4053 3686 4076 ,

2339 4073 2458 4121 'l‘am
2485 4075 2724 4135 premitur
2749 4085 2922 4134 magno
2945 4073 3156 4134 conjuge
3181 4079 3331 4134 unpta
3357 4074 3534 4124 minor.

2325 4141 2339 4178 ί
2385 4143 2725 4198 Observabal
2763 4143 3116 4197 Casaubonns
3161 4143 3214 4214 in
3267 4142 3607 4214 Spm‘tianum
3639 4158 3760 4213 pag.
3797 4144 3851 4204 6.

2247 4229 2399 4268 ηιιιη.
2429 4215 2518 4279 ιε,
2560 4229 2747 4268 vocem
2774 4214 2938 4284 neptis
2961 4214 3029 4268 ab
3056 4213 3348 4269 Ambrosio
3393 4215 3444 4268 in
3478 4213 3582 4268 hac
3622 4216 3854 4284 cpistola

2250 4287 2479 4352 positam
2507 4294 2564 4339 et
2594 4302 2689 4354 pro
2713 4284 2806 4338 filii
2841 4284 2946 4339 filia
2984 4285 3155 4340 veteri
3188 4284 3516 4354 significato,
3547 4295 3602 4340 et
3627 4301 3726 4354 pro
3749 4285 3856 4341 ﬁlia

2247 4354 2432 4410 fratris
2455 4357 2657 4411 recenti
2679 4355 3046 4426 usurpatione.
3078 4371 3199 4426 qua:
3231 4355 3448 4411 tandem
3481 4357 3599 4411 sola
3630 4357 3857 4412 invaluit

2249 4427 2390 4496 apud
2422 4428 2586 4483 Italos
2613 4436 2667 4480 ct
2693 4424 2898 4480 Gallos.
2928 4424 3191 4480 Addimus
3231 4442 3362 4481 vero
3383 4427 3682 4482 Przcsulem
3727 4443 3853 4482 nos-

2256 4507 2423 4565 trum,
2446 4499 2573 4553 dum
2600 4499 2876 4550 nominum
2901 4497 3338 4552 consideratione
3367 4499 3708 4566 propositum
3729 4513 3854 4553 con-

2249 4569 2457 4638 jugium
2504 4567 2820 4633 dissuadet,
2871 4567 3134 4622 imitatum
3201 4567 3373 4639 videri
3435 4568 3724 4639 Sophoclis
3791 4584 3856 4623 ac

2253 4640 2478 4695 Seneca:
2534 4640 2853 4708 tragoedias,
2903 4639 2956 4692 in
2995 4639 3193 4709 quibus
3239 4638 3435 4708 OEdipi
3473 4638 3594 4694 cum
3635 4639 3858 4695 locasta

2253 4721 2429 4766 matre
2469 4711 2815 4779 conjugium,
2863 4711 3157 4780 propositis
3210 4709 3532 4764 aftinitatum
3591 4726 3716 4780 quac
3770 4711 3859 4766 hlc

2251 4781 2747 4853 confundebantur,
2776 4781 3072 4845 vocabulis,
3109 4783 3486 4853 exsecratione
3518 4780 3746 4853 dignum
3770 4797 3857 4836 os-

2253 4854 2511 4908 tenditur.
2569 4852 2809 4905 Priorem
2864 4853 3091 4907 consule
3145 4851 3338 4920 OEdipi
3370 4851 3604 4922 Tyranni
3661 4853 3858 4907 ultimo

2251 4933 2392 4988 actu,
2442 4926 2798 4991 posteriorem
2831 4935 3010 4977 autem
3041 4923 3332 4978 Thebaidis
3362 4925 3554 4989 primo.

2327 4996 2340 5045 t'
2391 4993 2593 5050 Omnes
2637 4993 2796 5058 edit.,
2825 4995 3114 5062 exspectari
3161 4995 3467 5048 sententiam
3497 5012 3598 5050 non
3647 4995 3856 5064 Opinor;

2251 5081 2443 5123 omnes
2471 5080 2601 5121 mss.
2641 5081 2672 5120 e
2697 5067 3000 5127 contrario,
3035 5075 3093 5119 ut
3119 5079 3217 5119 nos
3239 5065 3290 5119 in
3324 5075 3490 5120 textu.

2324 5137 2349 5176 ¹ί
2392 5139 2490 5206 Qui
2522 5153 2588 5192 ex
2619 5136 2830 5191 duobus
2863 5136 3118 5192 fratribus
3165 5146 3482 5202 nascuntur,
3528 5136 3726 5206 fratres
3764 5151 3856 5206 pa-

2253 5205 2458 5265 trueles
2479 5251 2493 5272 .
2525 5223 2852 5277 sororesque
2877 5209 3150 5275 patrueles
3174 5207 3541 5275 appellantur.
3585 5205 3784 5262 Cicero
3820 5224 3855 5262 ιι

2253 5281 2450 5350 Philip.
2481 5280 2590 5336 Sed
2617 5280 2760 5334 enim
2791 5281 2834 5332 si
2863 5278 3000 5333 alter
3027 5279 3120 5350 sit
3143 5278 3446 5350 masculus,
3475 5280 3648 5333 altera
3673 5281 3754 5350 sit
3775 5278 3853 5333 fe-

2253 5349 2418 5417 mina,
2453 5352 2542 5421 qui
2599 5366 2664 5405 ex
2717 5350 2927 5405 duobus
2974 5349 3250 5412 fratribus,
3290 5349 3403 5403 sive
3457 5350 3629 5404 altero
3663 5349 3850 5415 fratre,

2251 5423 2368 5477 sive
2397 5423 2573 5475 altera
2606 5436 2795 5476 sorore
2817 5433 3134 5480 nascuntur.
3162 5435 3315 5488 teque
3343 5422 3540 5474 fratres
3583 5421 3855 5488 patrueles

2251 5503 2539 5555 vocantur,
2569 5507 2598 5546 a
2643 5491 2890 5561 digniore
2937 5500 3298 5559 transsumpta
3345 5491 3774 5560 significatione;
3802 5501 3856 5545 et

2252 5567 2334 5619 sic
2381 5566 2543 5618 etiam
2607 5564 2834 5618 maritos
2878 5576 3160 5625 vocamus,
3195 5577 3313 5614 eum
3374 5570 3430 5616 et
3477 5577 3726 5626 uxorem,
3774 5562 3852 5615 vi-

2251 5649 2480 5704 rumque
2511 5633 2628 5704 ejus
2656 5634 3031 5704 intelligimus.
3054 5633 3127 5688 lta
3160 5631 3708 5704 Nannius.Cacternm
3731 5646 3850 5702 qua:

2250 5705 2333 5760 lex
2391 5703 2574 5760 divina
2629 5706 2719 5761 hic
2764 5703 3032 5762 iudicetur
3080 5704 3150 5760 ab
3181 5703 3491 5772 Ambrosio,
3534 5703 3695 5759 nobis
3745 5717 3852 5760 uou

2253 5776 2538 5832 succurrit.
