4076 6172
237 306 374 372 1183

1455 303 1944 364 ιςινιειτυωιιυιί
1985 304 2264 365 CLASSiS
2306 307 2345 364 ἰ.

3406 307 3544 371 usa

235 428 404 482 bitmn
453 437 669 488 assero;
705 424 826 492 quia
858 439 980 480 cum
1033 423 1236 480 leviora
1285 425 1573 482 interdicta
1606 427 1716 481 sint
1775 426 1845 482 de
1872 430 1922 487 Λ
2021 424 2074 478 9.
2100 423 2206 478 Sed
2245 421 2384 476 dicis
2418 435 2437 458 υ
2474 421 2633 476 alicui
2676 422 3000 476 relaxatum.
3042 422 3238 476 Verum
3285 420 3389 477 boc
3441 422 3547 492 legi

234 515 568 587 patruelibus
592 514 843 570 fratribus
871 557 886 581 ,
918 515 1131 590 1019
1155 516 1324 570 multo
1351 515 1524 586 magis
1569 517 1673 571 hoc
1693 517 1836 585 quod

229 609 482 664 arctioris
509 618 594 663 est
639 607 859 678 plenum
907 607 1348 673 necessitudinis,
1378 609 1722 664 interdictum
1749 624 1838 664 ar-

230 701 421 756 bitror.
449 699 553 768 Qui
583 699 726 754 enim
769 700 974 756 leviora
1001 699 1274 772 astringit,
1305 700 1558 771 graviora
1588 714 1697 756 non
1725 699 1837 756 sol-

229 793 327 857 vit,
361 793 455 847 scd
479 791 684 863 alligat.

301 885 353 939 5.
382 884 535 953 Quod
564 886 610 939 si
638 883 760 940 ideo
774 884 1103 955 permissum
1137 891 1295 955 putas
1320 926 1334 949 ,
1360 885 1484 956 quia
1521 883 1836 955 specialiter

231 995 338 1034 non
377 987 462 1034 est
497 976 867 1048 prohibitum;
902 992 1003 1034 nec
1029 977 1160 1032 illud
1209 977 1537 1048 prohibitura
1578 991 1835 1033 sermone

230 1074 388 1145 Legis
414 1073 678 1144 reperies,
697 1087 766 1128 ne
791 1082 945 1142 pater
965 1071 1132 1128 tiliam
1155 1087 1310 1127 suam
1333 1071 1827 1142 aceipiatuxorem.

229 1167 495 1240 Numquid
544 1167 666 1222 ideo
703 1167 864 1232 licet,
894 1167 1019 1237 quia
1050 1182 1157 1221 non
1190 1177 1278 1223 est
1316 1167 1650 1239 prohibitum
1681 1167 1704 1221 ἲ
1735 1166 1833 1221 Mi-

231 1261 410 1325 nime;
449 1259 800 1314 interdictum
843 1268 928 1314 est
967 1262 1111 1314 enim
1151 1269 1358 1316 natura:
1380 1261 1538 1331 jure,
1571 1261 1832 1317 interdic-

230 1364 342 1410 tum
363 1363 448 1410 est
472 1353 616 1424 lege,
647 1369 769 1424 qum
800 1361 882 1408 est
906 1353 959 1407 in
987 1353 1245 1409 cordibus
1262 1354 1637 1425 singulorum:
1665 1355 1832 1410 inter-

229 1449 434 1504 dictum
464 1457 547 1504 est
575 1447 874 1503 inviolabili
920 1448 1334 1518 prmscriptione
1375 1448 1628 1516 pietatis,
1676 1448 1830 1502 titulo

229 1541 681 1600 necessitudinis.
710 1541 920 1610 Quanta
954 1540 1261 1611 bujusmodi
1294 1541 1538 1596 invenies
1568 1557 1674 1596 non
1707 1555 1830 1596 esse

228 1636 517 1693 interdicta
549 1637 670 1706 lege
695 1650 791 1705 per
814 1633 1035 1705 Moysen
1063 1634 1239 1702 edita,
1267 1643 1322 1689 et
1340 1642 1516 1689 tamen
1542 1632 1828 1688 interdicta

229 1736 357 1783 sunt
378 1726 612 1796 quadam
653 1741 786 1782 voce
815 1729 1054 1781 naturm!

1943 529 2049 568 non
2082 513 2422 583 prmjudical:
2454 513 2598 584 quod
2633 513 2778 567 enim
2805 512 2829 549 ι¹
2863 513 2916 568 in
2949 527 3237 568 Commune
3263 513 3543 577 statuitur,

1940 603 1991 660 ei
2017 614 2224 659 tantum
2255 604 2469 676 prolicit
2491 645 2504 670 ,
2536 605 2621 660 cui
2655 607 2959 661 relaxatum
3000 605 3235 671 videtur,
3272 606 3436 675 longe
3463 604 3545 659 di-

1940 711 2097 752 versa
2131 696 2354 752 invidia.
2384 695 2523 752 lllud
2553 705 2736 753 tamen
2759 698 2884 754 licet
2914 699 2969 753 in
2992 697 3164 754 veteri
3191 697 3546 752 Testamento

1939 789 2174 861 legimus
2198 834 2212 858 ,
2261 799 2320 845 ut
2343 791 2540 861 aliquis
2563 807 2792 847 uxorem
2813 807 2969 846 suam
3000 808 3246 848 sororem
3279 791 3492 848 diceret
3526 809 3541 858 ;

1939 880 2083 936 istud
2112 881 2450 950 inauditum,
2490 892 2546 938 ut
2570 884 2858 954 quisquam
2893 893 3110 955 neptem
3140 901 3292 941 suam
3323 885 3375 940 in
3411 900 3546 942 uxo-

1937 989 2052 1029 rem
2083 975 2352 1044 accipiat,
2385 984 2442 1032 et
2468 976 2756 1048 conjugem
2777 977 2946 1034 dicat.

2015 1065 2228 1137 1020
2254 1067 2345 1124 10.
2371 1066 2490 1122 lam
2527 1067 2659 1124 illud
2679 1069 3137 1140 pulcherrimum,
3161 1072 3308 1142 quod
3333 1075 3542 1143 negasti

1935 1166 2153 1228 neptem
2179 1167 2326 1214 tuam
2348 1161 2624 1216 avunculo
2652 1175 2754 1217 suo
2785 1172 2878 1216 tuo
2909 1161 3025 1218 tilio
3059 1173 3082 1200 ο
3114 1165 3426 1235 propinquo
3455 1179 3543 1222 se-

1933 1249 2069 1304 mini
2120 1251 2456 1319 convenire;
2489 1253 2614 1321 quia
2652 1268 2760 1309 non
2789 1254 3098 1325 agnationis
3123 1257 3411 1326 copuletur
3442 1273 3542 1315 ne-

1932 1342 2285 1400 cessitudine.
2311 1345 2476 1412 Quasi
2509 1359 2642 1401 vero
2671 1355 2727 1401 et
2762 1346 2962 1403 uteriui
2991 1347 3220 1416 fratres,
3248 1348 3302 1404 id
3330 1357 3435 1418 est,
3461 1349 3545 1406 di-

1931 1449 2093 1489 verso
2124 1444 2298 1505 patre,
2329 1437 2426 1493 sed
2458 1438 2648 1494 eadem
2674 1448 2849 1494 matre
2877 1440 3306 1512 geniti,possint
3325 1441 3545 1499 diverso

1933 1544 2064 1585 sexu
2107 1531 2250 1587 inter
2279 1546 2338 1586 se
2380 1533 2432 1588 iu
2463 1533 2779 1604 conjugium
2811 1536 3147 1602 convenire;
3180 1550 3304 1592 cum
3338 1544 3395 1593 et
3442 1537 3547 1607 ipsi

1931 1621 2238 1690 agnationis
2279 1607 2377 1692 jus.
2406 1623 2609 1679 habere
2640 1639 2748 1680 non
2777 1634 2980 1695 queant
3005 1667 3018 1691 ,
3073 1625 3170 1684 sed
3199 1628 3544 1699 cognationis

1933 1720 2144 1766 tantum
2169 1713 2274 1767 sibi
2306 1713 2465 1769 titulo
2494 1716 2730 1771 connexi
2754 1717 2886 1770 sint.

300 1821 354 1874 δ,
385 1819 659 1890 Multaque
685 1831 806 1875 sum
828 1861 842 1884 ,
870 1835 992 1889 (ποτε
1017 1820 1147 1876 licet
1175 1819 1374 1886 faccre’
1408 1820 1502 1875 sed
1533 1837 1638 1875 ηοη
1663 1835 1830 1890 expc-
1861 1809 1909 1868 B
2000 1809 2087 1862 ll.
2119 1808 2278 1865 Unde
2305 1819 2523 1880 oportet
2551 1811 2620 1867 ab
2647 1826 2710 1866 ea
2739 1810 2994 1868 discedas
3037 1813 3338 1871 intentione
3361 1856 3374 1880 ,
3425 1831 3548 1887 qua:

231 1915 346 1982 dit;
393 1915 574 1970 omnia
617 1913 760 1970 enim
797 1913 996 1982 licent,
1031 1912 1127 1970 sed
1155 1930 1263 1969 non
1296 1914 1592 1984 expediunt
1628 1914 1681 1986 (Ι
1707 1913 1828 1968 Cor.

230 2023 281 2062 vt
306 2049 320 2074 ,
361 2006 481 2078 12):
527 2007 708 2063 omnia
745 2006 947 2073 licent,
981 2007 1075 2061 sed
1112 2022 1220 2061 non
1267 2007 1559 2063 aediﬁcant.
1596 2007 1652 2064 Si
1700 2022 1832 2079 ergo

224 2100 391 2155 etiam
417 2100 486 2155 ab
510 2100 577 2155 iis
601 2114 700 2154 nos
731 2106 962 2154 revocat
994 2100 1292 2168 Apostolus
1321 2141 1335 2164 ,
1365 2115 1485 2169 qua:
1522 2116 1631 2155 non
1663 2099 1833 2155 ιιιόὶίί-

205 2203 393 2267 cant;
423 2190 698 2262 quomodo
729 2191 1037 2246 iaciendum
1065 2199 1338 2263 putamus,
1369 2193 1515 2263 quod
1543 2205 1597 2249 et
1626 2209 1732 2248 non
1762 2193 1831 2248 li-

227 2293 318 2340 cet
350 2284 506 2354 Legis
534 2283 782 2348 oraculo,
815 2293 869 2338 et
901 2299 1009 2337 non
1040 2283 1310 2350 aedificat,
1341 2284 1688 2355 discrepante
1720 2287 1831 2356 pie-

236 2376 367 2430 tatis
398 2374 626 2430 ordine?
653 2373 724 2429 Et
752 2383 931 2429 tamen
958 2374 1048 2428 illa
1092 2375 1207 2444 ipsa
1231 2384 1442 2442 vetera,
1467 2393 1586 2446 quae
1615 2376 1834 2432 fuerant

230 2468 478 2532 duriora,
533 2475 842 2536 temperata
888 2475 1016 2523 sunt
1063 2482 1180 2542 per_
1210 2467 1570 2539 Evangelium
1620 2469 1833 2524 Domini

225 2559 358 2616 Jesu
392 2560 776 2615 :Transierunt
807 2568 1130 2625 vetera,ecce
1159 2562 1299 2630 facta
1327 2569 1446 2616 sunt
1475 2559 1686 2631 nova(ll
1707 2559 1827 2616 Cor.

228 2669 287 2721 v,
322 2652 436 2725 l7).

309 2747 365 2801 7.
394 2747 534 2814 Quid
569 2757 675 2803 tam
705 2749 950 2805 solemne
969 2763 1130 2819 quam
1161 2759 1185 2784 η
1219 2749 1464 2804 osculum
1497 2749 1639 2805 inter
1664 2765 1840 2806 avun-'

227 2840 416 2896 culum
445 2849 501 2895 et
530 2851 748 2911 neptem
774 2883 788 2908 ,
821 2841 963 2912 quod
993 2841 1093 2896 istc
1121 2841 1276 2909 quasi
1315 2841 1437 2896 lilia:
1478 2841 1644 2936 debet
1666 2886 1678 2908 ,
1715 2844 1833 2900 haec

227 2932 384 3001 quasi
417 2931 669 3002 parenti?
699 2933 810 2988 Iloc
837 2931 1006 3002 igitur
1030 2931 1311 2988 inoﬂ'enszc
1340 2931 1560 3002 pietafis
1588 2935 1831 2989 osculum

227 3034 544 3096 suSpectum
568 3025 736 3082 facies
764 3027 834 3082 de
860 3026 1058 3082 talibus
1085 3026 1382 3097 cogitando
1411 3029 1635 3098 nuptiis,
1671 3038 1725 3085 ct
1748 3045 1833 3086 re-

226 3117 640 3188 ligiosissimum
662 3128 1063 3174 sacramentum
1088 3120 1230 3174 caris
1259 3120 1580 3190 pignoribus
1607 3121 1825 3191 eripies.

1936 1899 2157 1973 etiamsi
2191 1901 2382 1957 liceret
2410 1944 2424 1967 ,
2457 1912 2638 1958 tamen
2663 1912 2811 1957 tuam
2859 1903 3122 1959 familiam
3154 1921 3262 1960 non
3282 1921 3550 1978 prepaga-

1938 2001 2051 2046 ret:
2091 1993 2254 2049 debet
2285 1995 2435 2050 enim
2469 1993 2486 2032 ῖ
2529 1994 2626 2050 tibi
2670 1995 2820 2051 ﬁlius
2859 2008 3047 2053 noster
3093 2009 3343 2069 nepotes,
3385 2001 3550 2059 debet

1936 2086 2102 2141 etiam
2144 2089 2323 2158 neptis
2365 2089 2688 2144 charissima
2722 2102 3076 2162 pronepotes.
3109 2093 3241 2149 Vale
3275 2110 3400 2151 cum
3439 2095 3545 2152 tuis

1936 2180 2210 2237 omnibus.

2440 2307 2463 2343 ε
2495 2296 2831 2354 EPISTOLA
2871 2297 3009 2353 LXI.

1937 2430 2042 2484 Cur
2067 2429 2367 2486 Mediolano
2389 2433 2673 2498 secesserit,
2700 2450 2760 2486 ac
2782 2443 2985 2489 mature
2997 2434 3174 2489 eodem
3196 2436 3426 2506 redierit,
3453 2438 3545 2493 dc-

2011 2525 2245 2589 clarato,
2313 2526 2593 2596 gratiisque
2641 2525 2753 2582 Deo
2797 2536 3009 2598 prapter
3045 2545 3193 2599 opem
3233 2528 3544 2588 Tuaooosro

2009 2617 2295 2685 prtestitam
2321 2617 2472 2683 actis,
2497 2619 2750 2672 uoluntati
2781 2620 3016 2689 ejusdem
3039 2621 3296 2692 principis
3329 2622 3542 2677 obsecu-

2011 2718 2184 2764 turum
2210 2727 2266 2766 se
2291 2710 2587 2782 pollicetur.
2613 2709 2778 2785 Cujus
2793 2713 3035 2782 pietatem
3063 2731 3262 2772 summe
3282 2732 3542 2771 commen-

2010 2801 2166 2870 dans,
2198 2812 2251 2857 ut
2274 2803 2543 2858 clementia
2571 2812 2751 2857 utatur
2772 2805 2919 2873 petit.

2205 2976 2228 3013 ¹·
2265 2980 2575 3035 Aunuosws
2613 2980 2920 3038 Tnaonosro
2947 2982 3286 3053 imperatori.

2011 3120 2062 3173 1.
2089 3119 2399 3175 Arbitratus
2417 3121 2827 3186 es,beatissime
2852 3123 3171 3194 imperator,
3196 3134 3456 3196 quantum
3473 3142 3540 3184 ex

303 3208 356 3264 8.
381 3208 489 3263 Sed
503 3209 548 3263 si
571 3208 750 3264 divina
772 3219 822 3264 te
845 3217 1200 3279 praetereunt,
1227 3209 1416 3264 saltem
1445 3210 1836 3278 imperatorum
1863 3207 1909 3272 C
1943 3211 2403 3281 augustislitteris
2451 3213 2560 3268 tuis
2601 3215 2844 3284 comperi
2873 3256 2887 3282 ,
2927 3231 3013 3271 me
3041 3217 3202 3288 longe
3250 3218 3444 3275 abesse
3471 3220 3542 3276 ab

229 3309 505 3372 prmcepta
527 3342 543 3368 ,
575 3315 607 3355 a
637 3301 836 3370 quibus
862 3300 891 3339 δ
921 3300 1317 3370 amplissimum
1359 3301 1618 3370 accepisti
1659 3301 1833 3356 bono-

227 3408 372 3458 rem,
428 3391 847 3463 haudquaquam
896 3393 1179 3464 praeterire
1225 3401 1277 3448 te
1319 3391 1648 3448 debuerunt.
1693 3393 1829 3448 Nam

227 3486 578 3544 Theodosius
605 3486 900 3557 imperator
919 3487 1080 3542 etiam
1107 3485 1381 3556 patrueles
1406 3486 1604 3542 fratres
1622 3495 1677 3542 et
1694 3501 1798 3542 con
1814 3517 1832 3528 -

227 3578 486 3635 sobrinos
519 3579 685 3634 vetuit
715 3579 861 3634 inter
885 3594 945 3634 se
974 3577 1211 3649 conjugii
1249 3577 1543 3634 convenire
1569 3578 1790 3633 nomine
1815 3620 1829 3644 ,

228 3679 288 3728 et
313 3671 715 3727 severissimam
735 3686 957 3743 poenam
979 3673 1192 3739 statuit,
1224 3671 1270 3725 si
1296 3671 1417 3741 quis
1447 3679 1715 3727 temerare
1739 3686 1834 3726 διιο-

228 3780 328 3821 sus
357 3775 503 3821 esset
530 3764 756 3821 fratrum
787 3766 871 3835 pia
904 3765 1136 3836 pignora
1163 3781 1176 3830 ;
1208 3774 1260 3820 et
1287 3775 1467 3821 tamen
1500 3766 1576 3820 illi
1601 3766 1834 3822 invicem

224 3857 336 3915 sibi
379 3858 617 3929 mquales
640 3867 770 3914 sunt
799 3876 812 3911 :
849 3858 1230 3913 tantummodo
1257 3859 1382 3929 quia
1410 3859 1835 3929 pr0pinquitatis

227 3950 639 4007 necessitudine
670 3959 726 4006 et
773 3951 1026 4010 fraterna:
1049 3950 1580 4020 societatisligantur
1595 3951 1834 4018 vinculo,

225 4045 419 4118 pietati
442 4060 537 4102 eos
568 4045 745 4102 voluit
769 4045 997 4111 debere,
1026 4046 1173 4117 quod
1203 4047 1314 4101 nati
1342 4054 1489 4102 sunt.

305 4195 331 4221 ιι
372 4184 633 4240 Romanis
655 4182 783 4238 olim
812 4181 979 4237 moris
1003 4180 1200 4248 fuisse,
1230 4190 1287 4236 ut
1315 4181 1532 4252 cognati
1578 4190 1836 4252 cognatas

230 4270 384 4322 suas,
411 4256 518 4311 nisi
547 4257 736 4325 siqua:
761 4254 981 4308 famosa:
1013 4262 1191 4317 erant,
1216 4253 1406 4325 osculo
1425 4252 1743 4325 salutarent,
1768 4269 1837 4308 ex

229 4327 500 4383 Cicerone
555 4323 812 4382 observat
856 4325 1128 4381 Adrianus
1172 4324 1462 4381 Turnebus
1528 4323 1626 4378 lib.
1702 4340 1834 4379 nix

238 4397 534 4453 Adversar.
567 4413 688 4466 cap.
713 4398 804 4451 27.

303 4469 332 4507 δ
385 4469 683 4525 Paternum
736 4468 879 4524 hunc
920 4468 1131 4539 magnis
1170 4467 1529 4538 dignitatibus
1583 4476 1834 4522 ornatum

234 4540 400 4596 fuisse
427 4540 617 4595 isthzec
649 4540 926 4596 Ambrosii
965 4540 1130 4595 verba
1159 4539 1463 4595 declarant.
1491 4539 1834 4607 Quapropter

1929 3303 2066 3360 urbe
2086 3304 2609 3371 Mediolanensium;
2639 3306 2652 3343 ί
2677 3309 2804 3376 quia
2821 3323 2908 3364 res
2932 3317 3052 3364 tuas
3071 3309 3359 3367 crederem
3382 3327 3411 3366 a
3428 3311 3542 3368 Deo

1932 3396 2178 3454 destitui.
2197 3399 2305 3454 Sed
2327 3415 2434 3454 non
2453 3415 2555 3470 ego
2570 3401 2641 3455 ita
2665 3399 3003 3477 imprudens,
3021 3403 3346 3460 autvirtutis
3362 3388 3545 3462 etme-

1933 3493 2163 3550 ritorum
2195 3503 2416 3550 tuorum
2443 3497 2731 3551 immemor
2751 3496 2919 3563 ablui,
2945 3507 3123 3554 utnon
3152 3515 3542 3570 prtesumerem

1935 3586 2160 3642 cmleste
2200 3588 2459 3642 auxilium
2491 3588 2679 3658 pietati
2713 3598 2817 3644 ture
2844 3588 3034 3644 adfore
3055 3631 3072 3658 ,
3097 3606 3204 3662 quo
3236 3592 3542 3650 Romanum

1935 3677 2228 3748 imperium
2257 3693 2288 3733 a
2321 3679 2538 3735 barbari
2569 3679 2800 3734 latronis
2823 3680 3162 3738 immanitate
3217 3685 3359 3740 etab
3381 3700 3542 3740 usur-

1941 3771 2147 3844 patoris
2171 3769 2376 3838 indigni
2405 3770 2547 3825 solio
2571 3770 2898 3826 vindicares.

2008 3861 2063 3916 ‘2.
2099 3863 2111 3912 i
2150 3861 2425 3916 Festinavi
2456 3863 2619 3932 igitur
2645 3862 2792 3918 illico
2823 3863 3025 3919 reverti
3052 3905 3066 3929 ,
3097 3873 3446 3938 posteaquam
3470 3869 3539 3923 il-

1939 3955 2072 4022 lum,
2107 3969 2266 4025 quem
2286 3953 2411 4022 jure
2437 3953 2823 4010 declinandum
2853 3963 3188 4024 putaveram,
3213 3956 3325 4028 jam
3348 3959 3542 4017 abesse

1938 4047 2208 4119 cognovi;
2259 4061 2365 4101 non
2405 4046 2550 4102 enim
2598 4062 2697 4118 ego
2745 4047 3048 4103 Ecclesium
3079 4049 3542 4110 Mediolanensem

2014 4177 2039 4216 ἀ
2072 4178 2248 4234 Paris.
2292 4178 2541 4249 quaedam
2571 4177 2732 4245 edit.,
2773 4179 2829 4233 in
2857 4180 3218 4236 communione
3249 4199 3266 4247 ;
3309 4184 3442 4240 alia:
3486 4194 3542 4241 et

1941 4249 2125 4308 cuncti
2167 4265 2324 4316 mss.,
2372 4251 2428 4304 in
2452 4267 2745 4305 commune.
2781 4251 2978 4307 Verum
3028 4261 3220 4308 neutra
3260 4269 3363 4309 vox
3405 4256 3541 4311 satis

1938 4323 2222 4396 probatur,
2255 4321 2361 4396 nisi
2377 4321 2560 4396 verbo
2587 4324 2832 4396 statuitur
2859 4324 3167 4396 praeligatur
3184 4326 3418 4395 negatio.
3439 4324 3542 4382 ιω-

1939 4393 2062 4450 rum
2084 4403 2264 4449 autem
2298 4393 2390 4449 ubi
2408 4407 2616 4466 omnes
2640 4393 2796 4466 edit.,
2841 4393 3044 4450 diuersa
3073 4393 3294 4466 injuria;
3323 4412 3392 4453 ex
3417 4411 3538 4452 om-

1940 4467 2097 4522 nibus
2124 4481 2257 4520 mss.
2285 4465 2650 4531 restituimus,
2681 4465 2886 4520 diuersa
2914 4465 3134 4522 invidia.

2015 4549 2037 4575 ο
2064 4537 2266 4620 Omnes
2291 4536 2423 4619 edit.
2449 4537 2972 4620 propinationemine
3050 4553 3182 4620 mss.
3231 4553 3362 4620 vero
3418 4555 3540 4620 par:

235 4627 344 4667 non
389 4611 624 4667 absurde
655 4611 966 4680 conjectant
1006 4610 1079 4675 ii,
1111 4610 1205 4679 qui
1234 4611 1487 4667 eumdem
1501 4597 1680 4664 ~hunc
1708 4597 1831 4666 esse
1859 4597 1914 4657 D
1940 4610 2059 4672 tim,
2093 4597 2598 4681 propiuquiseinini,
2625 4597 2846 4677 partim,
2880 4611 3159 4681 propinqui
3186 4611 3379 4665 semine
3399 4597 3538 4677 [alii

235 4691 429 4751 putant
460 4722 476 4747 ,
523 4683 588 4737 ad
631 4697 792 4748 quem
821 4697 950 4738 cum
995 4682 1152 4753 titulo
1187 4683 1403 4737 comitis
1434 4682 1590 4739 Sacr.
1625 4681 1832 4753 Largit.

232 4753 502 4809 destinata
533 4762 619 4808 est
643 4753 732 4806 lex
763 4753 830 4806 M
857 4752 1153 4808 Theodosii
1183 4753 1246 4805 de
1273 4753 1505 4808 Metallis
1542 4795 1556 4818 ,
1616 4752 1832 4809 necnon

233 4825 482 4895 epistolae
515 4826 754 4895 quinque
799 4822 1118 4895 Symmachi
1146 4823 1206 4895 in
1227 4824 1345 4892 ejus
1386 4825 1599 4895 libroiv
1644 4824 1835 4879 inscri-

234 4893 462 4951 buntur.
496 4893 713 4951 Excidit
739 4893 903 4965 porro
934 4909 1057 4964 qum
1082 4893 1503 4965 hicindicatur,
1537 4894 1835 4950 Theodosii

233 4965 556 5022 constitutio
590 4983 603 5020 :
635 4964 750 5020 sed
776 4966 896 5034 eius
929 4964 1133 5019 mentio
1161 4964 1219 5018 fit
1271 4967 1324 5020 in
1353 4965 1566 5020 duabus
1596 4966 1831 5020 filiorum

233 5037 352 5108 ejus
392 5038 633 5108 legibus,
658 5052 889 5106 quarum
924 5037 1094 5090 altera
1139 5051 1260 5108 quae
1311 5044 1396 5091 est
1443 5039 1478 5092 '5
1505 5036 1573 5091 de
1611 5037 1836 5108 incestis

234 5107 482 5179 nuptiis,
533 5108 600 5163 ab
631 5108 866 5163 Arcadio
897 5108 1004 5162 lata
1034 5115 1119 5162 est
1143 5147 1166 5179 ,Α
1189 5107 1358 5161 altera
1385 5149 1400 5179 ε
1436 5107 1496 5161 Si
1527 5107 1736 5179 nuptia:_
1771 5123 1834 5160 ea:

235 5177 486 5250 rescripto
514 5189 774 5250 petantur,
789 5180 856 5234 ab
870 5179 1129 5235 Honorio.
1147 5177 1255 5234 Sed
1285 5186 1337 5250 ct
1353 5177 1445 5232 alii
1463 5193 1676 5250 quoque
1690 5177 1836 5250 ejus-

241 5249 367 5306 dem
401 5248 790 5320 proltibitionis
832 5251 1242 5320 meminerunt;
1275 5249 1533 5320 nimirum
1581 5248 1838 5320 Libanius

239 5329 385 5376 orat.
403 5318 483 5392 de
511 5319 766 5392 Augariis
791 5322 936 5376 edita
965 5335 994 5392 τι
1045 5318 1354 5392 Godefredo
1381 5319 1680 5392 ,JAugust.
1737 5319 1832 5392 lib.

239 5407 314 5446 xv
339 5392 410 5447 de
433 5391 553 5448 Civ.
580 5389 671 5446 Dei
701 5407 822 5461 cap.
854 5391 938 5451 16.
969 5390 1170 5445 Paulus
1204 5390 1350 5444 Diae.
1381 5390 1476 5446 lib.
1502 5406 1616 5452 xm,
1643 5399 1696 5445 et
1718 5389 1832 5461 alii.

314 5474 335 5501 ο
370 5463 484 5518 Hoc
511 5462 721 5519 scilicet
762 5459 1123 5533 objiciebatur
1153 5476 1184 5516 e
1213 5462 1375 5516 citata
1407 5462 1526 5532 lege
1566 5459 1793 5517 Honorii
1820 5501 1834 5526 ,

237 5533 394 5604 cujus
425 5535 592 5590 verba
630 5543 793 5602 sunt,
828 5535 1052 5603 exceptis
1094 5533 1205 5597 his,
1236 5548 1480 5600 quos.....
1533 5533 1832 5604 supplicare

239 5602 343 5659 non
369 5607 551 5660 vetuit.
587 5605 759 5674 Hujus
794 5602 1317 5661 certe'relaxatiouis
1335 5602 1642 5675 exemplum
1664 5602 1834 5675 babes

237 5675 1024 5765 ιρείὲἓγεξιηιεειιξξιηξ.ηιξ-,ξι
1050 5674 1833 5765 seek-3435*";14derfli
1889 5696 1896 5699 '

239 5744 542 5802 Auctuarii.
593 5747 728 5803 Vide
776 5748 1027 5804 similiter
1060 5744 1308 5803 Cassiod.
1352 5745 1450 5802 lib.
1491 5762 1560 5800 vn
1617 5745 1831 5799 Variar.

240 5815 430 5876 Form.
460 5817 550 5876 46.

1936 4681 2154 4734 demum
2206 4680 2553 4749 complures,
2585 4680 2887 4751 prapinquo
2923 4681 3126 4736 semini.
3173 4681 3244 4735 At
3281 4684 3540 4738 continuo

1936 4759 2062 4825 post
2086 4766 2208 4825 cum
2239 4752 2510 4822 legeretur
2534 4751 2749 4825 in_edit.
2795 4752 2961 4825 Erus.
2979 4762 3034 4807 et
3064 4767 3206 4825 scq.,
3242 4755 3538 4825 agnationis

1938 4823 1984 4876 ei
2037 4823 2263 4892 legitimo
2309 4825 2472 4890 jure,
2519 4822 2616 4893 sed
2667 4823 2990 4893 cognationis
3043 4822 3316 4893 copuletur
3345 4865 3361 4892 ,
3402 4834 3535 4892 etc.,

1938 4893 2164 4949 Amerb.
2197 4908 2322 4949 cum
2361 4892 2617 4949 omnibus
2666 4908 2800 4949 mss.
2834 4892 3114 4959 efferunt,
3154 4904 3211 4948 ut
3249 4895 3302 4950 in
3359 4903 3533 4954 textu.

2018 4963 2035 5001 ί
2068 4963 2194 5034 Mss.
2229 4964 2460 5034 aliquot,
2485 4963 2576 5018 tibi
2601 4963 2712 5032 ﬁlia
2739 4974 2787 5017 et
2812 4965 2956 5033 filius
2987 4975 3182 5031 noster,
3212 4974 3318 5022 etc.

2013 5045 2037 5106 ts
2069 5033 2284 5106 Scripta
2315 5033 2455 5106 circa
2481 5049 2680 5106 annum
2708 5034 2837 5091 594.

2010 5103 2034 5141 ι·
2075 5106 2148 5179 Ita
2174 5103 2345 5161 codex
2390 5105 2556 5179 Reg”
2584 5105 2718 5179 edit.
2761 5113 2942 5179 autem
2975 5105 3153 5179 Rom.
3187 5147 3203 5173 ,
3259 5109 3536 5179 Augustis-

1936 5177 2067 5249 sinto
2083 5177 2397 5249 imperatori
2421 5175 2714 5249 Theodosio
2744 5177 3056 5249 Ambrosius,
3079 5175 3373 5249 episcOpus.

2020 5246 2032 5283 ί
2064 5247 2198 5313 Quia
2239 5265 2318 5302 res
2355 5257 2470 5302 tuas
2500 5247 2743 5314 destitui,
2804 5249 2907 5302 hoc
2943 5246 3288 5314 desideratur
3326 5251 3378 5305 in
3411 5252 3534 5308 cod.

1937 5318 2098 5386 ch.,
2123 5318 2220 5372 sed
2251 5334 2374 5374 cum
2402 5318 2656 5374 videatur
2691 5319 2984 5374 sententia:
3023 5319 3318 5386 integritati
3351 5337 3541 5380 neces-

1937 5389 2140 5460 sarium
2166 5428 2184 5460 ,
2213 5399 2265 5442 et
2287 5390 2419 5443 satis
2447 5389 2760 5459 frequenter
2789 5391 2841 5444 in
2885 5389 3190 5460 omittendo
3215 5405 3442 5460 peccent
3475 5395 3540 5448 li-

1940 5457 2132 5520 brarii,
2163 5459 2284 5528 loco
2313 5457 2642 5514 movendum
2663 5461 2978 5528 neutiquam
3004 5457 3284 5516 duximus.
3311 5465 3380 5518 At
3406 5479 3540 5520 vero

1941 5527 2192 5601 sequenti
2217 5542 2377 5601 versu
2409 5544 2507 5601 pro
2531 5531 2605 5584 ita
2634 5527 2937 5601 impudens,
2960 5531 3150 5601 aptius
3179 5548 3212 5589 e
3240 5548 3343 5589 ms.
3375 5535 3541 5591 resti-

1944 5598 2136 5665 tuitur,
2162 5599 2236 5652 ita
2260 5599 2583 5665 imprudens.

2020 5668 2032 5717 i
2075 5668 2206 5740 Reg.
2257 5669 2466 5740 codex,
2511 5668 2777 5724 Festinavi
2824 5673 3125 5728 reuerti.....
3178 5676 3542 5734 declinandum

1945 5738 2268 5809 putaveram,
2304 5738 2604 5794 Mediolano
2633 5740 2798 5797 abisse
2827 5759 3192 5818 cognoveram.
