4076 6172
538 262 673 330 HM

1913 249 2155 308 ‘eA-SCTI
2192 249 2513 311 ABIBROSU

3709 252 3838 314 H9!

538 374 670 430 sedit
707 371 870 443 (Dan.
923 385 1016 434 vu,
1049 368 1128 436 9).
1165 368 1220 423 ln
1262 365 1598 436 octogesimo
1637 373 1820 419 autem
1861 372 1916 418 ct
1959 363 2136 432 primo
2163 367 2214 427 Α
2247 368 2457 440 1025
2484 365 2842 436 integritatis,
2890 372 2945 419 et
2972 378 3079 420 non
3119 365 3473 435 ingemiscat;
3520 365 3665 420 absit
3697 368 3840 420 cnim

540 465 750 535 psalmo
799 462 1058 530 scriptum
1109 467 1230 514 est:
1286 457 1425 511 Deus
1471 458 1607 511 stetit
1647 456 1700 509 in
1745 455 2136 525 congregatione

542 557 788 610 deorum:
819 555 869 606 in
899 554 1067 608 medio
1093 562 1264 606 autem
1292 551 1416 606 deos
1462 550 1715 620 dijudicat
1746 548 1918 619 (Psol.
1955 563 2136 613 Lxxxt,

546 646 631 717 l).
657 646 864 702 Sedens
893 645 1054 716 igitur
1079 643 1318 714 judicat,
1351 653 1502 698 stans
1527 641 1816 711 dijudicat;
1858 650 1912 695 et
1933 640 2141 709 judiCat

542 737 611 792 de
663 737 1024 808 imperfectis,
1073 738 1213 791 inter
1261 735 1394 791 deos
1443 745 1626 789 autem
1691 732 1969 802 dijudicat.
2021 729 2143 786 Stet

544 829 698 884 vobis
726 839 783 884 ut
811 829 1097 895 defensor,
1130 837 1189 883 ut
1219 827 1394 882 bonus
1425 835 1643 896 pastor;
1678 839 1746 879 ne
1773 837 1871 878 vos
1912 822 2023 891 lupi
2053 821 2134 874 in-

544 930 769 977 cursent
789 935 1000 992 graves.

618 1015 671 1067 7.
713 1013 832 1081 Quo
880 1028 990 1069 nou
1042 1013 1218 1069 otiose
1272 1022 1457 1068 nostra
1512 1009 1812 1065 admonitio
1864 1006 2140 1072 deﬂectit;

543 1104 708 1161 audio
738 1105 884 1160 enim
913 1105 1131 1161 venisse
1158 1104 1225 1160 ad
1254 1118 1349 1159 vos
1377 1114 1400 1139 ⁸
1434 1102 1835 1157 Sarmationem
1863 1108 1919 1155 et
1945 1098 2145 1152 Barba-

548 1202 753 1255 tianum
786 1200 1104 1272 vaniloquos
1136 1199 1418 1265 homines,
1452 1197 1544 1268 qui
1573 1197 1759 1251 dicant
1787 1194 1995 1250 nullum
2025 1206 2147 1246 csse

547 1295 890 1350 abstinentiae
944 1293 1231 1361 meritum,
1282 1292 1492 1347 nullam
1538 1289 1892 1362 frugalitatis,
1942 1287 2144 1342 nullam

546 1387 876 1457 virginitatis
906 1387 1134 1458 gratiam
1161 1428 1176 1453 ,
1230 1386 1345 1456 pari
1375 1398 1570 1441 omnes
1618 1381 1878 1436 aestimari
1925 1379 2102 1451 pretio
2128 1421 2144 1445 ,

547 1481 783 1538 delirare
813 1497 906 1536 eos
938 1481 1029 1550 qui
1055 1481 1277 1551 jejuniis
1316 1481 1587 1552 castigent
1611 1493 1833 1533 carnem
1865 1491 2019 1531 suam
2044 1518 2057 1540 ,
2093 1486 2151 1529 ut

549 1574 719 1632 menti
768 1575 1040 1630 subditam
1086 1575 1303 1629 faciant.
1340 1573 1497 1642 Quod
1542 1587 1832 1643 numquam
1890 1569 2145 1636 iecisset,

549 1683 845 1738 numquam
893 1668 1205 1738 scripsisset
1247 1668 1313 1722 ad
1345 1666 1738 1722 instituendum
1772 1667 1915 1720 alios
1948 1664 2149 1719 Paulus

2243 468 2300 511 ut
2325 458 2482 512 facile
2510 456 2732 521 credat,
2763 465 2912 512 certe
2948 466 3006 510 ut
3034 472 3141 512 non
3173 457 3352 511 studia
3383 457 3657 527 deponat,
3687 459 3843 512 et-in-

2244 550 2540 605 tentionem
2581 563 2698 603 sua:
2742 548 2941 604 mentis
2971 547 3255 604 inﬂectat?
3284 550 3418 616 Quae
3449 549 3614 604 vidua
3655 560 3676 586 ε
3725 565 3843 604 cum

2243 643 2571 713 compererit
2617 643 2824 698 nullum
2869 658 2995 699 esse
3035 642 3272 698 fructum
3301 642 3620 709 viduitatis,
3665 643 3849 698 mallet

2243 751 2467 792 servare
2496 735 2654 792 (idem
2680 736 2920 806 conjugii
2942 778 2958 802 ,
2984 737 3116 792 etin
3146 735 3399 792 tristibus
3421 737 3624 807 degere
3643 778 3658 801 ,
3686 751 3845 807 quam

2246 845 2304 884 se
2344 829 2568 884 credere
2610 829 3118 896 lmtioribuleuze
3148 830 3393 901 eonjugii
3436 829 3685 885 districta
3726 831 3849 884 vin-

2246 921 2406 986 culo,
2440 921 2486 976 si
2511 921 2699 976 audiat
2728 922 2872 992 quod
2899 923 3081 976 nullus
3110 924 3283 978 honos
3313 924 3579 978 castitatis
3607 924 3709 989 sit,
3742 939 3850 979 non

2249 1015 2421 1084 possit
2461 1015 2733 1070 incuriosa
2781 1017 2976 1070 tentari
3024 1016 3273 1088 corporis
3319 1027 3413 1071 aut
3439 1017 3640 1073 mentis
3681 1016 3853 1072 facili-

2249 1106 2405 1179 tate?
2436 1107 2504 1161 Et
2533 1106 2654 1162 ideo
2683 1107 2924 1162 Ecclesia
2946 1108 3190 1177 quotidie
3221 1109 3274 1164 in
3298 1109 3624 1165 lectionibus
3652 1111 3845 1175 sacris,

2251 1197 2304 1251 in
2332 1199 2676 1253 sacerdotum
2707 1199 3025 1254 tractatibus
3054 1199 3270 1256 laudem
3297 1201 3591 1271 pudicitia,
3619 1201 3851 1272 gloriam

2251 1291 2583 1362 integritatis
2613 1302 2891 1362 personat.

2333 1384 2416 1438 ll.
2459 1383 2681 1438 Frustra
2714 1385 2996 1456 ergo;dicit
3025 1385 3360 1456 Apostolus:
3391 1385 3593 1456 Scripsi
3627 1386 3775 1440 vobis
3799 1387 3855 1441 in

2253 1476 2501 1545 epistola,
2535 1493 2598 1531 ne
2624 1478 3055 1531 commisceamini
3097 1478 3392 1546 Iornicariis
3421 1476 3478 1548 (ι
3521 1475 3643 1532 Cor.
3674 1493 3728 1543 ν,
3755 1478 3851 1549 9).

2253 1567 2322 1621 Et
2370 1583 2438 1623 ne
2471 1569 2608 1624 forte
2635 1569 2661 1604 ά
2699 1570 2886 1624 dicant
2915 1587 2928 1623 :
2962 1569 3080 1624 Non
3122 1569 3193 1625 de
3233 1569 3489 1625 omnibus
3523 1569 3717 1625 mundi
3753 1585 3856 1625 nos

2253 1661 2487 1716 dicimus
2515 1663 2856 1731 fornicariis,
2902 1663 2997 1719 sed
3025 1662 3261 1718 dicimus
3285 1662 3430 1734 quod
3465 1663 3556 1733 qui
3602 1661 3766 1718 fuerit
3800 1663 3855 1718 in

549 1758 830 1829 apostolus
851 1801 866 1826 ,
900 1759 947 1813 si
978 1758 1394 1814 deliramentum
1427 1767 1692 1829 putasset.
1739 1757 2013 1812 Gloriatur
2041 1757 2144 1810 ita-
2179 1765 2228 1824 Β
2252 1753 2472 1809 Christo
2503 1755 2833 1826 baptizatus,
2863 1755 3049 1811 haberi
3074 1757 3185 1824 jam
3230 1771 3338 1809 non
3375 1753 3574 1810 debeat
3618 1753 3845 1809 fornica-

549 1867 656 1923 que
683 1851 875 1907 dicens
899 1870 912 1905 :
947 1852 1054 1908 Sed
1083 1854 1282 1925 castigo
1303 1869 1495 1922 corpus
1529 1868 1718 1918 meum,
1746 1863 1794 1905 et
1816 1852 2046 1906 servituti
2069 1866 2149 1904 re-

548 1943 704 2014 digo;
732 1959 795 1997 ne
808 1944 924 1997 aliis
958 1943 1267 2012 pradicans,
1289 1943 1402 2015 ipse
1431 1944 1679 2012 reprobus
1708 1943 1940 1996 inveniar
1969 1938 2145 2012 (lCor.

551 2051 626 2103 ix,
658 2035 776 2106 ‘27).
826 2035 970 2107 Ergo
1000 2035 1094 2106 qui
1145 2051 1252 2090 non
1301 2035 1573 2105 castigant
1621 2049 1822 2106 corpus
1865 2049 2065 2099 suum,
2095 2042 2150 2089 et

551 2127 742 2183 volunt
770 2126 1068 2198 przedicare
1097 2126 1218 2181 aliis
1242 2168 1256 2192 ,
1289 2126 1390 2198 ipsi
1428 2125 1648 2196 reprobi
1680 2125 1969 2180 habentur.

622 2220 678 2274 8.
719 2222 801 2275 An
832 2219 1124 2290 quidquam
1177 2229 1284 2274 tam
1334 2219 1658 2288 reprobum,
1700 2234 1863 2289 quam
1893 2217 2037 2289 quod
2084 2217 2149 2272 ad

550 2312 850 2378 luxuriam,
897 2311 965 2366 ad
996 2315 1400 2380 corruptelam,
1433 2310 1501 2365 ad
1539 2310 1814 2366 lasciviam
1864 2319 2148 2380 provocat;

548 2419 715 2476 quam
757 2404 1164 2461 incitamentum
1216 2402 1488 2468 libidinis,
1520 2403 1784 2459 illecebra
1817 2401 2110 2472 voluptatis
2133 2443 2148 2468 ,

552 2497 958 2554 incontinentiae
1004 2497 1208 2561 fomes,
1259 2496 1570 2552 incendium
1617 2495 1976 2567 cupiditatis?
2019 2495 2152 2561 Qu.e

553 2590 685 2646 istos
712 2590 1016 2661 Epicureos
1045 2605 1184 2645 nova
1215 2588 1401 2646 schola
1439 2589 1623 2645 misit?
1653 2588 1769 2645 Non
1798 2588 2152 2660 phil050pho-

552 2698 707 2746 rum,
743 2691 799 2737 ut
833 2681 938 2753 ipsi
962 2683 1115 2737 aiunt
1141 2725 1156 2749 ,
1185 2681 1280 2737 sed
1313 2681 1698 2752 imperitorum
1725 2723 1742 2750 ,
1773 2682 1866 2752 qui
1906 2681 2152 2743 volupta-

553 2782 662 2830 tem
691 2774 988 2845 prazdicent
1004 2817 1020 2843 ,
1042 2774 1273 2831 delicias
1300 2775 1594 2848 suadeant,
1616 2773 1995 2830 castimoniam
2017 2773 2150 2828 nulli

552 2868 675 2924 usui
717 2881 841 2924 esse
887 2867 1108 2923 ducant.
1144 2866 1390 2923 Fuerunt
1431 2869 1713 2925 nobiscum
1736 2911 1749 2934 ,
1775 2869 1872 2924 sed
1901 2883 2008 2924 non
2036 2870 2151 2924 fue-

555 2967 685 3014 runt
722 2975 789 3014 ex
835 2959 993 3015 nobis
1036 2959 1094 3031 (Ι
1118 2957 1278 3014 Ιοαη.
1308 2976 1368 3030 ιι,
1397 2960 1546 3032 20);
1578 2977 1755 3032 neque
1797 2963 1942 3017 enim
1989 2961 2155 3032 pudet

557 3055 770 3122 dicere,
799 3053 942 3124 quod
972 3053 1106 3108 dicit
1133 3054 1464 3126 evangelista
1489 3054 1750 3112 Joannes.
1799 3055 1906 3112 Sed
1935 3055 2023 3111 hic
2057 3071 2155 3126 po-

2255 1846 2397 1911 rius;
2433 1847 2528 1903 sed
2561 1849 2970 1919 qualiscumque
2994 1849 3106 1903 vita
3137 1849 3256 1916 ejus
3284 1860 3511 1918 accepta
3538 1849 3609 1903 sit
3640 1847 3772 1911 Deo;
3798 1857 3855 1902 et

2252 1939 2375 1995 ideo
2404 1940 2614 1996 addidit
2640 1942 2969 2011 Apostolus:
3004 1941 3124 1996 Non
3153 1942 3327 2009 utique
3367 1941 3662 2012 fornicariis
3693 1941 3854 2009 huius

2254 2032 2470 2098 mundi;
2493 2041 2548 2087 et
2579 2032 2719 2087 infra
2744 2043 2814 2086 με
2845 2034 2906 2088 Si
2934 2034 3051 2104 quis
3090 2036 3257 2104 frater
3301 2033 3596 2088 nominatur
3625 2032 3857 2103 fornica-

2255 2135 2366 2191 tor,
2398 2136 2487 2180 aut
2533 2140 2756 2192 avarus,
2788 2138 2879 2180 aut
2910 2128 3066 2182 idolis
3109 2129 3365 2192 serriens,
3398 2136 3483 2180 aut
3525 2125 3812 2180 maledicus
3838 2166 3853 2193 ,

2253 2230 2344 2273 aut
2374 2221 2636 2288 ebriosus,
2665 2232 2753 2275 aut
2779 2237 3120 2294 rapaxicum
3148 2220 3406 2293 ejusmodi
3433 2237 3522 2274 nec
3548 2221 3717 2274 cibum
3739 2220 3857 2290 qui-

2255 2314 2370 2368 dem
2420 2331 2643 2370 sumere.
2682 2315 2822 2382 Quid
2843 2316 3000 2383 {enim
3025 2315 3158 2368 mihi
3195 2315 3260 2370 de
3285 2316 3384 2380 iis,
3426 2314 3513 2384 qui
3541 2312 3671 2382 {oris
3715 2322 3854 2375 sunt,

2246 2406 2491 2476 judicare
2522 2406 2716 2478 (lbid.,
2748 2407 2982 2477 1042)?
3010 2407 3078 2462 Et
3107 2407 3176 2462 ad
3224 2405 3526 2476 Ephesios:
3555 2403 3856 2458 Fornicatio

2256 2507 2448 2561 autem,
2482 2508 2528 2552 et
2551 2498 2718 2553 omnis
2748 2498 3097 2565 inmunditia,
3120 2508 3169 2552 et
3199 2497 3418 2552 avaritia
3446 2513 3539 2550 nec
3563 2497 3858 2550 nominetur

2251 2591 2307 2644 in
2338 2590 2514 2657 vobis,
2543 2591 2676 2644 sicut
2706 2589 2850 2646 decet
2880 2600 3086 2644 sanctos
3119 2589 3338 2661 (Ep/tes.
3376 2605 3430 2654 v,
3462 2588 3540 2659 5).
3571 2587 3641 2643 Et
3670 2587 3852 2642 statim

2254 2682 2521 2738 subinlert
2548 2701 2560 2736 :
2599 2681 2714 2736 Hoc
2759 2685 2893 2737 enim
2932 2684 3112 2738 scitote
3157 2683 3295 2753 quod
3319 2682 3485 2737 omnis
3513 2680 3809 2751 impudicus
3837 2720 3851 2744 ,

2255 2785 2342 2828 aut
2371 2775 2684 2840 immundus,
2725 2773 2742 2811 ί
2775 2784 2865 2828 aut
2891 2791 3074 2829 avarus
3097 2817 3112 2840 ,
3149 2774 3286 2845 quod
3314 2785 3388 2830 est
3417 2773 3853 2836 idololatria,non

2255 2865 2406 2920 habet
2427 2867 2784 2922 [nereditatem
2813 2867 2868 2920 in
2893 2882 3055 2939 regno
3075 2865 3267 2921 Christi
3291 2876 3338 2920 et
3381 2863 3478 2920 Dei
3521 2863 3723 2936 (Ibid.,
3746 2865 3780 2918 5
3808 2861 3853 2932 ).

2259 2957 2333 3013 De
2377 2958 2664 3028 baptizatis
2694 2958 2882 3029 utique
2907 2958 3111 3014 dictum
3161 2959 3367 3031 liquet;
3400 2958 3501 3028 ipsi
3533 2959 3674 3013 enim
3700 2957 3850 3012 acci-

2257 3049 2410 3120 piunt
2439 3049 2839 3117 hzereditatent,
2862 3051 2956 3122 qui
2977 3050 3322 3121 baptizanlur
3344 3051 3397 3106 in
3425 3058 3602 3105 morte
3621 3046 3852 3112 Christi,

557 3147 649 3204 siti
680 3148 855 3218 primo
897 3145 1243 3216 jejunabant,
1285 3147 1427 3201 intra
1474 3149 1866 3204 monasterium
1911 3148 2156 3204 contine-
2183 3151 2229 3215 (ζ
2261 3153 2317 3198 et
2344 3143 2790 3213 consepeliuntur
2818 3159 2942 3198 cum
2972 3143 3122 3212 ipso,
3163 3152 3222 3197 ut
3247 3159 3369 3198 cum
3412 3142 3530 3213 ipso
3572 3149 3856 3212 resurgant

557 3241 793 3295 bantur:
825 3237 1007 3293 nullus
1035 3247 1154 3292 erat
1195 3238 1427 3293 luxuria:
1474 3239 1625 3296 locus
1651 3283 1666 3307 ,
1699 3241 1986 3296 interdicta
2017 3240 2156 3297 ludi-

561 3329 762 3386 briosae
790 3327 1143 3400 disputationi
1171 3327 1412 3384 licentia.

631 3421 686 3476 9.
731 3418 844 3475 Hoc
887 3418 1110 3475 delicati
1164 3434 1273 3476 non
1329 3429 1624 3491 potuerunt
1669 3422 1834 3478 ferre.
1893 3423 2158 3479 Abierunt

562 3516 706 3572 foras
755 3533 768 3567 :
816 3513 1017 3571 deinde
1041 3515 1290 3572 volentes
1330 3515 1548 3583 redire,
1583 3531 1692 3573 non
1741 3527 1872 3574 sunt
1912 3521 2152 3591 recepti;

565 3607 592 3649 ι»
617 3609 875 3681 pleraque
920 3609 1065 3665 enim
1113 3607 1430 3674 audieram,
1480 3625 1601 3678 qua:
1641 3609 1898 3667 deberem
1921 3627 2156 3668 cavere:

562 3716 878 3759 monueram
907 3741 922 3769 ,
955 3700 1090 3756 nihil
1113 3700 1480 3772 profeceram.
1515 3701 1947 3761 Effervescentes
1975 3704 2157 3776 itaque

559 3796 919 3856 disseminare
947 3796 1072 3852 talia
1092 3806 1396 3868 cmperunt,
1420 3795 1618 3868 quibus
1645 3800 1955 3855 incentores
1973 3812 2159 3856 essent

561 3891 814 3948 vitiorum
859 3890 1102 3946 omnium
1149 3889 1513 3946 miserabiles.
1566 3889 1928 3949 Perdiderunt
1977 3895 2160 3964 utique

561 3985 705 4055 quod
733 3983 1116 4054 jejunaverunt
1143 3999 1156 4036 :
1195 3981 1548 4054 perdiderunt
1579 3985 1722 4054 quod
1744 3999 1804 4040 se
1832 3985 2014 4056 aliquo
2038 4000 2161 4041 con-

563 4076 844 4130 tinuerunt
887 4084 1154 4147 tempore.
1219 4074 1376 4131 Nunc
1430 4076 1615 4147 itaque
1665 4076 1934 4133 diabolico
1981 4077 2160 4133 studio

562 4166 811 4224 invident
836 4168 1065 4225 aliorum
1099 4167 1358 4239 operibus
1386 4167 1574 4237 bonis,
1606 4184 1834 4240 quorum
1868 4169 1971 4241 ipsi
1985 4169 2159 4226 fructu

563 4260 908 4319 exciderunt.

639 4357 724 4413 10.
787 4356 920 4424 Quae
970 4355 1124 4428 virgo
1191 4356 1379 4412 audiat
1439 4357 1650 4413 nullum
1706 4359 1988 4427 praemium
2040 4373 2165 4416 esse

2259 3235 2442 3306 (Rom.
2470 3251 2548 3300 vi,
2581 3235 2660 3307 5).
2691 3235 2817 3292 Ideo
2855 3235 3105 3293 hmredes
3135 3236 3269 3304 Dei,
3310 3235 3623 3292 coheredes
3651 3232 3855 3290 Christi

2259 3337 2420 3384 sunt:
2447 3327 2697 3384 haeredes
2732 3329 2860 3394 Dei;
2895 3338 2919 3376 8
2949 3328 3075 3399 quia
3123 3327 3505 3384 transcribitur
3533 3326 3587 3382 in
3628 3340 3722 3382 eos
3754 3325 3856 3381 Dei

2258 3423 2430 3491 gratia
2456 3440 2468 3475 :
2498 3422 2815 3478 cohmredes
2837 3421 3077 3489 Christi;
3104 3423 3228 3494 quia
3253 3433 3584 3478 renovantur
3609 3422 3662 3476 in
3686 3421 3852 3475 vitam

2261 3513 2431 3584 ipsius
2455 3531 2467 3567 :
2505 3514 2752 3570 haeredes
2777 3529 2995 3587 quoque
3023 3513 3258 3580 Christi;
3285 3514 3412 3584 quia
3442 3513 3601 3568 datur
3629 3513 3737 3568 illis
3758 3527 3854 3583 per

2261 3619 2492 3663 mortem
2522 3607 2694 3676 ipsius
2724 3617 2998 3679 tamquam
3030 3609 3309 3665 testatoris
3339 3607 3647 3663 hmreditas.

2338 3699 2424 3754 19..
2468 3699 2561 3754 Isti
2607 3700 2770 3770 igitur
2812 3703 2984 3772 magis
3026 3699 3128 3756 sibi
3171 3700 3372 3757 debent
3400 3699 3716 3767 attendere,
3763 3699 3857 3770 qui

2263 3793 2464 3850 habent
2491 3793 2868 3866 quodjpossint
2892 3794 3140 3850 amittere
3156 3836 3173 3863 ,
3200 3810 3361 3866 quam
3384 3795 3476 3865 qui
3499 3809 3608 3850 non
3630 3793 3859 3850 habent.

2265 3885 2288 3922 ιι
2335 3886 2429 3942 lsti
2469 3888 2678 3958 majore
2718 3903 2881 3958 agere
2909 3887 3193 3954 custodia,
3236 3888 3323 3942 isti
3369 3902 3565 3944 cavere
3601 3886 3858 3941 vitiorum

2263 3981 2570 4050 illecebras,
2598 3983 2806 4038 erroris
2833 3983 3184 4038 incitamenta
3215 3982 3448 4047 debent,
3473 3998 3596 4052 qua:
3620 3982 3856 4036 maxime

2263 4091 2330 4131 ex
2376 4076 2500 4132 cibo
2547 4087 2786 4147 potuque
2838 4074 3111 4131 oriuntur.
3161 4075 3407 4146 Denique
3459 4076 3590 4129 sedit
3631 4074 3854 4145 populus

2263 4171 2578 4226 manducare
2609 4181 2655 4226 et
2698 4170 2900 4236 bibere,
2949 4183 2995 4225 et
3047 4180 3379 4226 surrexerunt
3427 4169 3605 4224 ludere
3634 4166 3850 4239 (Exod.

2265 4279 2434 4331 χχιιι,
2465 4262 2543 4331 6).

2347 4359 2427 4413 15.
2471 4357 2590 4429 Ipse
2619 4372 2836 4429 quoque
2885 4357 3120 4428 Epicuru
3183 4360 3374 4430 {quem
3424 4358 3511 4414 isti
3553 4357 3653 4413 sibi
3688 4357 3860 4427 magis

638 4576 662 4603 ο
701 4565 850 4652 Duos
876 4562 1349 4652 hpsceapo'statas
1378 4561 1680 4652 monachos
1701 4563 1814 4632 jam
1846 4566 2164 4652 perstringit
2191 4569 2244 4629 ])
2269 4580 2401 4652 mss.
2434 4565 2767 4651 elegantius,
2793 4583 2910 4621 cum
2930 4569 3354 4652 compererit:
3382 4568 3522 4623 infra
3545 4567 3668 4622 cod.
3700 4566 3863 4638 Reg,

564 4645 786 4694 sanctus
813 4635 1134 4692 Ambrosius
1162 4633 1358 4689 Enarr.
1394 4633 1448 4688 in
1479 4635 1617 4706 psal.
1651 4650 1836 4699 xxxvi,
1867 4651 2022 4689 num.
2056 4638 2162 4701 49,

564 4709 656 4765 ubi
703 4707 869 4763 tacito
896 4707 1384 4778 eorumrnomine,
1403 4720 1565 4778 quam
1603 4706 1882 4761 simillima
1911 4707 1979 4762 iis
1999 4749 2014 4772 ,
2043 4723 2163 4778 quae

563 4780 654 4838 hic
677 4779 968 4846 dicuntur,
996 4779 1050 4834 in
1077 4777 1200 4834 illos
1227 4777 1434 4833 scribit.
1483 4776 1684 4833 Eorum
1717 4786 1896 4833 autem
1937 4776 2164 4836 haeresis

564 4867 632 4908 ex
665 4859 802 4908 tetro
825 4849 1090 4906 Joviniaui
1117 4848 1270 4920 fonte
1293 4857 1474 4920 ortum
1506 4848 1774 4917 ducebat,
1801 4849 1870 4906 de
1899 4850 2056 4920 cujus
2079 4865 2166 4906 er-

565 4922 784 5005 roribus
809 4921 1203 5005 agitur,_epist.
1244 4919 1317 4974 42
1339 4920 1406 4975 ad
1435 4920 1727 5005 Syricium.

641 4992 668 5032 ι)
707 4993 783 5048 Ita
813 5002 924 5050 vet.
966 4993 1100 5049 edit.
1141 5002 1198 5047 et
1225 5006 1355 5047 mss.
1395 4992 1498 5047 nisi
1528 4993 1672 5062 quod
1697 4992 1890 5048 horum
1919 4993 2166 5048 nonnulli

567 5064 774 5136 habent
799 5065 1096 5136 plerumque
1124 5078 1226 5134 pro
1251 5067 1310 5120 τὸ
1342 5063 1588 5136 pleraque
1612 5081 1629 5118 :
1659 5065 1765 5119 illm
1790 5079 1924 5120 vero
1951 5080 2052 5134 pro
2077 5064 2166 5119 de-

567 5135 739 5192 berem
769 5135 976 5207 ponunt
1005 5136 1275 5201 deberent;
1306 5135 1446 5207 sicut
1492 5135 1653 5191 etiam
1685 5136 1846 5191 Rom.
1877 5135 2008 5190 edit.
2040 5151 2165 5207 qua:

607 5216 833 5264 raterea
879 5206 1070 5275 effert,
1136 5207 1325 5264 caveri.
1375 5206 1717 5271 Monueram,
1762 5207 1895 5260 nihil
1946 5206 2162 5277 profeci.

595 5279 889 5351 ntelligitur
915 5287 1096 5351 autem
1122 5293 1191 5336 ex
1223 5277 1340 5332 istis
1370 5278 1552 5351 verbis
1582 5279 1927 5351 Ambrosium
1975 5293 2070 5351 pe_r
2100 5292 2161 5332 se

566 5348 730 5420 hujus
753 5348 1072 5408 monasterii
1093 5391 1107 5416 ,
1139 5351 1191 5404 in
1212 5364 1318 5420 quo
1338 5349 1585 5405 vixerant
1609 5350 1916 5406 Sarmatian
1939 5363 2003 5405 ac
2027 5348 2162 5404 Bar-

566 5419 818 5478 batianus
837 5465 853 5490 ,
883 5437 1066 5479 curam
1091 5419 1311 5492 gerere,
1345 5420 1558 5492 tametsi
1588 5422 1636 5475 ei
1667 5420 2007 5492 sacerdotem
2036 5435 2162 5485 quo-

563 5506 672 5564 que
703 5489 1065 5563 praefecisset,
1095 5489 1158 5548 ut
1203 5499 1433 5564 testatur
1463 5489 1797 5564 Augustinus
1812 5493 1919 5564 lib.
1945 5491 2020 5564 de
2050 5492 2163 5546 Mu-

562 5561 716 5633 ribus
746 5564 892 5621 Eccl.
922 5563 1087 5621 Cath.
1119 5579 1241 5633 cap.
1271 5561 1363 5628 55,
1385 5561 1753 5633 quocumque:
1771 5562 1915 5617 idem
1945 5562 2042 5618 lib.
2069 5578 2162 5616 vtu

561 5632 810 5761 Congess.
842 5651 892 5692 c.
941 5636 974 5690 6
1001 5635 1070 5691 de
1099 5632 1294 5691 eodem
1341 5632 1611 5689 asceterio
1641 5642 1942 5700 memorat,
1971 5633 2162 5690 confe-

563 5718 662 5760 ren
701 5721 732 5760 a
755 5717 902 5761 sunt.

563 5717 732 5761 renda
755 5717 902 5761 sunt.

637 5786 659 5813 ο
701 5775 845 5832 Edit.
877 5789 1102 5845 omnes,
1123 5790 1187 5832 ac
1217 5776 1375 5848 pauci
1398 5790 1555 5846 mss.,
1580 5793 1695 5833 cum
1715 5776 2042 5847 conceperit:
2069 5777 2164 5834 alii

2268 4638 2438 4711 ﬁdem
2455 4639 2758 4711 conjugi._...
2790 4649 2878 4711 aut
2907 4638 3090 4694 mentis
3117 4640 3422 4711 fragilitate.

2342 4705 2366 4744 ά
2409 4705 2566 4763 Βοηί.
2611 4705 2770 4772 edit.,
2802 4710 2976 4763 dicant
3016 4705 3127 4766 non'
3160 4705 3224 4764 de
3268 4713 3502 4766 omnibus
3546 4709 3725 4764 mundi
3772 4726 3866 4764 nos

2269 4779 2436 4854 dicere
2481 4780 2808 4854 fornicariis,
2854 4782 2942 4836 sed
2986 4781 3123 4850 quod
3147 4783 3234 4852 qui
3268 4783 3517 4854 fuerit....
3553 4781 3868 4854 nonhdebeot

2268 4851 2601 4920 fornicarius,
2634 4852 3042 4922 qualiscumque,
3067 4851 3212 4919 etc.;
3244 4851 3436 4910 omnes
3461 4869 3592 4910 vero
3621 4851 3742 4907 alia:
3762 4891 3780 4915 ,
3804 4867 3868 4907 ac

2269 4936 2399 4977 mss.
2432 4932 2488 4978 ut
2517 4925 2570 4978 in
2598 4934 2882 4980 contextu.
2914 4924 3014 4980 llic
3039 4932 3222 4981 autem
3252 4941 3406 4980 error
3426 4967 3441 4991 ,
3477 4939 3584 4994 quo
3612 4924 3702 4993 qui
3736 4923 3866 4994 hap-

2270 4995 2464 5066 tiz_atus
2484 4995 2654 5050 semel
2679 4994 2884 5066 luisset,
2914 4997 3210 5066 negabatur
3235 5011 3462 5065 peccare
3484 4993 3644 5065 posse
3661 5035 3676 5058 ,
3700 4993 3862 5049 etiam

2267 5079 2296 5118 a
2327 5063 2616 5137 Joviniano
2639 5063 3065 5129 defendebatur,
3095 5063 3551 5137 quemadmodum
3575 5066 3861 5135 cognosci-

2269 5151 2388 5190 mus
2413 5152 2479 5208 ex
2500 5135 2727 5208 August.
2761 5137 2856 5192 lib.
2890 5137 2957 5192 de
2990 5135 3192 5194 l’lzeres.
3223 5154 3345 5208 cap.
3375 5138 3464 5194 82.

2344 5217 2365 5245 θ
2408 5207 2566 5264 Rom.
2591 5206 2760 5274 edin,
2797 5209 2842 5263 si
2881 5209 2967 5278 qui
3009 5212 3170 5280 frater
3211 5206 3544 5278 nominatur,
3583 5219 3658 5265 est
3700 5206 3863 5276 fomi-

2269 5288 2432 5332 calor.

2344 5348 2362 5386 ί
2404 5349 2609 5422 omnes
2638 5350 2771 5405 edit.
2801 5365 2865 5406 ac
2894 5367 3026 5406 mss.
3058 5353 3305 5408 nonnulli
3329 5393 3344 5418 ,
3371 5352 3512 5422 quod
3533 5361 3607 5408 est
3641 5350 3863 5405 idololao

2267 5430 2383 5485 tra;
2406 5421 2605 5496 [τειίαυὶ
2641 5435 2837 5496 magno
2869 5439 3133 5496 numero,
3163 5424 3301 5496 quod
3327 5421 3400 5478 est
3427 5423 3753 5496 idololatria.

2341 5502 2365 5538 ιε
2406 5491 2566 5575 Rom.
2600 5491 2760 5558 edit.,
2791 5493 2911 5575 quia
2959 5491 3361 5575 transmittitur;
3400 5494 3526 5550 aliae
3569 5510 3692 5551 cum
3724 5505 3855 5547 mss.

2269 5577 2438 5634 prope
2464 5561 2531 5617 ad
2563 5577 2768 5644 unum,
2799 5561 2920 5633 quia
2948 5568 3330 5650 transcribitur.
3505 5635 3518 5648 .
3592 5636 3603 5648 .

2341 5633 2381 5709 ιζ
2408 5632 2484 5690 lta
2513 5643 2626 5690 vet.
2655 5632 2790 5709 edit,
2813 5650 2938 5692 cum
2971 5651 3098 5709 mss.
3132 5637 3378 5709 pluribus
3406 5636 3818 5709 potioribusque
3842 5648 3855 5687 ;

2269 5713 2326 5760 at
2351 5705 2507 5760 Rom.
2549 5719 2672 5761 cum
2695 5703 2817 5761 aliis
2848 5703 3158 5778 nonnullis,
3188 5725 3334 5780 egere
3353 5703 3609 5763 custodia.
