4092 6190
277 272 416 328 H95

1488 265 1976 327 EPISTOLARUM
2019 271 2302 332 CLASSIS
2340 274 2381 327 1.

3428 273 3566 335 1194

274 386 613 459 sequendum
653 399 815 456 quam
854 384 1137 456 apostolos
1173 391 1395 453 putant,
1427 393 1671 440 assertor
1717 387 1868 442 volu-
1897 393 1947 450 Α
1975 399 2127 454 nant,
2159 399 2285 446 tunc
2316 389 2429 445 fieri
2461 392 2913 460 prtestantiores?
2941 391 3185 462 Denique
3211 393 3423 465 Moyses
3444 411 3567 452 cum

275 483 477 552 ptatis,
508 480 607 535 etsi
634 488 795 550 neget
841 486 866 514 α
907 477 1258 532 invectricem
1302 476 1432 530 mali
1468 491 1592 532 esse
1622 478 1870 549 volupta-

276 586 385 630 tcm
407 617 422 642 ,
457 588 565 628 non
589 581 750 643 negat
772 580 953 625 tamen
979 583 1050 624 ex
1067 582 1131 624 ea
1150 566 1270 622 ﬁeri
1286 567 1530 637 qutedam
1551 608 1566 633 ,
1587 583 1650 623 ex
1675 569 1871 638 quibus

275 675 636 740 generentur,
669 664 806 718 mala
833 680 846 718 :
878 662 1114 730 denique
1143 675 1243 716 nec
1277 660 1680 716 luxuriosorum
1703 662 1870 716 vitam

275 759 762 834 reprehensibilem
797 757 1010 822 videri,
1043 773 1166 827 quae
1195 755 1472 826 repleatur
1500 754 1874 810 delectationi-

276 857 410 922 bus;
444 854 547 911 nisi
591 853 678 908 vel
717 850 957 915 doloris,
996 848 1210 921 1026
1234 847 1321 903 vel
1369 847 1557 902 mortis
1595 846 1874 917 quatiatur

279 960 447 1004 metu.
473 949 652 1017 Atque
676 945 764 1000 hic
789 957 954 1014 quam
979 941 1194 998 alienus
1215 956 1243 994 a
1269 954 1401 996 vero
1429 940 1528 1006 sit,
1555 939 1718 994 etiam
1749 938 1876 993 hinc

278 1039 744 1112 deprehenditur,
804 1035 950 1108 quod
1005 1035 1335 1105 voluptatem
1395 1034 1446 1087 in
1515 1032 1732 1087 homine
1763 1032 1876 1087 Deo

279 1143 504 1190 auctore
547 1142 790 1188 creatam
837 1129 1034 1185 asserit
1082 1126 1486 1198 principaliter,
1522 1125 1662 1180 sicut
1690 1123 1718 1163 δ
1747 1123 1875 1179 Phi-

278 1228 523 1282 lomarus
551 1223 668 1293 ejus
714 1229 952 1277 sectator
998 1221 1050 1274 in
1079 1220 1331 1290 epitomis
1371 1221 1482 1276 suis
1513 1220 1786 1290 diSputat,
1821 1230 1876 1276 et

282 1319 443 1389 bujus
476 1329 498 1356 ο
531 1318 727 1387 allegat
754 1314 968 1371 Stoicos
997 1326 1118 1368 esse
1141 1321 1395 1368 auctores
1421 1314 1728 1367 sententize.

358 1409 444 1466 14.
487 1409 596 1466 Sed
625 1408 730 1463 hoc
755 1406 940 1463 divina
973 1405 1254 1475 Scriptura
1283 1403 1594 1475 redarguit,
1622 1418 1743 1474 quae
1763 1418 1878 1458 ser-

284 1505 464 1577 pentis
490 1501 706 1558 insidiis
733 1510 893 1570 atque
917 1497 1191 1553 illecebris
1229 1495 1256 1533 ἀ
1284 1495 1517 1551 infusam
1556 1495 1690 1551 Ada:
1715 1503 1881 1567 atque

284 1600 414 1655 Eva:
438 1596 769 1665 voluptatem
796 1591 954 1647 docet
986 1587 1141 1662 (Gen.
1174 1603 1251 1653 ιιι,
1283 1588 1307 1641 l
1334 1597 1381 1643 et
1402 1584 1555 1658 seq.).
1593 1586 1878 1656 Siquidem

284 1694 403 1763 ipse
450 1701 677 1758 serpens
705 1685 954 1755 voluptas
981 1683 1074 1750 sit,
1103 1691 1156 1737 et
1188 1680 1312 1736 ideo
1341 1680 1504 1735 variae
1533 1669 1595 1734 ac
1618 1679 1838 1735 lubrica:
1864 1720 1878 1741 ,

1971 481 2246 551 jejunaret
2267 524 2281 549 ,
2314 482 2512 553 Legem
2535 486 2744 555 accepit
2766 484 2962 556 (Exod.
2990 499 3174 551 xxxiv,
3203 484 3321 556 ‘28).
3357 487 3420 540 Et
3446 488 3572 543 ideo

1976 573 2168 629 Petrus
2196 589 2320 629 cum
2348 573 2621 645 jejunaret
2641 620 2654 643 ,
2691 576 2918 632 edoctus
2949 585 3032 632 est
3075 579 3203 633 novi
3235 577 3574 635 Testamenti

1974 665 2222 735 gratiam.
2273 665 2464 721 Daniel
2513 681 2727 737 quoque
2771 667 2960 738 jejunii
2994 669 3188 724 merito
3231 683 3324 725 ora
3376 671 3577 727 clausit

1976 755 2216 822 leonum,
2241 757 2654 828 futurorumque
2684 768 2984 828 temporum
3008 759 3143 814 vidit
3170 761 3382 832 negotia
3408 760 3572 833 (Dan.

1977 863 2085 913 xiv,
2119 848 2219 914 '52;
2255 865 2330 916 1x,
2361 849 2398 902 2
2423 859 2471 903 et
2497 849 2652 922 seq.).
2686 850 2792 905 Aut
2813 865 2931 920 qua:
2954 849 3110 905 nobis
3149 850 3295 907 salus
3321 867 3444 908 esse
3482 866 3579 922 po-

1979 948 2118 1007 test,
2170 942 2270 995 nisi
2315 940 2523 1011 jejunio
2573 942 2870 998 eluerimus
2919 951 3138 1012 peccata
3186 952 3404 1008 nostra;
3454 957 3578 999 cum

1977 1033 2256 1103 Scriptura
2284 1033 2469 1089 dicat:
2499 1034 2770 1104 Jejunium
2793 1077 2807 1101 ,
2844 1043 2898 1090 et
2948 1035 3298 1105 eleemosyna
3333 1034 3349 1071 τ
3386 1051 3414 1090 a
3454 1051 3582 1106 pec-

1979 1135 2100 1182 cato
2130 1126 2322 1182 liberat
2356 1127 2507 1199 ('l‘ob.
2542 1143 2639 1193 xu,
2670 1127 2724 1198 8)
2754 1129 2766 1181 ι

2055 1221 2140 1272 l7.
2181 1219 2283 1285 Qui
2317 1228 2442 1275 sunt
2471 1235 2604 1291 ergo
2633 1221 2686 1274 hi
2721 1230 3084 1292 praeceptores
3136 1224 3262 1277 novi
3284 1264 3299 1288 ,
3332 1225 3422 1293 qui
3474 1238 3589 1279 mc-

1982 1310 2142 1364 ritum
2192 1312 2482 1367 excludant
2523 1311 2757 1382 jejunii?
2786 1313 2976 1369 Nonne
3024 1314 3308 1384 gentilium
3341 1330 3442 1369 vox
3482 1316 3584 1370 ista

1981 1415 2062 1457 est
2108 1402 2408 1460 dicentium
2435 1423 2447 1457 :
2478 1404 2854 1460 Manducemus
2901 1417 2952 1461 et
2983 1407 3233 1460 bibamus.
3268 1405 3418 1474 Quos
3447 1407 3589 1463 bene

1983 1495 2170 1552 irridet
2220 1498 2514 1568 Apostolus
2573 1499 2764 1553 dicens
2807 1517 2819 1552 :
2866 1499 2926 1554 Si
2980 1503 3261 1554 secundum
3325 1502 3586 1556 hominem

1983 1589 2207 1657 pugnavi
2259 1588 2448 1657 Ephesi
2502 1589 2570 1642 ad
2624 1590 2840 1654 bestias,
2905 1591 3026 1657 quid
3083 1591 3208 1644 mihi
3255 1593 3490 1659 prodest,
3541 1593 3585 1646 si

1986 1680 2176 1732 mortui
2224 1693 2326 1732 non
2355 1680 2676 1749 resurgunt?
2706 1679 3082 1734 Manducemus
3113 1682 3323 1752 1027
3354 1691 3401 1735 et
3444 1682 3589 1735 biba-

285 1793 341 1842 et
366 1783 516 1840 velut
541 1793 752 1837 veneno
778 1776 1010 1848 quodam
1037 1774 1470 1844 corruptelarum
1501 1770 1720 1827 infectae
1759 1785 1884 1842 pas-
1911 1763 1958 1823 B
1987 1787 2133 1838 mus;
2181 1787 2295 1826 cras
2324 1772 2460 1825 enim
2502 1772 2783 1826 moriemur
2820 1769 2866 1842 (Ι
2896 1771 3016 1827 Cor.
3054 1788 3143 1838 xv,
3177 1772 3307 1842 '52),
3339 1772 3442 1827 hoc
3472 1781 3592 1827 est:

286 1878 470 1934 siones
497 1873 792 1944 voluptatis
821 1870 950 1924 sint.
1008 1865 1332 1936 Appetentia
1373 1863 1537 1934 igitur
1585 1861 1881 1932 voluptatis

287 1976 500 2025 constat
528 1965 816 2034 deceptum
850 1959 1022 2014 Adam
1051 1957 1319 2014 excidisse
1341 1970 1368 2009 a
1400 1953 1657 2009 mandato
1684 1952 1803 2017 Dei,
1829 1960 1884 2007 et

288 2060 464 2116 fructu
496 2056 711 2128 gratiae.
757 2050 1042 2120 Quomodo
1072 2049 1236 2119 igitur
1280 2049 1526 2116 voluptas
1555 2044 1623 2098 ad
1667 2041 1882 2113 paradi-

287 2169 408 2210 sum
459 2160 719 2207 revocare
763 2158 862 2201 nos
905 2149 1127 2213 potest,
1171 2154 1292 2210 quae
1324 2137 1440 2194 sola
1486 2149 1587 2190 nos
1629 2132 1885 2205 paradiso

401 2242 484 2295 it?

365 2251 442 2298 uit
460 2251 484 2295 'f

290 2260 451 2390 ex15.
495 2330 650 2388 Unde
695 2337 751 2384 et
797 2324 1058 2382 Dominus
1082 2322 1242 2378 Jesus
1270 2319 1462 2375 volens
1492 2331 1592 2373 nos
1621 2315 1889 2372 adversus

291 2426 491 2485 diaboli
542 2428 872 2480 tentamenta
919 2416 1174 2472 fortiores
1208 2425 1230 2451 θ
1263 2412 1529 2478 reddere,
1583 2417 1890 2465 certaturus

285 2518 547 2592 jejunavit
571 2514 787 2589 (Matth.
820 2527 895 2581 rv,
926 2509 1015 2582 2);
1053 2516 1113 2563 ut
1141 2505 1404 2563 sciremus
1427 2503 1553 2574 quia
1580 2502 1739 2557 aliter
1777 2500 1892 2555 ille-

290 2591 487 2669 cebras
531 2607 662 2664 mali
708 2620 816 2662 non
867 2613 1155 2674 possumus
1203 2598 1443 2652 vincere.
1480 2594 1726 2664 Denique
1776 2591 1893 2661 ipse

292 2703 546 2761 diabolus
572 2699 805 2771 primum
857 2697 1313 2750 tentamentorum
1357 2701 1580 2743 suorum
1625 2685 1892 2755 spiculum

293 2797 365 2853 de
394 2795 668 2865 voluptate
716 2790 970 2852 intorsit,
1018 2783 1209 2840 diceus
1241 2799 1254 2835 :
1287 2781 1346 2836 Si
1373 2777 1545 2833 Filius
1578 2776 1677 2832 Dei
1698 2792 1778 2842 es,
1813 2773 1896 2828 dic

296 2898 351 2943 ut
367 2887 564 2957 lapides
586 2883 672 2938 isti
695 2897 854 2953 panes
875 2880 1002 2948 fiant
1021 2875 1210 2946 (Ibid.,
1227 2874 1308 2943 5).
1328 2870 1485 2929 Unde
1502 2872 1576 2925 ait
1601 2868 1859 2924 Dominus
1881 2882 1893 2918 :

299 2980 428 3037 Non
464 2980 518 3032 in
549 2992 675 3048 pane
719 2972 830 3029 solo
855 2971 975 3026 vivit
1003 2969 1181 3032 homo,
1210 2965 1299 3020 sed
1341 2965 1396 3017 in
1426 2962 1564 3017 omni
1589 2961 1739 3016 verbo
1781 2958 1894 3025 Dei,

300 3081 358 3130 et
385 3071 561 3127 noluit
579 3068 760 3123 facere
772 3079 898 3122 cum
927 3068 1134 3133 posset,
1165 3065 1223 3112 ut
1249 3053 1697 3125 magislectionis
1718 3049 1899 3107 studio

1984 1861 2126 1928 Quid
2158 1862 2291 1918 mihi
2323 1861 2530 1932 profuit
2566 1878 2741 1933 usque
2767 1863 2834 1918 ad
2867 1875 3097 1919 mortem
3126 1865 3407 1920 contentio
3436 1906 3450 1932 ,
3484 1866 3592 1921 nisi

1987 1964 2044 2008 ut
2075 1953 2350 2009 hominem
2385 1965 2409 2002 ις
2440 1953 2765 2010 redimerem
2795 1956 3013 2011 meum?
3045 1956 3180 2024 Quia
3211 1955 3413 2010 frustra
3447 1955 3593 2011 redi-

1988 2046 2184 2112 mitur,
2215 2045 2260 2102 si
2292 2046 2439 2101 nulla
2461 2055 2545 2102 est
2573 2061 2700 2117 spes
2741 2048 3181 2103 resurrectionis.
3214 2047 3293 2103 Ac
3326 2063 3422 2119 per
3449 2048 3587 2118 hoc,

1989 2151 2084 2206 spe
2113 2138 2260 2192 omni
2288 2137 2707 2193 resurrectionis
2737 2139 2934 2193 amissa
2953 2179 2970 2206 ,
2998 2139 3390 2195 manducemus
3426 2149 3482 2196 et
3509 2142 3592 2197 bi-

1991 2230 2182 2286 bamus
2207 2248 2219 2282 :
2251 2243 2357 2286 non
2384 2231 2692 2286 amittamus
2721 2230 2954 2286 fructum
2984 2232 3332 2300 praesentium
3356 2273 3369 2297 ,
3394 2234 3485 2303 qui
3509 2233 3596 2289 fu-

1991 2333 2234 2380 turorum
2251 2325 2458 2380 nullum
2483 2333 2750 2380 tenemus.
2775 2323 2993 2379 lllorum
3018 2340 3147 2395 ergo
3163 2333 3245 2380 est
3262 2325 3397 2380 cibis
3425 2335 3481 2381 et
3496 2342 3590 2396 po-

1993 2416 2135 2472 tibus
2165 2415 2466 2486 indulgere,
2485 2416 2576 2486 qui
2610 2413 2745 2470 nihil
2768 2424 2888 2485 post
2910 2425 3138 2471 mortem
3171 2431 3322 2471 suam
3345 2426 3587 2487 sperant.

2067 2511 2154 2563 l7.
2180 2510 2420 2580 Denique
2449 2509 2704 2578 Epicurei
2726 2508 2913 2563 dicunt
2950 2517 3248 2564 assertores
3276 2510 3597 2578 voluptatis,
3631 2539 3640 2546 -

1997 2603 2024 2641 ¹³
2053 2606 2176 2675 quia
2199 2620 2346 2660 mors
2376 2603 2512 2659 nihil
2535 2603 2601 2659 ad
2620 2617 2751 2670 nos;
2788 2603 2928 2674 quod
2958 2604 3102 2659 enim
3129 2604 3465 2669 dissolvitur,
3500 2604 3599 2658 in—

1998 2697 2253 2754 sensibile
2297 2705 2378 2752 est
2407 2713 2420 2750 :
2445 2695 2589 2766 quod
2619 2704 2802 2752 autem
2844 2695 3185 2762 insensibile,
3213 2695 3342 2750 nihil
3373 2696 3438 2750 ad
3471 2710 3596 2751 nos.

1997 2788 2114 2855 Quo
2141 2788 2765 2858 demonstrautcorpore
2788 2801 2849 2842 se
2879 2794 3110 2854 tantum,
3144 2801 3248 2840 non
3296 2795 3480 2842 mente
3518 2788 3598 2840 vi-

2004 2894 2169 2936 vere:
2205 2894 2305 2935 nec
2341 2878 2538 2934 animae
2569 2878 2736 2948 fungi,
2780 2878 2876 2933 sed
2923 2879 3100 2934 carnis
3140 2878 3308 2933 solius
3341 2893 3596 2944 munere,

2001 2971 2095 3042 qui
2141 2971 2449 3026 secessione
2493 2971 2688 3024 animae
2735 2969 3090 3038 corporisque
3137 2968 3360 3023 dissolvi
3401 2983 3602 3024 munus

2003 3077 2116 3119 suae
2144 3064 2267 3118 vitae
2294 3077 2454 3117 omne
2482 3061 2815 3127 existiment,
2849 3060 3026 3130 perire
3057 3061 3250 3115 merita
3296 3060 3554 3114 virtutum
3586 3103 3600 3127 ,

297 3181 460 3238 quam
493 3161 759 3233 voluptati
792 3154 1077 3214 intendere
1103 3164 1208 3205 nos
1237 3148 1462 3204 salutari
1498 3153 1776 3216 praecepto
1801 3144 1897 3199 do-

2005 3165 2167 3227 atque
2184 3155 2379 3211 animae
2406 3168 2622 3210 omnem
2650 3153 2915 3223 vigorem,
2961 3160 3105 3209 totos
3136 3167 3194 3208 se
3220 3152 3453 3209 deﬁcere
3480 3168 3601 3208 cum

298 3267 468 3315 ceret.
518 3257 586 3311 Et
613 3253 739 3324 quia
771 3251 859 3307 isti
907 3241 1263 3315 jejunandum
1311 3250 1544 3310 negant,
1577 3253 1680 3310 qua
1730 3252 1895 3292 causa

299 3349 553 3406 Christus
574 3339 935 3415 jejunaverit,
968 3342 1250 3398 astruant;
1281 3333 1386 3388 nisi
1418 3339 1477 3385 ut
1503 3329 1664 3384 nobis
1710 3343 1896 3384 exem-

304 3442 395 3512 plo
434 3445 580 3494 esset
621 3435 742 3505 ejus
781 3429 1071 3503 jejunium.
1125 3427 1367 3497 Denique
1398 3425 1449 3478 in
1501 3421 1898 3493 posterioribus

303 3529 493 3588 docuit
539 3543 646 3584 non
696 3526 858 3581 facile
898 3522 1101 3579 malum
1151 3533 1340 3593 posse,
1375 3517 1476 3573 nisi
1525 3527 1714 3572 nostro
1755 3515 1900 3570 vinci

300 3621 512 3696 jejunio
533 3664 549 3691 ,
595 3621 824 3677 dicens:
854 3616 972 3672 Hoc
1013 3630 1172 3686 genus
1218 3611 1592 3668 dtemoniorum
1620 3626 1722 3664 non
1750 3609 1898 3677 ejici-

309 3727 393 3771 tur
412 3756 428 3784 ,
466 3715 570 3769 nisi
594 3715 650 3768 in
679 3711 909 3794 oratione
938 3716 984 3764 et
1002 3707 1215 3779 jejunio
1243 3703 1466 3794 (Matth.
1494 3716 1627 3766 xvn,
1654 3698 1770 3794 20)ἶ

381 3806 466 3862 16.
507 3805 645 3874 Quid
691 3787 854 3858 etiam
905 3799 1008 3854 sibi
1059 3797 1178 3851 vult
1227 3792 1545 3862 Scriptura,
1592 3803 1713 3857 qua:
1743 3787 1903 3841 docet

305 3900 585 3972 jejunasse
613 3897 864 3957 Petrum,
899 3900 956 3946 et
977 3885 1246 3958 jejunanti
1275 3892 1440 3952 atque
1480 3879 1661 3934 oranti
1698 3878 1769 3934 de
1808 3879 1903 3972 ba-

309 3970 578 4064 ptizandis
596 3985 846 4057 gentibus
867 3980 1172 4038 revelatum
1191 3974 1511 4044 mysterium
1535 3972 1678 4044 (Act.
1703 3988 1760 4038 x,
1776 3970 1870 4064 710)
1887 3987 1902 4037 ;

313 4063 416 4140 nisi
463 4090 522 4135 ut
561 4073 872 4133 ostenderet
905 4071 1068 4127 etiam
1119 4070 1268 4138 ipsos
1306 4073 1526 4122 sanctos
1549 4105 1564 4133 ,
1593 4078 1716 4120 cum
1765 4063 1907 4135 jeju-

390 4202 414 4229 ιι
455 4185 712 4244 Nonnulli
741 4198 898 4249 mss.,
929 4179 1260 4235 inventricem
1286 4177 1431 4249 mali.
1457 4177 1730 4249 Caeterum
1753 4176 1823 4232 de
1847 4192 1914 4233 eo

317 4261 462 4337 quod
479 4259 761 4337 Epicurus
791 4254 860 4309 ab
884 4247 1022 4307 “iis
1053 4247 1700 4337 Ph“???.9,‘l‘§z£”?¥l9l§
1715 4262 1912 4337 ff”???

317 4319 522 4392 s'anctis
543 4319 835 4400 'patribus
857 4319 1143 4400 corporeae
1182 4319 1479 4400 voluptatis
1499 4327 1801 4400 patronus”
1821 4319 1914 4372 ha-

319 4389 510 4461 beatur
527 4441 542 4466 ,
569 4389 704 4454 licet
731 4397 927 4451 acriter
946 4389 1272 4466 defendatur
1296 4389 1331 4446 a
1359 4389 1911 4466 multis_auctorih_us,

320 4459 762 4532 dictum-anobis
790 4476 874 4521 est
900 4466 969 4521 ad
997 4465 1090 4519 lib.
1115 4479 1133 4517 ι
1160 4461 1315 4519 Offic.
1348 4476 1468 4532 cap.
1506 4461 1593 4528 15,
1635 4475 1786 4516 num.
1818 4459 1908 4532 5t).

321 4530 419 4603 llic
447 4552 625 4599 autem
665 4537 798 4594 illud
836 4550 998 4592 unum
1028 4534 1315 4603 adjicietur
1357 4530 1705 4590 Ambrosium
1757 4530 1913 4603 quid:

324 4601 449 4688 quid
476 4613 597 4688 hoc
627 4613 746 4688 loco
773 4607 841 4688 de
889 4601 1107 4688 Epicuri
1154 4603 1502 4688 opinionibus
1529 4613 1827 4688 metnor'at,
1859 4601 1912 4688 id
1950 4615 1954 4619 ·

325 4672 391 4744 ex
423 4685 561 4754 ~ejus
602 4679 835 4754 epistola
880 4672 956 4754 ad
989 4672 1324 4754 Menaeceum
1365 4688 1394 4726 a
1443 4673 1691 4754 Diogene
1731 4672 1912 4754 Laert.

324 4739 490 4812 lib);
513 4739 786 4825 prop-osita
807 4789 822 4816 ,
851 4749 933 4803 vel
955 4789 968 4812 ,
997 4755 1056 4800 ut
1077 4742 1396 4825 Gassettdus
1425 4739 1729 4808 existimat,
1759 4759 1790 4798 e
1812 4744 1916 4798 De--

326 4829 531 4884 marchi
563 4827 702 4880 libro
731 4835 854 4876 esse
883 4824 1206 4873 mutuatum.

399 4897 427 4936 ιι
467 4895 602 4951 Mira
619 4903 702 4950 est
725 4892 778 4945 in
803 4891 906 4945 hoc
924 4890 1146 4944 nomine
1172 4883 1462 4938 scribendo
1485 4884 1718 4938 varietas
1744 4902 1760 4938 :
1781 4883 1912 4938 edit.

328 4976 438 5025 vet.
469 4965 763 5036 praeferunt
786 4957 1182 5036 Philuminaris,
1203 4954 1360 5035 Rom.
1388 4951 1755 5036 Philomatius;
1776 4967 1912 5036 _m_ss.

329 5025 796 5099 vero-Filominus,
823 5029 1070 5086 nonnulli
1092 5025 1410 5103 Filuminus.
1431 5025 1562 5103 Cum
1587 5037 1750 5103 porro
1775 5025 1916 5103 inter:

333 5091 630 5181 Epicureos
660 5091 864 5160 nullum
895 5103 973 5156 sic
998 5091 1917 5181 appellatumreperit-esu,Ihaud

331 5160 849 5238 i—tirviticrederemus
864 5160 1108 5246 eumdem
1123 5160 1443 5246 esse,_quem
1461 5163 1726 5246 Diogenes
1742 5160 1918 5246 Laert.

334 5251 489 5307 initio
518 5245 895 5313 Philodemum
925 5241 1208 5313 nominat,
1228 5240 1464 5313 etcujus
1489 5240 1652 5313 etiam
1678 5240 1924 5313 meminit

335 5303 528 5376 Cicero
559 5317 656 5370 lib.
687 5329 724 5367 ιι
752 5316 814 5366 de
839 5310 1043 5374 Finit,
1085 5316 1142 5362 at
1165 5305 1419 5361 similiter
1455 5319 1573 5376 non
1593 5303 1711 5376 sine
1747 5303 1923 5376 aliqua

337 5373 685 5446 diversitate;
711 5396 833 5436 cum
860 5373 1183 5449 ipsiusedit.
1209 5389 1272 5427 ac
1293 5389 1424 5427 mss.
1449 5374 1668 5449 quidam
1690 5373 1925 5449 habeant

341 5443 682 5524 Polydentum
700 5466 718 5514 ;
739 5443 964 5524 alivéro
984 5446 1389 5524 Philodamttm:
1421 5459 1578 5524 quem
1606 5443 1924 5524 Gadareum

340 5512 494 5586 illum
537 5538 659 5577 esse
701 5512 998 5575 arbitratur
1037 5512 1383 5579 Gassendus,
1413 5512 1567 5584 cujus
1605 5515 1748 5585 apud
1778 5514 1928 5569 Stra-

341 5599 541 5656 bonem
574 5592 668 5646 lib.
699 5606 791 5645 xvr
817 5589 1021 5644 mentio
1054 5591 1249 5642 exstat.

419 5679 439 5703 ο
483 5663 627 5719 Edit.
675 5669 810 5728 vet.,
856 5658 1047 5728 allegat
1113 5653 1414 5720 historicos;
1464 5655 1624 5713 Rom.
1657 5663 1714 5713 et
1742 5669 1933 5712 omnes

346 5750 506 5803 mss.,
536 5734 724 5805 allegat
756 5730 981 5788 Stoicos.

628 5828 904 5891 PATROL.
949 5823 1120 5887 XVI.

2004 3249 2248 3319 corporis
2278 3261 2464 3314 sensu,
2499 3245 2634 3301 nihil
2662 3245 3019 3316 reliquiarum
3049 3259 3339 3316 superesse
3368 3244 3563 3300 animae
3587 3286 3602 3311 ,

2004 3355 2126 3396 cum
2152 3342 2326 3416 ipsum
2356 3355 2555 3410 corpus
2586 3354 2694 3395 non
2721 3340 2905 3394 statim
2929 3340 3252 3396 resolvatur.
3286 3339 3443 3394 Prius
3475 3355 3608 3410 ergo

2005 3433 2320 3490 dissolvitur
2342 3432 2520 3487 anima
2541 3447 2700 3502 quam
2727 3445 2958 3502 corpus;
2987 3446 3108 3487 cum
3132 3431 3428 3488 secundum
3451 3446 3604 3487 suam

2007 3524 2320 3594 opinionem
2349 3523 2434 3578 vel
2457 3536 2676 3578 carnem
2699 3531 2755 3577 et
2776 3537 2901 3577 ossa
2939 3522 3290 3578 considerare
3329 3522 3600 3590 debeant,

2008 3630 2132 3684 quae
2163 3625 2285 3685 post
2317 3624 2544 3668 mortem
2577 3622 2908 3681 supersunt:
2952 3613 3251 3667 secundum
3295 3627 3480 3667 veram
3514 3629 3612 3666 au-

2007 3712 2119 3760 tem
2147 3704 2505 3760 assertionem
2553 3719 2751 3773 negare
2791 3718 2898 3760 non
2924 3703 3159 3760 debeant
3184 3703 3609 3760 resurrectionis

2009 3794 2275 3864 gratiam?

2082 3882 2169 3938 18.
2211 3881 2402 3937 Merito
2429 3896 2559 3952 ergo
2588 3883 2687 3938 bos
2717 3884 3046 3954 redarguens
3072 3884 3390 3957 Apostolus,
3421 3900 3606 3945 mouet

2013 3987 2111 4028 nos
2143 3988 2209 4029 ue
2240 3971 2436 4028 talibus
2469 3972 2714 4051 laba‘mur
2742 3975 3109 4045 opinionibus,
3156 3976 3346 4034 dicens
3373 3995 3386 4032 :
3423 3977 3606 4036 Nolite

1985 4058 2207 4132 ~seduci,
2240 4074 2576 4134 corrumpunt
2600 4080 2767 4119 mores
2807 4066 2963 4119 bonos
2989 4066 3248 4138 colloquia
3275 4069 3436 4123 mala.
3471 4070 3612 4127 iSo-

2086 4176 2112 4253 (ἓ
2154 4177 2282 4234 Mss.
2331 4179 2810 4253 aliquotipartim,
2867 4181 3096 4253 infusam
3137 4183 3440 4253 illatamque
3489 4187 3612 4243 Eva:

2014 4251 2371 4323 voluptatem,
2430 4252 2647 4319 partim,
2696 4252 2924 4320 infusam
2955 4252 3101 4305 illam
3151 4251 3411 4323 tamquam
3457 4256 3611 4313 Eva:

2013 4322 2368 4390 voluptatem;
2405 4323 2624 4390 caeteri,
2671 4329 2728 4376 et
2757 4337 2946 4377 omnes
2973 4323 3105 4377 edit.
3141 4333 3199 4378 ut
3229 4322 3284 4379 in
3324 4334 3607 4382 contextu.

2014 4391 2156 4466 Infra
2198 4405 2326 4466 vero
2355 4393 2446 4466 ubi
2477 4393 2609 4448 edit.
2642 4401 2698 4466 et
2732 4393 2950 4466 quidam
2995 4407 3152 4466 mss.,
3181 4396 3459 4466 voluptatis
3485 4399 3609 4452 sint.

1938 4500 1992 4561 D
2017 4463 2327 4533 Appetentia
2367 4463 3238 4546 igitur.voluptatis;.complures
3285 4463 3416 4521 mss.
3447 4468 3609 4523 exhi-

2017 4533 2178 4589 bent.
2206 4533 2486 4589 voluntatis
2516 4543 2618 4588 smt
2647 4543 2963 4589 annetentra.
2997 4532 3169 4589 Iattur
3195 4536 3476 4589 voluntate.
3499 4549 3604 4589 etc.

2053 4532 2486 4605 entLvoluptatis
2516 4532 2618 4588 sint
2647 4532 2963 4604 appetentia.
2997 4532 3169 4603 Igitur
3195 4536 3476 4605 voluptate,
3499 4549 3604 4594 etc.

2093 4613 2115 4677 (ξ
2157 4602 2598 4677 ῌοιιηιιὶιὶιιιεεη
2623 4602 3184 4677 redderecertaturos,
3209 4602 3496 4677 jejunavit.

2095 4672 2114 4710 ί
2155 4673 2310 4729 Gem.
2341 4674 2535 4741 codex,
2567 4692 2600 4728 a
2629 4691 2780 4744 paena
2805 4675 3005 4730 liberat.
3209 4672 3224 4677 ⁷
3263 4672 3277 4676 ’
3593 4733 3600 4739 ,

2093 4753 2116 4790 8
2150 4744 2225 4798 Ita
2267 4758 2465 4818 omnes
2493 4786 2507 4810 ,
2555 4745 2686 4800 edit.
2738 4759 2804 4818 ac
2843 4760 2966 4813 pars
3006 4759 3138 4818 mss.
3197 4748 3386 4818 reliqui
3430 4758 3609 4806 autem

2021 4827 2152 4870 mss.
2185 4814 2483 4870 redimerem
2526 4831 2660 4887 eum,
2691 4817 2777 4885 qui
2835 4821 3050 4885 frustra.
3090 4814 3487 4887 ilterum'vero,
3515 4821 3608 4876 ubi

2020 4899 2124 4956 nos
2151 4899 2274 4940 cum
2306 4900 2437 4941 mss.
2465 4885 2715 4956 valiquot,
2743 4893 2799 4940 et
2845 4887 3004 4941 Rom.
3038 4886 3193 4950 edit.,
3223 4885 3614 4946 resurrectionis

2021 4955 2249 5037 amissa;
2273 4966 2380 5037 vet.
2413 4955 2546 5012 edit.
2567 4955 2688 5011 cum
2723 4970 2855 5011 mss.
2882 4957 3003 5012 aliis
3027 4957 3342 5027 praeferunt,
3371 4961 3608 5031 redemp-

2024 5028 2175 5078 tionis
2197 5028 2407 5081 amissa.

2097 5092 2125 5130 ιι
2153 5095 2396 5152 Habetur
2424 5097 2522 5169 ista
2554 5098 2822 5169 sententia
2854 5098 2906 5151 in
2939 5097 3156 5169 Epicuri
3187 5098 3371 5169 epist.,
3403 5101 3470 5153 ad
3501 5100 3614 5156 Me-

2030 5179 2276 5239 nweeum,
2309 5177 2363 5222 et
2380 5167 2562 5239 adhuc
2601 5167 2860 5239 liquidi_us
2903 5169 2962 5239 in
2981 5169 3098 5237 ejus
3126 5167 3275 5223 Ratis
3307 5174 3611 5239 sententiis;

2032 5234 2178 5315 unde
2217 5237 2355 5315 hanc
2378 5238 2550 5315 ipsam
2586 5234 2754 5315 refert
2783 5234 3056 5315 Laertius.
3097 5239 3366 5315 qasterum
3401 5242 3470 5315 de
3499 5234 3614 5315 opi-

2034 5306 2197 5377 nione
2223 5306 2382 5377 hujus
2413 5308 2720 5377 philosophi
2768 5311 2912 5362 circa
2950 5308 3336 5362 mortalitatem
3381 5306 3578 5368 animi:
3599 5355 3613 5375 ,

2034 5375 2177 5429 idem
2208 5375 2366 5444 plane
2392 5375 2535 5445 quod
2568 5375 2920 5444 Ambrosius,
2950 5385 3217 5431 testantur
3241 5379 3404 5432 etiam
3427 5381 3617 5436 Hiero-

2032 5445 2334 5516 nymuslib.
2358 5457 2602 5516 ueontra
2624 5447 2804 5503 Jovin.
2833 5456 2889 5503 et
2913 5448 3248 5516 Augustinus
3274 5447 3369 5501 lib.
3393 5464 3446 5501 vr
3473 5450 3619 5504 Con-

2031 5513 2316 5587 fess,gcap.
2352 5515 2442 5582 16,
2464 5528 2624 5586 atque
2663 5519 2751 5572 alii
2776 5519 2915 5573 bene
2940 5513 3112 5572 multi.

2113 5584 2128 5621 ί
2153 5584 2402 5659 septem.
2428 5584 2558 5659 mss.
2579 5587 2754 5642 Sobrii
2776 5598 2933 5641 estote
2953 5597 3006 5659 et
3027 5587 3162 5659 justi
3182 5602 3199 5650 ;
3219 5585 3401 5659 cteteri
3423 5595 3623 5659 etom-

2040 5669 2136 5728 nes
2165 5655 2324 5722 edit.,
2354 5655 2527 5712 Sobrii
2554 5665 2711 5711 estote
2728 5661 2887 5728 juste.
2919 5655 3141 5728 Melius,
3181 5655 3621 5727 quandoquidem

2043 5726 2269 5784 habetur
2293 5727 2350 5783 in
2376 5735 2529 5784 textu
2559 5726 2831 5796 Apostoli,
2856 5729 3100 5799 ἐκνήψατε
3124 5727 3345 5787 δικαίως.

3005 5818 3085 5879 38
