  <div class='ocr_page' id='page_1' title='image "/cluster/home/n/w/nwhite01/storage/ocr_20150623/16/uva.x000826550/605.png"; bbox 0 0 4076 6172; ppageno 0'>
   <div class='ocr_carea' id='block_1_1' title="bbox 501 279 644 342">
    <p class='ocr_par' dir='ltr' id='par_1_1' title="bbox 501 279 644 342">
     <span class='ocr_line' id='line_1_1' title="bbox 501 279 644 342; baseline -0.014 -3"><span class='ocrx_word' id='word_1_1' title='bbox 501 279 644 342; x_wconf 65' lang='lat' dir='ltr'><strong>ll“</strong></span> 
     </span>
    </p>
   </div>
   <div class='ocr_carea' id='block_1_2' title="bbox 1837 237 2446 328">
    <p class='ocr_par' dir='ltr' id='par_1_2' title="bbox 1837 237 2446 328">
     <span class='ocr_line' id='line_1_2' title="bbox 1837 237 2446 328; baseline 0 0"><span class='ocrx_word' id='word_1_2' title='bbox 1837 271 2086 328; x_wconf 72' lang='lat' dir='ltr'><strong>SANCTI</strong></span> <span class='ocrx_word' id='word_1_3' title='bbox 2120 237 2446 328; x_wconf 72' lang='lat' dir='ltr'><strong>uenostt</strong></span> 
     </span>
    </p>
   </div>
   <div class='ocr_carea' id='block_1_3' title="bbox 3665 275 3804 328">
    <p class='ocr_par' dir='ltr' id='par_1_3' title="bbox 3665 275 3804 328">
     <span class='ocr_line' id='line_1_3' title="bbox 3665 275 3804 328; baseline 0 0"><span class='ocrx_word' id='word_1_4' title='bbox 3665 275 3804 328; x_wconf 74' lang='lat'><strong>“96</strong></span> 
     </span>
    </p>
   </div>
   <div class='ocr_carea' id='block_1_4' title="bbox 502 381 3799 464">
    <p class='ocr_par' dir='ltr' id='par_1_4' title="bbox 502 381 3799 464">
     <span class='ocr_line' id='line_1_4' title="bbox 502 381 3799 464; baseline -0.004 -14"><span class='ocrx_word' id='word_1_5' title='bbox 502 397 600 450; x_wconf 80' lang='lat' dir='ltr'><strong>brii</strong></span> <span class='ocrx_word' id='word_1_6' title='bbox 644 403 800 449; x_wconf 75' lang='lat' dir='ltr'><strong>estote</strong></span> <span class='ocrx_word' id='word_1_7' title='bbox 825 396 990 464; x_wconf 76' lang='lat' dir='ltr'><strong>juste,</strong></span> <span class='ocrx_word' id='word_1_8' title='bbox 1021 398 1068 446; x_wconf 75' lang='lat' dir='ltr'><strong>et</strong></span> <span class='ocrx_word' id='word_1_9' title='bbox 1107 388 1266 441; x_wconf 80' lang='lat' dir='ltr'><strong>nolite</strong></span> <span class='ocrx_word' id='word_1_10' title='bbox 1303 401 1518 456; x_wconf 75' lang='lat' dir='ltr'><strong>peccare</strong></span> <span class='ocrx_word' id='word_1_11' title='bbox 1566 381 1772 455; x_wconf 87' lang='lat' dir='ltr'><strong>(lCor.</strong></span> <span class='ocrx_word' id='word_1_12' title='bbox 1808 400 1896 451; x_wconf 70' lang='lat' dir='ltr'><strong>XV,</strong></span> <span class='ocrx_word' id='word_1_13' title='bbox 1941 385 2011 440; x_wconf 75' lang='lat'><strong>35</strong></span> <span class='ocrx_word' id='word_1_14' title='bbox 2037 383 2090 455; x_wconf 91' lang='lat'><strong>);</strong></span> <span class='ocrx_word' id='word_1_15' title='bbox 2122 386 2171 446; x_wconf 81' lang='grc' dir='ltr'><strong>Δ</strong></span> <span class='ocrx_word' id='word_1_16' title='bbox 2200 383 2621 438; x_wconf 70' lang='lat' dir='ltr'><strong>uminiuerbius.’</strong></span> <span class='ocrx_word' id='word_1_17' title='bbox 2647 383 2752 444; x_wconf 76' lang='lat' dir='ltr'><strong>Alii</strong></span> <span class='ocrx_word' id='word_1_18' title='bbox 2776 388 2943 436; x_wconf 76' lang='lat' dir='ltr'><strong>autem</strong></span> <span class='ocrx_word' id='word_1_19' title='bbox 2974 399 2991 436; x_wconf 91' lang='lat'><strong><em>:</em></strong></span> <span class='ocrx_word' id='word_1_20' title='bbox 3028 381 3299 437; x_wconf 68' lang='lat' dir='ltr'><strong>Noverunt</strong></span> <span class='ocrx_word' id='word_1_21' title='bbox 3323 382 3697 438; x_wconf 60' lang='lat' dir='ltr'><strong>mittendorum</strong></span> <span class='ocrx_word' id='word_1_22' title='bbox 3723 385 3799 438; x_wconf 74' lang='lat' dir='ltr'><strong>ai-</strong></span> 
     </span>
    </p>
   </div>
   <div class='ocr_carea' id='block_1_5' title="bbox 498 477 2098 559">
    <p class='ocr_par' dir='ltr' id='par_1_5' title="bbox 498 477 2098 559">
     <span class='ocr_line' id='line_1_5' title="bbox 498 477 2098 559; baseline -0.007 -16"><span class='ocrx_word' id='word_1_23' title='bbox 498 486 856 559; x_wconf 82' lang='lat' dir='ltr'><strong>ignorantiatn</strong></span> <span class='ocrx_word' id='word_1_24' title='bbox 888 482 1032 539; x_wconf 84' lang='lat' dir='ltr'><strong>enim</strong></span> <span class='ocrx_word' id='word_1_25' title='bbox 1068 481 1159 536; x_wconf 92' lang='lat' dir='ltr'><strong>Dei</strong></span> <span class='ocrx_word' id='word_1_26' title='bbox 1186 479 1406 549; x_wconf 78' lang='lat' dir='ltr'><strong>quidam</strong></span> <span class='ocrx_word' id='word_1_27' title='bbox 1456 477 1677 532; x_wconf 92' lang='lat' dir='ltr'><strong>habent.</strong></span> <span class='ocrx_word' id='word_1_28' title='bbox 1728 477 1935 534; x_wconf 81' lang='lat' dir='ltr'><strong>Bonum</strong></span> <span class='ocrx_word' id='word_1_29' title='bbox 1967 492 2098 548; x_wconf 88' lang='lat' dir='ltr'><strong>ergo</strong></span> 
     </span>
    </p>
   </div>
   <div class='ocr_carea' id='block_1_6' title="bbox 499 571 1838 648">
    <p class='ocr_par' dir='ltr' id='par_1_6' title="bbox 499 571 1838 648">
     <span class='ocr_line' id='line_1_6' title="bbox 499 571 1838 648; baseline -0.009 -14"><span class='ocrx_word' id='word_1_30' title='bbox 499 579 803 643; x_wconf 84' lang='lat' dir='ltr'><strong>sobrietas;</strong></span> <span class='ocrx_word' id='word_1_31' title='bbox 833 576 957 648; x_wconf 85' lang='lat' dir='ltr'><strong>quia</strong></span> <span class='ocrx_word' id='word_1_32' title='bbox 990 583 1264 645; x_wconf 83' lang='lat' dir='ltr'><strong>peccatum</strong></span> <span class='ocrx_word' id='word_1_33' title='bbox 1282 571 1516 628; x_wconf 86' lang='lat' dir='ltr'><strong>ebrietas</strong></span> <span class='ocrx_word' id='word_1_34' title='bbox 1545 579 1648 626; x_wconf 88' lang='lat' dir='ltr'><strong>est.</strong></span> <span class='ocrx_word' id='word_1_35' title='bbox 1835 631 1838 634; x_wconf 96' lang='lat'><em>_</em></span> 
     </span>
    </p>
   </div>
   <div class='ocr_carea' id='block_1_7' title="bbox 574 659 2094 738">
    <p class='ocr_par' dir='ltr' id='par_1_7' title="bbox 574 659 2094 738">
     <span class='ocr_line' id='line_1_7' title="bbox 574 659 2094 738; baseline -0.008 -12"><span class='ocrx_word' id='word_1_36' title='bbox 574 671 658 733; x_wconf 71' lang='grc'><strong>19.</strong></span> <span class='ocrx_word' id='word_1_37' title='bbox 701 668 840 738; x_wconf 82' lang='lat' dir='ltr'><strong>Quid</strong></span> <span class='ocrx_word' id='word_1_38' title='bbox 871 666 1014 738; x_wconf 83' lang='lat' dir='ltr'><strong>quod</strong></span> <span class='ocrx_word' id='word_1_39' title='bbox 1054 666 1147 722; x_wconf 90' lang='lat' dir='ltr'><strong>ille</strong></span> <span class='ocrx_word' id='word_1_40' title='bbox 1181 665 1298 734; x_wconf 84' lang='lat' dir='ltr'><strong>ipse</strong></span> <span class='ocrx_word' id='word_1_41' title='bbox 1341 663 1608 733; x_wconf 78' lang='lat' dir='ltr'><strong>Epicurus</strong></span> <span class='ocrx_word' id='word_1_42' title='bbox 1646 660 1900 716; x_wconf 87' lang='lat' dir='ltr'><strong>defensor</strong></span> <span class='ocrx_word' id='word_1_43' title='bbox 1943 659 2094 715; x_wconf 82' lang='lat' dir='ltr'><strong>volu-</strong></span> 
     </span>
    </p>
   </div>
   <div class='ocr_carea' id='block_1_8' title="bbox 502 754 2098 834">
    <p class='ocr_par' dir='ltr' id='par_1_8' title="bbox 502 754 2098 834">
     <span class='ocr_line' id='line_1_8' title="bbox 502 754 2098 834; baseline -0.009 -15"><span class='ocrx_word' id='word_1_44' title='bbox 502 765 682 834; x_wconf 80' lang='lat' dir='ltr'><strong>ptatis.</strong></span> <span class='ocrx_word' id='word_1_45' title='bbox 706 761 861 831; x_wconf 84' lang='lat' dir='ltr'><strong>cujus</strong></span> <span class='ocrx_word' id='word_1_46' title='bbox 885 760 1008 815; x_wconf 90' lang='lat' dir='ltr'><strong>ideo</strong></span> <span class='ocrx_word' id='word_1_47' title='bbox 1031 759 1366 828; x_wconf 69' lang='lat' dir='ltr'><strong>frequentem</strong></span> <span class='ocrx_word' id='word_1_48' title='bbox 1394 756 1617 814; x_wconf 78' lang='lat' dir='ltr'><strong>facimus</strong></span> <span class='ocrx_word' id='word_1_49' title='bbox 1648 754 1979 810; x_wconf 84' lang='lat' dir='ltr'><strong>mentionem</strong></span> <span class='ocrx_word' id='word_1_50' title='bbox 2000 793 2013 816; x_wconf 89' lang='lat'><strong>,</strong></span> <span class='ocrx_word' id='word_1_51' title='bbox 2039 761 2098 807; x_wconf 93' lang='lat' dir='ltr'><strong>ut</strong></span> 
     </span>
    </p>
   </div>
   <div class='ocr_carea' id='block_1_9' title="bbox 497 845 2097 924">
    <p class='ocr_par' dir='ltr' id='par_1_9' title="bbox 497 845 2097 924">
     <span class='ocr_line' id='line_1_9' title="bbox 497 845 2097 924; baseline -0.008 -14"><span class='ocrx_word' id='word_1_52' title='bbox 497 857 598 912; x_wconf 80' lang='lat' dir='ltr'><strong>ltus</strong></span> <span class='ocrx_word' id='word_1_53' title='bbox 637 863 732 912; x_wconf 90' lang='lat' dir='ltr'><strong>aut</strong></span> <span class='ocrx_word' id='word_1_54' title='bbox 765 852 1046 924; x_wconf 90' lang='lat' dir='ltr'><strong>gentilium</strong></span> <span class='ocrx_word' id='word_1_55' title='bbox 1085 849 1416 918; x_wconf 75' lang='lat' dir='ltr'><strong>discipulos.</strong></span> <span class='ocrx_word' id='word_1_56' title='bbox 1458 857 1514 902; x_wconf 83' lang='lat' dir='ltr'><strong>et</strong></span> <span class='ocrx_word' id='word_1_57' title='bbox 1551 847 1861 916; x_wconf 82' lang='lat' dir='ltr'><strong>epicuream</strong></span> <span class='ocrx_word' id='word_1_58' title='bbox 1901 845 2097 913; x_wconf 84' lang='lat' dir='ltr'><strong>probe-</strong></span> 
     </span>
    </p>
   </div>
   <div class='ocr_carea' id='block_1_10' title="bbox 495 936 2093 1012">
    <p class='ocr_par' dir='ltr' id='par_1_10' title="bbox 495 936 2093 1012">
     <span class='ocr_line' id='line_1_10' title="bbox 495 936 2093 1012; baseline -0.007 -10"><span class='ocrx_word' id='word_1_59' title='bbox 495 961 617 1002; x_wconf 87' lang='lat' dir='ltr'><strong>mus</strong></span> <span class='ocrx_word' id='word_1_60' title='bbox 646 956 846 1000; x_wconf 84' lang='lat' dir='ltr'><strong>sectam</strong></span> <span class='ocrx_word' id='word_1_61' title='bbox 873 943 1027 1012; x_wconf 87' lang='lat' dir='ltr'><strong>sequi</strong></span> <span class='ocrx_word' id='word_1_62' title='bbox 1059 958 1073 994; x_wconf 88' lang='lat'><strong>:</strong></span> <span class='ocrx_word' id='word_1_63' title='bbox 1117 950 1214 998; x_wconf 90' lang='lat' dir='ltr'><strong>aut</strong></span> <span class='ocrx_word' id='word_1_64' title='bbox 1245 941 1396 996; x_wconf 89' lang='lat' dir='ltr'><strong>illum</strong></span> <span class='ocrx_word' id='word_1_65' title='bbox 1421 940 1617 1008; x_wconf 84' lang='lat' dir='ltr'><strong>ipsum,</strong></span> <span class='ocrx_word' id='word_1_66' title='bbox 1639 953 1800 1008; x_wconf 69' lang='lat' dir='ltr'><strong>quin</strong></span> <span class='ocrx_word' id='word_1_67' title='bbox 1841 937 1944 1006; x_wconf 86' lang='lat' dir='ltr'><strong>ipsi</strong></span> <span class='ocrx_word' id='word_1_68' title='bbox 1976 936 2093 1006; x_wconf 85' lang='lat' dir='ltr'><strong>pbi-</strong></span> 
     </span>
    </p>
   </div>
   <div class='ocr_carea' id='block_1_11' title="bbox 493 1032 2092 1108">
    <p class='ocr_par' dir='ltr' id='par_1_11' title="bbox 493 1032 2092 1108">
     <span class='ocr_line' id='line_1_11' title="bbox 493 1032 2092 1108; baseline -0.006 -14"><span class='ocrx_word' id='word_1_69' title='bbox 493 1038 709 1108; x_wconf 78' lang='lat' dir='ltr'><strong>Iosephi</strong></span> <span class='ocrx_word' id='word_1_70' title='bbox 737 1052 766 1090; x_wconf 89' lang='lat' dir='ltr'><strong>a</strong></span> <span class='ocrx_word' id='word_1_71' title='bbox 782 1050 882 1092; x_wconf 88' lang='lat' dir='ltr'><strong>suo</strong></span> <span class='ocrx_word' id='word_1_72' title='bbox 906 1033 1199 1090; x_wconf 78' lang='lat' dir='ltr'><strong>excludunt</strong></span> <span class='ocrx_word' id='word_1_73' title='bbox 1221 1032 1498 1087; x_wconf 86' lang='lat' dir='ltr'><strong>consortio</strong></span> <span class='ocrx_word' id='word_1_74' title='bbox 1521 1039 1792 1100; x_wconf 87' lang='lat' dir='ltr'><strong>tamquam</strong></span> <span class='ocrx_word' id='word_1_75' title='bbox 1808 1040 2092 1099; x_wconf 76' lang='lat' dir='ltr'><strong>patronum</strong></span> 
     </span>
    </p>
   </div>
   <div class='ocr_carea' id='block_1_12' title="bbox 497 1120 2095 1193">
    <p class='ocr_par' dir='ltr' id='par_1_12' title="bbox 497 1120 2095 1193">
     <span class='ocr_line' id='line_1_12' title="bbox 497 1120 2095 1193; baseline -0.003 -10"><span class='ocrx_word' id='word_1_76' title='bbox 497 1130 745 1193; x_wconf 66' lang='lat' dir='ltr'><strong>luxuriae,</strong></span> <span class='ocrx_word' id='word_1_77' title='bbox 773 1125 1197 1182; x_wconf 91' lang='lat' dir='ltr'><strong>tolerabiliorem</strong></span> <span class='ocrx_word' id='word_1_78' title='bbox 1229 1123 1314 1178; x_wconf 82' lang='lat' dir='ltr'><strong>his</strong></span> <span class='ocrx_word' id='word_1_79' title='bbox 1340 1137 1462 1178; x_wconf 81' lang='lat' dir='ltr'><strong>esse</strong></span> <span class='ocrx_word' id='word_1_80' title='bbox 1499 1121 1841 1178; x_wconf 74' lang='lat' dir='ltr'><strong>doceamus?</strong></span> <span class='ocrx_word' id='word_1_81' title='bbox 1885 1120 2095 1178; x_wconf 89' lang='lat' dir='ltr'><strong>Clamat</strong></span> 
     </span>
    </p>
   </div>
   <div class='ocr_carea' id='block_1_13' title="bbox 495 1216 2092 1292">
    <p class='ocr_par' dir='ltr' id='par_1_13' title="bbox 495 1216 2092 1292">
     <span class='ocr_line' id='line_1_13' title="bbox 495 1216 2092 1292; baseline -0.005 -16"><span class='ocrx_word' id='word_1_82' title='bbox 495 1237 626 1292; x_wconf 87' lang='lat' dir='ltr'><strong>ergo</strong></span> <span class='ocrx_word' id='word_1_83' title='bbox 652 1222 764 1286; x_wconf 92' lang='lat' dir='ltr'><strong>ille,</strong></span> <span class='ocrx_word' id='word_1_84' title='bbox 805 1231 862 1274; x_wconf 93' lang='grc' dir='ltr'><strong>ιιι</strong></span> <span class='ocrx_word' id='word_1_85' title='bbox 888 1229 912 1257; x_wconf 73' lang='grc' dir='ltr'><strong>ι</strong></span> <span class='ocrx_word' id='word_1_86' title='bbox 952 1217 1283 1276; x_wconf 82' lang='lat' dir='ltr'><strong>Demarcbus</strong></span> <span class='ocrx_word' id='word_1_87' title='bbox 1311 1216 1530 1282; x_wconf 87' lang='lat' dir='ltr'><strong>asserit,</strong></span> <span class='ocrx_word' id='word_1_88' title='bbox 1558 1216 1681 1285; x_wconf 86' lang='lat' dir='ltr'><strong>quia</strong></span> <span class='ocrx_word' id='word_1_89' title='bbox 1721 1231 1827 1272; x_wconf 89' lang='lat' dir='ltr'><strong>non</strong></span> <span class='ocrx_word' id='word_1_90' title='bbox 1861 1216 2092 1284; x_wconf 83' lang='lat' dir='ltr'><strong>potatio—</strong></span> 
     </span>
    </p>
   </div>
   <div class='ocr_carea' id='block_1_14' title="bbox 497 1306 2089 1384">
    <p class='ocr_par' dir='ltr' id='par_1_14' title="bbox 497 1306 2089 1384">
     <span class='ocr_line' id='line_1_14' title="bbox 497 1306 2089 1384; baseline -0.004 -17"><span class='ocrx_word' id='word_1_91' title='bbox 497 1327 615 1378; x_wconf 86' lang='lat' dir='ltr'><strong>nes,</strong></span> <span class='ocrx_word' id='word_1_92' title='bbox 653 1327 832 1384; x_wconf 89' lang='lat' dir='ltr'><strong>neque</strong></span> <span class='ocrx_word' id='word_1_93' title='bbox 859 1311 1303 1375; x_wconf 72' lang='lat' dir='ltr'><strong>comessationes,</strong></span> <span class='ocrx_word' id='word_1_94' title='bbox 1338 1323 1434 1364; x_wconf 89' lang='lat' dir='ltr'><strong>nec</strong></span> <span class='ocrx_word' id='word_1_95' title='bbox 1461 1307 1694 1366; x_wconf 84' lang='lat' dir='ltr'><strong>filiorum</strong></span> <span class='ocrx_word' id='word_1_96' title='bbox 1720 1306 1963 1371; x_wconf 77' lang='lat' dir='ltr'><strong>soboles,</strong></span> <span class='ocrx_word' id='word_1_97' title='bbox 1991 1320 2089 1360; x_wconf 90' lang='lat' dir='ltr'><strong>nec</strong></span> 
     </span>
    </p>
   </div>
   <div class='ocr_carea' id='block_1_15' title="bbox 491 1400 2090 1475">
    <p class='ocr_par' dir='ltr' id='par_1_15' title="bbox 491 1400 2090 1475">
     <span class='ocr_line' id='line_1_15' title="bbox 491 1400 2090 1475; baseline -0.006 -11"><span class='ocrx_word' id='word_1_98' title='bbox 491 1407 809 1464; x_wconf 89' lang='lat' dir='ltr'><strong>feminarum</strong></span> <span class='ocrx_word' id='word_1_99' title='bbox 850 1405 1061 1475; x_wconf 68' lang='lat' dir='ltr'><strong>copnlte</strong></span> <span class='ocrx_word' id='word_1_100' title='bbox 1089 1446 1104 1469; x_wconf 92' lang='lat'><strong>,</strong></span> <span class='ocrx_word' id='word_1_101' title='bbox 1147 1419 1250 1464; x_wconf 81' lang='lat' dir='ltr'><strong>nec</strong></span> <span class='ocrx_word' id='word_1_102' title='bbox 1287 1402 1515 1472; x_wconf 80' lang='lat' dir='ltr'><strong>piscium</strong></span> <span class='ocrx_word' id='word_1_103' title='bbox 1565 1401 1718 1470; x_wconf 88' lang='lat' dir='ltr'><strong>copia</strong></span> <span class='ocrx_word' id='word_1_104' title='bbox 1749 1400 2090 1469; x_wconf 86' lang='lat' dir='ltr'><strong>aliorumque</strong></span> 
     </span>
    </p>
   </div>
   <div class='ocr_carea' id='block_1_16' title="bbox 495 1491 2088 1569">
    <p class='ocr_par' dir='ltr' id='par_1_16' title="bbox 495 1491 2088 1569">
     <span class='ocr_line' id='line_1_16' title="bbox 495 1491 2088 1569; baseline -0.006 -16"><span class='ocrx_word' id='word_1_105' title='bbox 495 1498 827 1569; x_wconf 75' lang='lat' dir='ltr'><strong>hujuamodi,</strong></span> <span class='ocrx_word' id='word_1_106' title='bbox 869 1513 989 1567; x_wconf 73' lang='lat' dir='ltr'><strong>qua:</strong></span> <span class='ocrx_word' id='word_1_107' title='bbox 1029 1495 1315 1566; x_wconf 87' lang='lat' dir='ltr'><strong>splendido</strong></span> <span class='ocrx_word' id='word_1_108' title='bbox 1354 1498 1472 1550; x_wconf 87' lang='lat' dir='ltr'><strong>usui</strong></span> <span class='ocrx_word' id='word_1_109' title='bbox 1527 1501 1785 1562; x_wconf 72' lang='lat' dir='ltr'><strong>parantur</strong></span> <span class='ocrx_word' id='word_1_110' title='bbox 1822 1491 2088 1557; x_wconf 85' lang='lat' dir='ltr'><strong>convivii,</strong></span> 
     </span>
    </p>
   </div>
   <div class='ocr_carea' id='block_1_17' title="bbox 490 1585 2089 1655">
    <p class='ocr_par' dir='ltr' id='par_1_17' title="bbox 490 1585 2089 1655">
     <span class='ocr_line' id='line_1_17' title="bbox 490 1585 2089 1655; baseline -0.006 -7"><span class='ocrx_word' id='word_1_111' title='bbox 490 1609 712 1652; x_wconf 82' lang='lat' dir='ltr'><strong>suavem</strong></span> <span class='ocrx_word' id='word_1_112' title='bbox 745 1593 907 1650; x_wconf 73' lang='lat' dir='ltr'><strong>vitam</strong></span> <span class='ocrx_word' id='word_1_113' title='bbox 938 1589 1157 1655; x_wconf 76' lang='lat' dir='ltr'><strong>faciant,</strong></span> <span class='ocrx_word' id='word_1_114' title='bbox 1188 1587 1282 1642; x_wconf 89' lang='lat' dir='ltr'><strong>sed</strong></span> <span class='ocrx_word' id='word_1_115' title='bbox 1306 1587 1484 1642; x_wconf 86' lang='lat' dir='ltr'><strong>sobria</strong></span> <span class='ocrx_word' id='word_1_116' title='bbox 1511 1585 1825 1655; x_wconf 84' lang='lat' dir='ltr'><strong>disputatio.</strong></span> <span class='ocrx_word' id='word_1_117' title='bbox 1847 1585 2089 1653; x_wconf 88' lang='lat' dir='ltr'><strong>Denique</strong></span> 
     </span>
    </p>
   </div>
   <div class='ocr_carea' id='block_1_18' title="bbox 494 1676 2084 1754">
    <p class='ocr_par' dir='ltr' id='par_1_18' title="bbox 494 1676 2084 1754">
     <span class='ocr_line' id='line_1_18' title="bbox 494 1676 2084 1754; baseline -0.009 -10"><span class='ocrx_word' id='word_1_118' title='bbox 494 1688 704 1744; x_wconf 82' lang='lat' dir='ltr'><strong>addidit</strong></span> <span class='ocrx_word' id='word_1_119' title='bbox 729 1684 872 1754; x_wconf 69' lang='lat' dir='ltr'><strong>quod</strong></span> <span class='ocrx_word' id='word_1_120' title='bbox 893 1685 930 1752; x_wconf 82' lang='lat' dir='ltr'><strong>ii</strong></span> <span class='ocrx_word' id='word_1_121' title='bbox 959 1683 1129 1744; x_wconf 73' lang='lat' dir='ltr'><strong>coniis</strong></span> <span class='ocrx_word' id='word_1_122' title='bbox 1151 1681 1387 1738; x_wconf 77' lang='lat' dir='ltr'><strong>convivii</strong></span> <span class='ocrx_word' id='word_1_123' title='bbox 1422 1679 1700 1739; x_wconf 80' lang='lat' dir='ltr'><strong>moderate</strong></span> <span class='ocrx_word' id='word_1_124' title='bbox 1726 1687 1964 1742; x_wconf 83' lang='lat' dir='ltr'><strong>utantur,</strong></span> <span class='ocrx_word' id='word_1_125' title='bbox 1997 1676 2084 1746; x_wconf 88' lang='lat' dir='ltr'><strong>qui</strong></span> 
     </span>
    </p>
   </div>
   <div class='ocr_carea' id='block_1_19' title="bbox 2201 478 3349 550">
    <p class='ocr_par' dir='ltr' id='par_1_19' title="bbox 2201 478 3349 550">
     <span class='ocr_line' id='line_1_19' title="bbox 2201 478 3349 550; baseline -0.002 -17"><span class='ocrx_word' id='word_1_126' title='bbox 2201 481 2345 535; x_wconf 79' lang='lat' dir='ltr'><strong>detur</strong></span> <span class='ocrx_word' id='word_1_127' title='bbox 2375 481 2737 550; x_wconf 75' lang='lat' dir='ltr'><strong>pronuntiator</strong></span> <span class='ocrx_word' id='word_1_128' title='bbox 2763 496 2869 533; x_wconf 76' lang='lat' dir='ltr'><strong>esse</strong></span> <span class='ocrx_word' id='word_1_129' title='bbox 2895 479 3031 542; x_wconf 75' lang='lat' dir='ltr'><strong>(Ast.</strong></span> <span class='ocrx_word' id='word_1_130' title='bbox 3065 494 3200 544; x_wconf 70' lang='lat' dir='ltr'><strong>XVII,</strong></span> <span class='ocrx_word' id='word_1_131' title='bbox 3235 478 3349 546; x_wconf 73' lang='lat' dir='ltr'><strong>l8).</strong></span> 
     </span>
    </p>
   </div>
   <div class='ocr_carea' id='block_1_20' title="bbox 2272 570 3797 643">
    <p class='ocr_par' dir='ltr' id='par_1_20' title="bbox 2272 570 3797 643">
     <span class='ocr_line' id='line_1_20' title="bbox 2272 570 3797 643; baseline 0.001 -18"><span class='ocrx_word' id='word_1_132' title='bbox 2272 571 2363 625; x_wconf 72' lang='lat'><strong>22.</strong></span> <span class='ocrx_word' id='word_1_133' title='bbox 2407 572 2480 627; x_wconf 81' lang='lat' dir='ltr'><strong>Ex</strong></span> <span class='ocrx_word' id='word_1_134' title='bbox 2537 573 2639 626; x_wconf 84' lang='lat' dir='ltr'><strong>hoc</strong></span> <span class='ocrx_word' id='word_1_135' title='bbox 2671 582 2846 626; x_wconf 87' lang='lat' dir='ltr'><strong>tamen</strong></span> <span class='ocrx_word' id='word_1_136' title='bbox 2879 585 3111 641; x_wconf 79' lang='lat' dir='ltr'><strong>nurnero</strong></span> <span class='ocrx_word' id='word_1_137' title='bbox 3158 586 3266 626; x_wconf 89' lang='lat' dir='ltr'><strong>non</strong></span> <span class='ocrx_word' id='word_1_138' title='bbox 3317 570 3576 630; x_wconf 81' lang='lat' dir='ltr'><strong>immunis</strong></span> <span class='ocrx_word' id='word_1_139' title='bbox 3612 574 3797 643; x_wconf 77' lang='lat' dir='ltr'><strong>gratia:</strong></span> 
     </span>
    </p>
   </div>
   <div class='ocr_carea' id='block_1_21' title="bbox 2199 660 3796 732">
    <p class='ocr_par' dir='ltr' id='par_1_21' title="bbox 2199 660 3796 732">
     <span class='ocr_line' id='line_1_21' title="bbox 2199 660 3796 732; baseline 0.003 -19"><span class='ocrx_word' id='word_1_140' title='bbox 2199 660 2334 714; x_wconf 88' lang='lat' dir='ltr'><strong>abiit</strong></span> <span class='ocrx_word' id='word_1_141' title='bbox 2364 661 2674 729; x_wconf 80' lang='lat' dir='ltr'><strong>Apostolus.</strong></span> <span class='ocrx_word' id='word_1_142' title='bbox 2709 661 2988 731; x_wconf 85' lang='lat' dir='ltr'><strong>Siquidem</strong></span> <span class='ocrx_word' id='word_1_143' title='bbox 3015 661 3181 716; x_wconf 83' lang='lat' dir='ltr'><strong>etiam</strong></span> <span class='ocrx_word' id='word_1_144' title='bbox 3211 661 3504 732; x_wconf 78' lang='lat' dir='ltr'><strong>Dionysius</strong></span> <span class='ocrx_word' id='word_1_145' title='bbox 3549 666 3796 732; x_wconf 75' lang='lat' dir='ltr'><strong>Areopa-</strong></span> 
     </span>
    </p>
   </div>
   <div class='ocr_carea' id='block_1_22' title="bbox 2195 750 3798 823">
    <p class='ocr_par' dir='ltr' id='par_1_22' title="bbox 2195 750 3798 823">
     <span class='ocr_line' id='line_1_22' title="bbox 2195 750 3798 823; baseline 0.001 -17"><span class='ocrx_word' id='word_1_146' title='bbox 2195 753 2338 823; x_wconf 87' lang='lat' dir='ltr'><strong>gites</strong></span> <span class='ocrx_word' id='word_1_147' title='bbox 2368 750 2394 789; x_wconf 74' lang='grc' dir='ltr'><em>ά</em></span> <span class='ocrx_word' id='word_1_148' title='bbox 2422 769 2544 810; x_wconf 88' lang='lat' dir='ltr'><strong>cum</strong></span> <span class='ocrx_word' id='word_1_149' title='bbox 2571 754 2786 808; x_wconf 87' lang='lat' dir='ltr'><strong>Damari</strong></span> <span class='ocrx_word' id='word_1_150' title='bbox 2809 767 2982 808; x_wconf 79' lang='lat' dir='ltr'><strong>uxore</strong></span> <span class='ocrx_word' id='word_1_151' title='bbox 2999 768 3115 816; x_wconf 85' lang='lat' dir='ltr'><strong>sua,</strong></span> <span class='ocrx_word' id='word_1_152' title='bbox 3153 753 3390 822; x_wconf 78' lang='lat' dir='ltr'><strong>aliisque</strong></span> <span class='ocrx_word' id='word_1_153' title='bbox 3414 755 3602 812; x_wconf 77' lang='lat' dir='ltr'><strong>multis</strong></span> <span class='ocrx_word' id='word_1_154' title='bbox 3621 755 3798 809; x_wconf 90' lang='lat' dir='ltr'><strong>credi-</strong></span> 
     </span>
    </p>
   </div>
   <div class='ocr_carea' id='block_1_23' title="bbox 2197 841 3796 915">
    <p class='ocr_par' dir='ltr' id='par_1_23' title="bbox 2197 841 3796 915">
     <span class='ocr_line' id='line_1_23' title="bbox 2197 841 3796 915; baseline 0.003 -19"><span class='ocrx_word' id='word_1_155' title='bbox 2197 841 2298 896; x_wconf 90' lang='lat' dir='ltr'><strong>dit.</strong></span> <span class='ocrx_word' id='word_1_156' title='bbox 2327 842 2511 911; x_wconf 88' lang='lat' dir='ltr'><strong>ltaque</strong></span> <span class='ocrx_word' id='word_1_157' title='bbox 2543 843 2617 898; x_wconf 91' lang='lat' dir='ltr'><strong>illi</strong></span> <span class='ocrx_word' id='word_1_158' title='bbox 2641 843 3083 912; x_wconf 66' lang='lat' dir='ltr'><strong>doctissimorum</strong></span> <span class='ocrx_word' id='word_1_159' title='bbox 3125 854 3179 898; x_wconf 88' lang='lat' dir='ltr'><strong>et</strong></span> <span class='ocrx_word' id='word_1_160' title='bbox 3206 845 3577 915; x_wconf 77' lang='lat' dir='ltr'><strong>eloquentium</strong></span> <span class='ocrx_word' id='word_1_161' title='bbox 3617 856 3796 902; x_wconf 76' lang='lat' dir='ltr'><strong>cretus</strong></span> 
     </span>
    </p>
   </div>
   <div class='ocr_carea' id='block_1_24' title="bbox 2197 934 3795 1006">
    <p class='ocr_par' dir='ltr' id='par_1_24' title="bbox 2197 934 3795 1006">
     <span class='ocr_line' id='line_1_24' title="bbox 2197 934 3795 1006; baseline 0.001 -17"><span class='ocrx_word' id='word_1_162' title='bbox 2197 934 2428 1004; x_wconf 83' lang='lat' dir='ltr'><strong>simplici</strong></span> <span class='ocrx_word' id='word_1_163' title='bbox 2455 936 2823 1006; x_wconf 88' lang='lat' dir='ltr'><strong>disputatione</strong></span> <span class='ocrx_word' id='word_1_164' title='bbox 2845 938 3017 992; x_wconf 82' lang='lat' dir='ltr'><strong>victos</strong></span> <span class='ocrx_word' id='word_1_165' title='bbox 3033 952 3091 992; x_wconf 88' lang='lat' dir='ltr'><strong>se</strong></span> <span class='ocrx_word' id='word_1_166' title='bbox 3107 952 3230 996; x_wconf 82' lang='lat' dir='ltr'><strong>esse</strong></span> <span class='ocrx_word' id='word_1_167' title='bbox 3249 937 3590 994; x_wconf 84' lang='lat' dir='ltr'><strong>credentium</strong></span> <span class='ocrx_word' id='word_1_168' title='bbox 3618 955 3795 993; x_wconf 77' lang='lat' dir='ltr'><strong>exeni-</strong></span> 
     </span>
    </p>
   </div>
   <div class='ocr_carea' id='block_1_25' title="bbox 2197 1026 3791 1102">
    <p class='ocr_par' dir='ltr' id='par_1_25' title="bbox 2197 1026 3791 1102">
     <span class='ocr_line' id='line_1_25' title="bbox 2197 1026 3791 1102; baseline 0.003 -22"><span class='ocrx_word' id='word_1_169' title='bbox 2197 1026 2286 1097; x_wconf 89' lang='lat' dir='ltr'><strong>plo</strong></span> <span class='ocrx_word' id='word_1_170' title='bbox 2314 1029 2747 1084; x_wconf 86' lang='lat' dir='ltr'><strong>manifestarunt.</strong></span> <span class='ocrx_word' id='word_1_171' title='bbox 2787 1029 2927 1095; x_wconf 83' lang='lat' dir='ltr'><strong>Quid</strong></span> <span class='ocrx_word' id='word_1_172' title='bbox 2983 1029 3145 1099; x_wconf 77' lang='lat' dir='ltr'><strong>igitur</strong></span> <span class='ocrx_word' id='word_1_173' title='bbox 3175 1029 3281 1086; x_wconf 90' lang='lat' dir='ltr'><strong>sibi</strong></span> <span class='ocrx_word' id='word_1_174' title='bbox 3323 1030 3413 1096; x_wconf 83' lang='lat' dir='ltr'><strong>isti</strong></span> <span class='ocrx_word' id='word_1_175' title='bbox 3441 1032 3656 1094; x_wconf 72' lang='lat' dir='ltr'><strong>volunt,</strong></span> <span class='ocrx_word' id='word_1_176' title='bbox 3697 1031 3791 1102; x_wconf 92' lang='lat' dir='ltr'><strong>qui</strong></span> 
     </span>
    </p>
   </div>
   <div class='ocr_carea' id='block_1_26' title="bbox 2199 1125 3787 1194">
    <p class='ocr_par' dir='ltr' id='par_1_26' title="bbox 2199 1125 3787 1194">
     <span class='ocr_line' id='line_1_26' title="bbox 2199 1125 3787 1194; baseline 0.003 -18"><span class='ocrx_word' id='word_1_177' title='bbox 2199 1128 2407 1178; x_wconf 84' lang='lat' dir='ltr'><strong>tentant</strong></span> <span class='ocrx_word' id='word_1_178' title='bbox 2442 1137 2537 1178; x_wconf 90' lang='lat' dir='ltr'><strong>eos</strong></span> <span class='ocrx_word' id='word_1_179' title='bbox 2577 1132 2919 1192; x_wconf 85' lang='lat' dir='ltr'><strong>pervertere,</strong></span> <span class='ocrx_word' id='word_1_180' title='bbox 2962 1139 3102 1194; x_wconf 83' lang='lat' dir='ltr'><strong>quos</strong></span> <span class='ocrx_word' id='word_1_181' title='bbox 3140 1125 3429 1193; x_wconf 70' lang='lat' dir='ltr'><strong>acquisivit</strong></span> <span class='ocrx_word' id='word_1_182' title='bbox 3465 1125 3787 1193; x_wconf 79' lang='lat' dir='ltr'><strong>Apostolus,</strong></span> 
     </span>
    </p>
   </div>
   <div class='ocr_carea' id='block_1_27' title="bbox 2194 1216 3790 1286">
    <p class='ocr_par' dir='ltr' id='par_1_27' title="bbox 2194 1216 3790 1286">
     <span class='ocr_line' id='line_1_27' title="bbox 2194 1216 3790 1286; baseline 0.003 -16"><span class='ocrx_word' id='word_1_183' title='bbox 2194 1231 2333 1285; x_wconf 89' lang='lat' dir='ltr'><strong>quos</strong></span> <span class='ocrx_word' id='word_1_184' title='bbox 2364 1216 2592 1272; x_wconf 87' lang='lat' dir='ltr'><strong>redemit</strong></span> <span class='ocrx_word' id='word_1_185' title='bbox 2639 1217 2888 1273; x_wconf 86' lang='lat' dir='ltr'><strong>Christus</strong></span> <span class='ocrx_word' id='word_1_186' title='bbox 2916 1218 3181 1286; x_wconf 75' lang='lat' dir='ltr'><strong>sanguine</strong></span> <span class='ocrx_word' id='word_1_187' title='bbox 3228 1219 3367 1274; x_wconf 86' lang='lat' dir='ltr'><strong>suo?</strong></span> <span class='ocrx_word' id='word_1_188' title='bbox 3414 1228 3436 1256; x_wconf 76' lang='grc' dir='ltr'><strong>ε</strong></span> <span class='ocrx_word' id='word_1_189' title='bbox 3463 1219 3617 1286; x_wconf 84' lang='lat' dir='ltr'><strong>Quod</strong></span> <span class='ocrx_word' id='word_1_190' title='bbox 3639 1233 3790 1274; x_wconf 75' lang='lat' dir='ltr'><strong>aSSe-</strong></span> 
     </span>
    </p>
   </div>
   <div class='ocr_carea' id='block_1_28' title="bbox 2196 1307 3789 1377">
    <p class='ocr_par' dir='ltr' id='par_1_28' title="bbox 2196 1307 3789 1377">
     <span class='ocr_line' id='line_1_28' title="bbox 2196 1307 3789 1377; baseline 0.003 -18"><span class='ocrx_word' id='word_1_191' title='bbox 2196 1317 2321 1360; x_wconf 89' lang='lat' dir='ltr'><strong>runt</strong></span> <span class='ocrx_word' id='word_1_192' title='bbox 2351 1307 2651 1377; x_wconf 78' lang='lat' dir='ltr'><strong>baptizatos</strong></span> <span class='ocrx_word' id='word_1_193' title='bbox 2680 1310 2964 1366; x_wconf 88' lang='lat' dir='ltr'><strong>intendere</strong></span> <span class='ocrx_word' id='word_1_194' title='bbox 2986 1325 3093 1364; x_wconf 92' lang='lat' dir='ltr'><strong>non</strong></span> <span class='ocrx_word' id='word_1_195' title='bbox 3115 1309 3314 1365; x_wconf 83' lang='lat' dir='ltr'><strong>debere</strong></span> <span class='ocrx_word' id='word_1_196' title='bbox 3337 1311 3593 1364; x_wconf 81' lang='lat' dir='ltr'><strong>virtutum</strong></span> <span class='ocrx_word' id='word_1_197' title='bbox 3625 1310 3789 1365; x_wconf 82' lang='lat' dir='ltr'><strong>disci-</strong></span> 
     </span>
    </p>
   </div>
   <div class='ocr_carea' id='block_1_29' title="bbox 2194 1400 3788 1472">
    <p class='ocr_par' dir='ltr' id='par_1_29' title="bbox 2194 1400 3788 1472">
     <span class='ocr_line' id='line_1_29' title="bbox 2194 1400 3788 1472; baseline 0.001 -19"><span class='ocrx_word' id='word_1_198' title='bbox 2194 1400 2378 1469; x_wconf 87' lang='lat' dir='ltr'><strong>plinis,</strong></span> <span class='ocrx_word' id='word_1_199' title='bbox 2404 1401 2534 1455; x_wconf 85' lang='lat' dir='ltr'><strong>nihil</strong></span> <span class='ocrx_word' id='word_1_200' title='bbox 2568 1402 2675 1457; x_wconf 86' lang='lat' dir='ltr'><strong>illis</strong></span> <span class='ocrx_word' id='word_1_201' title='bbox 2694 1403 2891 1458; x_wconf 86' lang='lat' dir='ltr'><strong>obesse</strong></span> <span class='ocrx_word' id='word_1_202' title='bbox 2912 1403 3358 1467; x_wconf 79' lang='lat' dir='ltr'><strong>comessationes,</strong></span> <span class='ocrx_word' id='word_1_203' title='bbox 3380 1401 3514 1458; x_wconf 84' lang='lat' dir='ltr'><strong>nihil</strong></span> <span class='ocrx_word' id='word_1_204' title='bbox 3539 1402 3788 1472; x_wconf 87' lang='lat' dir='ltr'><strong>volupta—</strong></span> 
     </span>
    </p>
   </div>
   <div class='ocr_carea' id='block_1_30' title="bbox 2190 1491 3785 1564">
    <p class='ocr_par' dir='ltr' id='par_1_30' title="bbox 2190 1491 3785 1564">
     <span class='ocr_line' id='line_1_30' title="bbox 2190 1491 3785 1564; baseline 0.002 -20"><span class='ocrx_word' id='word_1_205' title='bbox 2190 1499 2306 1546; x_wconf 86' lang='lat' dir='ltr'><strong>tum</strong></span> <span class='ocrx_word' id='word_1_206' title='bbox 2330 1491 2685 1558; x_wconf 74' lang='lat' dir='ltr'><strong>afﬂuentiam,</strong></span> <span class='ocrx_word' id='word_1_207' title='bbox 2702 1494 3016 1562; x_wconf 86' lang='lat' dir='ltr'><strong>insipientes</strong></span> <span class='ocrx_word' id='word_1_208' title='bbox 3032 1509 3154 1548; x_wconf 88' lang='lat' dir='ltr'><strong>esse</strong></span> <span class='ocrx_word' id='word_1_209' title='bbox 3175 1509 3270 1549; x_wconf 89' lang='lat' dir='ltr'><strong>eos</strong></span> <span class='ocrx_word' id='word_1_210' title='bbox 3296 1495 3383 1564; x_wconf 87' lang='lat' dir='ltr'><strong>qui</strong></span> <span class='ocrx_word' id='word_1_211' title='bbox 3419 1494 3485 1548; x_wconf 86' lang='lat' dir='ltr'><strong>iis</strong></span> <span class='ocrx_word' id='word_1_212' title='bbox 3518 1502 3744 1549; x_wconf 80' lang='lat' dir='ltr'><strong>careant</strong></span> <span class='ocrx_word' id='word_1_213' title='bbox 3771 1512 3785 1547; x_wconf 90' lang='lat'>:</span> 
     </span>
    </p>
   </div>
   <div class='ocr_carea' id='block_1_31' title="bbox 2194 1585 3789 1654">
    <p class='ocr_par' dir='ltr' id='par_1_31' title="bbox 2194 1585 3789 1654">
     <span class='ocr_line' id='line_1_31' title="bbox 2194 1585 3789 1654; baseline 0 -16"><span class='ocrx_word' id='word_1_214' title='bbox 2194 1585 2431 1654; x_wconf 77' lang='lat' dir='ltr'><strong>virgines</strong></span> <span class='ocrx_word' id='word_1_215' title='bbox 2457 1596 2716 1654; x_wconf 85' lang='lat' dir='ltr'><strong>oportere</strong></span> <span class='ocrx_word' id='word_1_216' title='bbox 2744 1587 2968 1650; x_wconf 85' lang='lat' dir='ltr'><strong>nubere,</strong></span> <span class='ocrx_word' id='word_1_217' title='bbox 3001 1587 3142 1642; x_wconf 86' lang='lat' dir='ltr'><strong>lilios</strong></span> <span class='ocrx_word' id='word_1_218' title='bbox 3180 1587 3357 1642; x_wconf 88' lang='lat' dir='ltr'><strong>facere</strong></span> <span class='ocrx_word' id='word_1_219' title='bbox 3389 1603 3404 1642; x_wconf 87' lang='lat'><strong>;</strong></span> <span class='ocrx_word' id='word_1_220' title='bbox 3434 1585 3686 1652; x_wconf 81' lang='lat' dir='ltr'><strong>similiter</strong></span> <span class='ocrx_word' id='word_1_221' title='bbox 3727 1594 3789 1639; x_wconf 90' lang='lat' dir='ltr'><strong>et</strong></span> 
     </span>
    </p>
   </div>
   <div class='ocr_carea' id='block_1_32' title="bbox 2196 1677 3788 1750">
    <p class='ocr_par' dir='ltr' id='par_1_32' title="bbox 2196 1677 3788 1750">
     <span class='ocr_line' id='line_1_32' title="bbox 2196 1677 3788 1750; baseline 0.004 -20"><span class='ocrx_word' id='word_1_222' title='bbox 2196 1677 2384 1733; x_wconf 89' lang='lat' dir='ltr'><strong>viduas</strong></span> <span class='ocrx_word' id='word_1_223' title='bbox 2409 1680 2627 1746; x_wconf 90' lang='lat' dir='ltr'><strong>iterare,</strong></span> <span class='ocrx_word' id='word_1_224' title='bbox 2655 1680 2798 1750; x_wconf 89' lang='lat' dir='ltr'><strong>quod</strong></span> <span class='ocrx_word' id='word_1_225' title='bbox 2824 1680 2991 1734; x_wconf 88' lang='lat' dir='ltr'><strong>semel</strong></span> <span class='ocrx_word' id='word_1_226' title='bbox 3013 1680 3151 1736; x_wconf 87' lang='lat' dir='ltr'><strong>male</strong></span> <span class='ocrx_word' id='word_1_227' title='bbox 3172 1680 3311 1736; x_wconf 82' lang='lat' dir='ltr'><strong>virili</strong></span> <span class='ocrx_word' id='word_1_228' title='bbox 3337 1680 3669 1740; x_wconf 78' lang='lat' dir='ltr'><strong>admixtione</strong></span> <span class='ocrx_word' id='word_1_229' title='bbox 3693 1696 3788 1736; x_wconf 79' lang='lat' dir='ltr'><strong>ex-</strong></span> 
     </span>
    </p>
   </div>
   <div class='ocr_carea' id='block_1_33' title="bbox 493 1768 3775 1844">
    <p class='ocr_par' dir='ltr' id='par_1_33' title="bbox 493 1768 3775 1844">
     <span class='ocr_line' id='line_1_33' title="bbox 493 1768 3775 1844; baseline -0.003 -4"><span class='ocrx_word' id='word_1_230' title='bbox 493 1796 601 1840; x_wconf 84' lang='lat' dir='ltr'><strong>non</strong></span> <span class='ocrx_word' id='word_1_231' title='bbox 630 1778 994 1835; x_wconf 80' lang='lat' dir='ltr'><strong>immoderate</strong></span> <span class='ocrx_word' id='word_1_232' title='bbox 1008 1789 1103 1829; x_wconf 87' lang='lat' dir='ltr'><strong>eas</strong></span> <span class='ocrx_word' id='word_1_233' title='bbox 1119 1781 1386 1840; x_wconf 64' lang='lat' dir='ltr'><strong>quarunt.</strong></span> <span class='ocrx_word' id='word_1_234' title='bbox 1411 1771 1588 1832; x_wconf 75' lang='lat' dir='ltr'><strong>Succp</strong></span> <span class='ocrx_word' id='word_1_235' title='bbox 1612 1770 1734 1826; x_wconf 83' lang='lat' dir='ltr'><strong>solo</strong></span> <span class='ocrx_word' id='word_1_236' title='bbox 1765 1778 1818 1826; x_wconf 89' lang='lat' dir='ltr'><strong>et</strong></span> <span class='ocrx_word' id='word_1_237' title='bbox 1837 1784 1976 1838; x_wconf 85' lang='lat' dir='ltr'><strong>pane</strong></span> <span class='ocrx_word' id='word_1_238' title='bbox 2003 1768 2083 1823; x_wconf 85' lang='lat' dir='ltr'><strong>vel</strong></span> <span class='ocrx_word' id='word_1_239' title='bbox 2115 1773 2161 1832; x_wconf 82' lang='grc' dir='ltr'><strong>Β</strong></span> <span class='ocrx_word' id='word_1_240' title='bbox 2189 1781 2360 1838; x_wconf 71' lang='lat' dir='ltr'><strong>perte:</strong></span> <span class='ocrx_word' id='word_1_241' title='bbox 2386 1772 2528 1836; x_wconf 89' lang='lat' dir='ltr'><strong>sint;</strong></span> <span class='ocrx_word' id='word_1_242' title='bbox 2572 1774 2784 1828; x_wconf 87' lang='lat' dir='ltr'><strong>etiamsi</strong></span> <span class='ocrx_word' id='word_1_243' title='bbox 2813 1789 2872 1828; x_wconf 90' lang='lat' dir='ltr'><strong>se</strong></span> <span class='ocrx_word' id='word_1_244' title='bbox 2900 1775 3180 1830; x_wconf 85' lang='lat' dir='ltr'><strong>continere</strong></span> <span class='ocrx_word' id='word_1_245' title='bbox 3207 1776 3441 1844; x_wconf 81' lang='lat' dir='ltr'><strong>possint,</strong></span> <span class='ocrx_word' id='word_1_246' title='bbox 3465 1790 3651 1831; x_wconf 81' lang='lat' dir='ltr'><strong>errare</strong></span> <span class='ocrx_word' id='word_1_247' title='bbox 3679 1789 3775 1830; x_wconf 90' lang='lat' dir='ltr'><strong>eas</strong></span> 
     </span>
    </p>
   </div>
   <div class='ocr_carea' id='block_1_34' title="bbox 489 1861 2079 1944">
    <p class='ocr_par' dir='ltr' id='par_1_34' title="bbox 489 1861 2079 1944">
     <span class='ocr_line' id='line_1_34' title="bbox 489 1861 2079 1944; baseline -0.008 -14"><span class='ocrx_word' id='word_1_248' title='bbox 489 1888 629 1944; x_wconf 84' lang='lat' dir='ltr'><strong>aqua</strong></span> <span class='ocrx_word' id='word_1_249' title='bbox 657 1869 748 1941; x_wconf 84' lang='lat' dir='ltr'><strong>qui</strong></span> <span class='ocrx_word' id='word_1_250' title='bbox 773 1869 1008 1926; x_wconf 88' lang='lat' dir='ltr'><strong>libenter</strong></span> <span class='ocrx_word' id='word_1_251' title='bbox 1031 1867 1201 1922; x_wconf 80' lang='lat' dir='ltr'><strong>utitur</strong></span> <span class='ocrx_word' id='word_1_252' title='bbox 1220 1907 1235 1930; x_wconf 88' lang='lat'><strong>,</strong></span> <span class='ocrx_word' id='word_1_253' title='bbox 1267 1861 1483 1934; x_wconf 77' lang='lat' dir='ltr'><strong>despuit</strong></span> <span class='ocrx_word' id='word_1_254' title='bbox 1505 1863 1820 1928; x_wconf 81' lang='lat' dir='ltr'><strong>deliciarum</strong></span> <span class='ocrx_word' id='word_1_255' title='bbox 1851 1863 2039 1932; x_wconf 86' lang='lat' dir='ltr'><strong>epulas</strong></span> <span class='ocrx_word' id='word_1_256' title='bbox 2064 1881 2079 1929; x_wconf 91' lang='lat'><strong>;</strong></span> 
     </span>
    </p>
   </div>
   <div class='ocr_carea' id='block_1_35' title="bbox 484 1956 2080 2033">
    <p class='ocr_par' dir='ltr' id='par_1_35' title="bbox 484 1956 2080 2033">
     <span class='ocr_line' id='line_1_35' title="bbox 484 1956 2080 2033; baseline -0.006 -12"><span class='ocrx_word' id='word_1_257' title='bbox 484 1965 614 2033; x_wconf 79' lang='lat' dir='ltr'><strong>quia</strong></span> <span class='ocrx_word' id='word_1_258' title='bbox 647 1963 830 2020; x_wconf 69' lang='lat' dir='ltr'><strong>multa:</strong></span> <span class='ocrx_word' id='word_1_259' title='bbox 859 1977 923 2017; x_wconf 76' lang='lat' dir='ltr'><strong>ea</strong></span> <span class='ocrx_word' id='word_1_260' title='bbox 949 1960 1035 2016; x_wconf 82' lang='lat' dir='ltr'><strong>his</strong></span> <span class='ocrx_word' id='word_1_261' title='bbox 1073 1968 1406 2029; x_wconf 74' lang='lat' dir='ltr'><strong>generantur</strong></span> <span class='ocrx_word' id='word_1_262' title='bbox 1435 1957 1723 2014; x_wconf 65' lang='lat' dir='ltr'><strong>molestia.</strong></span> <span class='ocrx_word' id='word_1_263' title='bbox 1752 1957 1924 2012; x_wconf 82' lang='lat' dir='ltr'><strong>Etiam</strong></span> <span class='ocrx_word' id='word_1_264' title='bbox 1954 1956 2080 2012; x_wconf 90' lang='lat' dir='ltr'><strong>alibi</strong></span> 
     </span>
    </p>
   </div>
   <div class='ocr_carea' id='block_1_36' title="bbox 490 2048 2084 2117">
    <p class='ocr_par' dir='ltr' id='par_1_36' title="bbox 490 2048 2084 2117">
     <span class='ocr_line' id='line_1_36' title="bbox 490 2048 2084 2117; baseline -0.008 -5"><span class='ocrx_word' id='word_1_265' title='bbox 490 2056 719 2112; x_wconf 82' lang='lat' dir='ltr'><strong>dicunt;</strong></span> <span class='ocrx_word' id='word_1_266' title='bbox 755 2053 872 2108; x_wconf 79' lang='lat' dir='ltr'><strong>Non</strong></span> <span class='ocrx_word' id='word_1_267' title='bbox 902 2050 1269 2108; x_wconf 67' lang='lat' dir='ltr'><strong>immoderata</strong></span> <span class='ocrx_word' id='word_1_268' title='bbox 1293 2049 1492 2117; x_wconf 64' lang='lat' dir='ltr'><strong>epulm,</strong></span> <span class='ocrx_word' id='word_1_269' title='bbox 1527 2063 1634 2102; x_wconf 86' lang='lat' dir='ltr'><strong>non</strong></span> <span class='ocrx_word' id='word_1_270' title='bbox 1662 2048 1963 2117; x_wconf 82' lang='lat' dir='ltr'><strong>potationes</strong></span> <span class='ocrx_word' id='word_1_271' title='bbox 1988 2063 2084 2101; x_wconf 82' lang='lat' dir='ltr'><strong>vo-</strong></span> 
     </span>
    </p>
   </div>
   <div class='ocr_carea' id='block_1_37' title="bbox 487 2140 1969 2219">
    <p class='ocr_par' dir='ltr' id='par_1_37' title="bbox 487 2140 1969 2219">
     <span class='ocr_line' id='line_1_37' title="bbox 487 2140 1969 2219; baseline -0.009 -14"><span class='ocrx_word' id='word_1_272' title='bbox 487 2149 708 2219; x_wconf 83' lang='lat' dir='ltr'><strong>luptatis</strong></span> <span class='ocrx_word' id='word_1_273' title='bbox 730 2145 1054 2201; x_wconf 81' lang='lat' dir='ltr'><strong>suavitatem</strong></span> <span class='ocrx_word' id='word_1_274' title='bbox 1084 2149 1366 2212; x_wconf 78' lang='lat' dir='ltr'><strong>generant,</strong></span> <span class='ocrx_word' id='word_1_275' title='bbox 1404 2140 1499 2198; x_wconf 83' lang='lat' dir='ltr'><strong>sed</strong></span> <span class='ocrx_word' id='word_1_276' title='bbox 1529 2141 1816 2196; x_wconf 85' lang='lat' dir='ltr'><strong>continens</strong></span> <span class='ocrx_word' id='word_1_277' title='bbox 1841 2140 1969 2196; x_wconf 89' lang='lat' dir='ltr'><strong>vita.</strong></span> 
     </span>
    </p>
   </div>
   <div class='ocr_carea' id='block_1_38' title="bbox 564 2230 2080 2312">
    <p class='ocr_par' dir='ltr' id='par_1_38' title="bbox 564 2230 2080 2312">
     <span class='ocr_line' id='line_1_38' title="bbox 564 2230 2080 2312; baseline -0.005 -19"><span class='ocrx_word' id='word_1_278' title='bbox 564 2238 779 2312; x_wconf 67' lang='lat'><strong>1028</strong></span> <span class='ocrx_word' id='word_1_279' title='bbox 813 2234 904 2289; x_wconf 71' lang='lat'><strong>20.</strong></span> <span class='ocrx_word' id='word_1_280' title='bbox 946 2232 1081 2290; x_wconf 90' lang='lat' dir='ltr'><strong>Cum</strong></span> <span class='ocrx_word' id='word_1_281' title='bbox 1123 2234 1282 2304; x_wconf 85' lang='lat' dir='ltr'><strong>igitur</strong></span> <span class='ocrx_word' id='word_1_282' title='bbox 1302 2232 1428 2288; x_wconf 81' lang='lat' dir='ltr'><strong>illus</strong></span> <span class='ocrx_word' id='word_1_283' title='bbox 1458 2231 1790 2288; x_wconf 83' lang='lat' dir='ltr'><strong>abdicaverit</strong></span> <span class='ocrx_word' id='word_1_284' title='bbox 1840 2230 2080 2300; x_wconf 84' lang='lat' dir='ltr'><strong>philoso-</strong></span> 
     </span>
    </p>
   </div>
   <div class='ocr_carea' id='block_1_39' title="bbox 479 2323 2074 2403">
    <p class='ocr_par' dir='ltr' id='par_1_39' title="bbox 479 2323 2074 2403">
     <span class='ocr_line' id='line_1_39' title="bbox 479 2323 2074 2403; baseline -0.006 -17"><span class='ocrx_word' id='word_1_285' title='bbox 479 2332 631 2403; x_wconf 87' lang='lat' dir='ltr'><strong>phia,</strong></span> <span class='ocrx_word' id='word_1_286' title='bbox 668 2333 766 2384; x_wconf 88' lang='lat' dir='ltr'><strong>hos</strong></span> <span class='ocrx_word' id='word_1_287' title='bbox 797 2341 904 2382; x_wconf 90' lang='lat' dir='ltr'><strong>non</strong></span> <span class='ocrx_word' id='word_1_288' title='bbox 930 2324 1163 2382; x_wconf 75' lang='lat' dir='ltr'><strong>excludit</strong></span> <span class='ocrx_word' id='word_1_289' title='bbox 1199 2323 1478 2382; x_wconf 80' lang='lat' dir='ltr'><strong>Ecclesia?</strong></span> <span class='ocrx_word' id='word_1_290' title='bbox 1517 2323 1577 2382; x_wconf 86' lang='lat' dir='ltr'><strong>Si</strong></span> <span class='ocrx_word' id='word_1_291' title='bbox 1606 2323 1824 2393; x_wconf 84' lang='lat' dir='ltr'><strong>quidem</strong></span> <span class='ocrx_word' id='word_1_292' title='bbox 1874 2334 1930 2378; x_wconf 88' lang='lat' dir='ltr'><strong>et</strong></span> <span class='ocrx_word' id='word_1_293' title='bbox 1953 2323 2030 2380; x_wconf 82' lang='lat' dir='ltr'><strong>illi</strong></span> <span class='ocrx_word' id='word_1_294' title='bbox 2060 2363 2074 2390; x_wconf 91' lang='lat'><strong>,</strong></span> 
     </span>
    </p>
   </div>
   <div class='ocr_carea' id='block_1_40' title="bbox 482 2417 2076 2494">
    <p class='ocr_par' dir='ltr' id='par_1_40' title="bbox 482 2417 2076 2494">
     <span class='ocr_line' id='line_1_40' title="bbox 482 2417 2076 2494; baseline -0.004 -14"><span class='ocrx_word' id='word_1_295' title='bbox 482 2422 510 2462; x_wconf 78' lang='grc'><strong>1³</strong></span> <span class='ocrx_word' id='word_1_296' title='bbox 547 2425 691 2494; x_wconf 85' lang='lat' dir='ltr'><strong>quod</strong></span> <span class='ocrx_word' id='word_1_297' title='bbox 725 2419 879 2476; x_wconf 66' lang='lat' dir='ltr'><strong>malae</strong></span> <span class='ocrx_word' id='word_1_298' title='bbox 925 2435 1106 2475; x_wconf 67' lang='lat' dir='ltr'><strong>causa:</strong></span> <span class='ocrx_word' id='word_1_299' title='bbox 1158 2417 1390 2482; x_wconf 86' lang='lat' dir='ltr'><strong>habent,</strong></span> <span class='ocrx_word' id='word_1_300' title='bbox 1421 2431 1484 2472; x_wconf 86' lang='lat' dir='ltr'><strong>se</strong></span> <span class='ocrx_word' id='word_1_301' title='bbox 1521 2417 1920 2476; x_wconf 86' lang='lat' dir='ltr'><strong>assertionibus</strong></span> <span class='ocrx_word' id='word_1_302' title='bbox 1964 2418 2076 2474; x_wconf 82' lang='lat' dir='ltr'><strong>suis</strong></span> 
     </span>
    </p>
   </div>
   <div class='ocr_carea' id='block_1_41' title="bbox 482 2508 2074 2585">
    <p class='ocr_par' dir='ltr' id='par_1_41' title="bbox 482 2508 2074 2585">
     <span class='ocr_line' id='line_1_41' title="bbox 482 2508 2074 2585; baseline -0.006 -15"><span class='ocrx_word' id='word_1_303' title='bbox 482 2515 799 2585; x_wconf 84' lang='lat' dir='ltr'><strong>impugnant</strong></span> <span class='ocrx_word' id='word_1_304' title='bbox 845 2511 1180 2580; x_wconf 89' lang='lat' dir='ltr'><strong>frequenter.</strong></span> <span class='ocrx_word' id='word_1_305' title='bbox 1232 2508 1364 2563; x_wconf 84' lang='lat' dir='ltr'><strong>Nam</strong></span> <span class='ocrx_word' id='word_1_306' title='bbox 1398 2508 1501 2568; x_wconf 84' lang='lat' dir='ltr'><strong>etsi</strong></span> <span class='ocrx_word' id='word_1_307' title='bbox 1532 2508 1844 2578; x_wconf 77' lang='lat' dir='ltr'><strong>principalis</strong></span> <span class='ocrx_word' id='word_1_308' title='bbox 1885 2523 2074 2562; x_wconf 89' lang='lat' dir='ltr'><strong>eorum</strong></span> 
     </span>
    </p>
   </div>
   <div class='ocr_carea' id='block_1_42' title="bbox 482 2596 2077 2670">
    <p class='ocr_par' dir='ltr' id='par_1_42' title="bbox 482 2596 2077 2670">
     <span class='ocr_line' id='line_1_42' title="bbox 482 2596 2077 2670; baseline -0.008 -8"><span class='ocrx_word' id='word_1_309' title='bbox 482 2603 752 2662; x_wconf 81' lang='lat' dir='ltr'><strong>sententia</strong></span> <span class='ocrx_word' id='word_1_310' title='bbox 778 2602 852 2660; x_wconf 89' lang='lat' dir='ltr'><strong>sit</strong></span> <span class='ocrx_word' id='word_1_311' title='bbox 883 2600 1024 2670; x_wconf 90' lang='lat' dir='ltr'><strong>quod</strong></span> <span class='ocrx_word' id='word_1_312' title='bbox 1065 2598 1268 2654; x_wconf 89' lang='lat' dir='ltr'><strong>nullam</strong></span> <span class='ocrx_word' id='word_1_313' title='bbox 1301 2597 1622 2656; x_wconf 85' lang='lat' dir='ltr'><strong>suavitatem</strong></span> <span class='ocrx_word' id='word_1_314' title='bbox 1655 2596 1946 2666; x_wconf 84' lang='lat' dir='ltr'><strong>voluptatis</strong></span> <span class='ocrx_word' id='word_1_315' title='bbox 1978 2611 2077 2666; x_wconf 83' lang='lat' dir='ltr'><strong>pu-</strong></span> 
     </span>
    </p>
   </div>
   <div class='ocr_carea' id='block_1_43' title="bbox 482 2687 2077 2762">
    <p class='ocr_par' dir='ltr' id='par_1_43' title="bbox 482 2687 2077 2762">
     <span class='ocr_line' id='line_1_43' title="bbox 482 2687 2077 2762; baseline -0.007 -12"><span class='ocrx_word' id='word_1_316' title='bbox 482 2705 619 2759; x_wconf 89' lang='lat' dir='ltr'><strong>tent,</strong></span> <span class='ocrx_word' id='word_1_317' title='bbox 652 2693 758 2750; x_wconf 89' lang='lat' dir='ltr'><strong>nisi</strong></span> <span class='ocrx_word' id='word_1_318' title='bbox 789 2707 908 2762; x_wconf 73' lang='lat' dir='ltr'><strong>qua:</strong></span> <span class='ocrx_word' id='word_1_319' title='bbox 937 2690 1058 2746; x_wconf 88' lang='lat' dir='ltr'><strong>cibo</strong></span> <span class='ocrx_word' id='word_1_320' title='bbox 1089 2696 1324 2760; x_wconf 84' lang='lat' dir='ltr'><strong>potuque</strong></span> <span class='ocrx_word' id='word_1_321' title='bbox 1352 2687 1712 2757; x_wconf 77' lang='lat' dir='ltr'><strong>percipiatur;</strong></span> <span class='ocrx_word' id='word_1_322' title='bbox 1766 2696 1943 2746; x_wconf 86' lang='lat' dir='ltr'><strong>tamen</strong></span> <span class='ocrx_word' id='word_1_323' title='bbox 1992 2687 2077 2742; x_wconf 91' lang='lat' dir='ltr'><strong>in-</strong></span> 
     </span>
    </p>
   </div>
   <div class='ocr_carea' id='block_1_44' title="bbox 479 2779 2072 2859">
    <p class='ocr_par' dir='ltr' id='par_1_44' title="bbox 479 2779 2072 2859">
     <span class='ocr_line' id='line_1_44' title="bbox 479 2779 2072 2859; baseline -0.006 -15"><span class='ocrx_word' id='word_1_324' title='bbox 479 2789 783 2859; x_wconf 87' lang='lat' dir='ltr'><strong>telligentes</strong></span> <span class='ocrx_word' id='word_1_325' title='bbox 819 2786 870 2840; x_wconf 91' lang='lat' dir='ltr'><strong>in</strong></span> <span class='ocrx_word' id='word_1_326' title='bbox 910 2793 1016 2840; x_wconf 91' lang='lat' dir='ltr'><strong>tam</strong></span> <span class='ocrx_word' id='word_1_327' title='bbox 1057 2780 1475 2851; x_wconf 78' lang='lat' dir='ltr'><strong>reprehensibili</strong></span> <span class='ocrx_word' id='word_1_328' title='bbox 1515 2780 1837 2844; x_wconf 78' lang='lat' dir='ltr'><strong>deﬁnitione</strong></span> <span class='ocrx_word' id='word_1_329' title='bbox 1867 2779 2072 2842; x_wconf 80' lang='lat' dir='ltr'><strong>versari</strong></span> 
     </span>
    </p>
   </div>
   <div class='ocr_carea' id='block_1_45' title="bbox 475 2873 2075 2944">
    <p class='ocr_par' dir='ltr' id='par_1_45' title="bbox 475 2873 2075 2944">
     <span class='ocr_line' id='line_1_45' title="bbox 475 2873 2075 2944; baseline -0.006 -6"><span class='ocrx_word' id='word_1_330' title='bbox 475 2897 536 2938; x_wconf 86' lang='lat' dir='ltr'><strong>se</strong></span> <span class='ocrx_word' id='word_1_331' title='bbox 566 2885 685 2935; x_wconf 86' lang='lat' dir='ltr'><strong>sine</strong></span> <span class='ocrx_word' id='word_1_332' title='bbox 713 2891 925 2936; x_wconf 85' lang='lat' dir='ltr'><strong>summo</strong></span> <span class='ocrx_word' id='word_1_333' title='bbox 939 2875 1202 2930; x_wconf 88' lang='lat' dir='ltr'><strong>dedecore</strong></span> <span class='ocrx_word' id='word_1_334' title='bbox 1231 2889 1339 2930; x_wconf 90' lang='lat' dir='ltr'><strong>non</strong></span> <span class='ocrx_word' id='word_1_335' title='bbox 1367 2889 1548 2944; x_wconf 87' lang='lat' dir='ltr'><strong>posse,</strong></span> <span class='ocrx_word' id='word_1_336' title='bbox 1576 2888 1640 2928; x_wconf 88' lang='lat' dir='ltr'><strong>ac</strong></span> <span class='ocrx_word' id='word_1_337' title='bbox 1669 2873 1848 2930; x_wconf 86' lang='lat' dir='ltr'><strong>deseri</strong></span> <span class='ocrx_word' id='word_1_338' title='bbox 1871 2874 1938 2927; x_wconf 90' lang='lat' dir='ltr'><strong>ab</strong></span> <span class='ocrx_word' id='word_1_339' title='bbox 1959 2889 2075 2934; x_wconf 84' lang='lat' dir='ltr'><strong>nm.-</strong></span> 
     </span>
    </p>
   </div>
   <div class='ocr_carea' id='block_1_46' title="bbox 479 2964 2070 3037">
    <p class='ocr_par' dir='ltr' id='par_1_46' title="bbox 479 2964 2070 3037">
     <span class='ocr_line' id='line_1_46' title="bbox 479 2964 2070 3037; baseline -0.003 -12"><span class='ocrx_word' id='word_1_340' title='bbox 479 2971 662 3035; x_wconf 89' lang='lat' dir='ltr'><strong>nibus,</strong></span> <span class='ocrx_word' id='word_1_341' title='bbox 692 2970 813 3026; x_wconf 87' lang='lat' dir='ltr'><strong>fuco</strong></span> <span class='ocrx_word' id='word_1_342' title='bbox 841 2966 1075 3037; x_wconf 89' lang='lat' dir='ltr'><strong>quodam</strong></span> <span class='ocrx_word' id='word_1_343' title='bbox 1109 2964 1466 3034; x_wconf 86' lang='lat' dir='ltr'><strong>probabilium</strong></span> <span class='ocrx_word' id='word_1_344' title='bbox 1496 2964 1924 3034; x_wconf 81' lang='lat' dir='ltr'><strong>disputationum</strong></span> <span class='ocrx_word' id='word_1_345' title='bbox 1952 2980 2070 3026; x_wconf 86' lang='lat' dir='ltr'><strong>eam</strong></span> 
     </span>
    </p>
   </div>
   <div class='ocr_carea' id='block_1_47' title="bbox 477 3057 2068 3128">
    <p class='ocr_par' dir='ltr' id='par_1_47' title="bbox 477 3057 2068 3128">
     <span class='ocr_line' id='line_1_47' title="bbox 477 3057 2068 3128; baseline -0.004 -10"><span class='ocrx_word' id='word_1_346' title='bbox 477 3064 726 3120; x_wconf 82' lang='lat' dir='ltr'><strong>colorare</strong></span> <span class='ocrx_word' id='word_1_347' title='bbox 756 3061 1071 3122; x_wconf 86' lang='lat' dir='ltr'><strong>voluerunt;</strong></span> <span class='ocrx_word' id='word_1_348' title='bbox 1127 3057 1265 3112; x_wconf 87' lang='lat' dir='ltr'><strong>adeo</strong></span> <span class='ocrx_word' id='word_1_349' title='bbox 1291 3067 1352 3112; x_wconf 89' lang='lat' dir='ltr'><strong>ut</strong></span> <span class='ocrx_word' id='word_1_350' title='bbox 1373 3057 1579 3114; x_wconf 91' lang='lat' dir='ltr'><strong>diceret</strong></span> <span class='ocrx_word' id='word_1_351' title='bbox 1618 3059 1837 3128; x_wconf 88' lang='lat' dir='ltr'><strong>quidam</strong></span> <span class='ocrx_word' id='word_1_352' title='bbox 1865 3074 1929 3112; x_wconf 78' lang='lat' dir='ltr'><strong>ex</strong></span> <span class='ocrx_word' id='word_1_353' title='bbox 1959 3058 2030 3112; x_wconf 87' lang='lat' dir='ltr'><strong>iis</strong></span> <span class='ocrx_word' id='word_1_354' title='bbox 2055 3076 2068 3111; x_wconf 89' lang='lat'><strong>:</strong></span> 
     </span>
    </p>
   </div>
   <div class='ocr_carea' id='block_1_48' title="bbox 2189 1865 3023 1936">
    <p class='ocr_par' dir='ltr' id='par_1_48' title="bbox 2189 1865 3023 1936">
     <span class='ocr_line' id='line_1_48' title="bbox 2189 1865 3023 1936; baseline 0.006 -19"><span class='ocrx_word' id='word_1_355' title='bbox 2189 1880 2308 1935; x_wconf 78' lang='lat' dir='ltr'><strong>qua:</strong></span> <span class='ocrx_word' id='word_1_356' title='bbox 2332 1865 2503 1920; x_wconf 89' lang='lat' dir='ltr'><strong>nolint</strong></span> <span class='ocrx_word' id='word_1_357' title='bbox 2530 1867 2729 1922; x_wconf 79' lang='lat' dir='ltr'><strong>iterare</strong></span> <span class='ocrx_word' id='word_1_358' title='bbox 2752 1867 3023 1936; x_wconf 84' lang='lat' dir='ltr'><strong>copulam.</strong></span> 
     </span>
    </p>
   </div>
   <div class='ocr_carea' id='block_1_49' title="bbox 2257 1956 3774 2028">
    <p class='ocr_par' dir='ltr' id='par_1_49' title="bbox 2257 1956 3774 2028">
     <span class='ocr_line' id='line_1_49' title="bbox 2257 1956 3774 2028; baseline 0 -16"><span class='ocrx_word' id='word_1_359' title='bbox 2257 1956 2345 2012; x_wconf 76' lang='lat'><strong>25.</strong></span> <span class='ocrx_word' id='word_1_360' title='bbox 2387 1957 2527 2025; x_wconf 84' lang='lat' dir='ltr'><strong>Quid</strong></span> <span class='ocrx_word' id='word_1_361' title='bbox 2555 1959 2727 2028; x_wconf 75' lang='lat' dir='ltr'><strong>ergo?</strong></span> <span class='ocrx_word' id='word_1_362' title='bbox 2777 1958 2962 2014; x_wconf 85' lang='lat' dir='ltr'><strong>Placet</strong></span> <span class='ocrx_word' id='word_1_363' title='bbox 2986 1968 3047 2013; x_wconf 90' lang='lat' dir='ltr'><strong>ut</strong></span> <span class='ocrx_word' id='word_1_364' title='bbox 3074 1958 3352 2014; x_wconf 86' lang='lat' dir='ltr'><strong>hominem</strong></span> <span class='ocrx_word' id='word_1_365' title='bbox 3379 1969 3666 2024; x_wconf 75' lang='lat' dir='ltr'><strong>ementes,</strong></span> <span class='ocrx_word' id='word_1_366' title='bbox 3691 1959 3774 2012; x_wconf 92' lang='lat' dir='ltr'><strong>in-</strong></span> 
     </span>
    </p>
   </div>
   <div class='ocr_carea' id='block_1_50' title="bbox 2185 2045 3780 2119">
    <p class='ocr_par' dir='ltr' id='par_1_50' title="bbox 2185 2045 3780 2119">
     <span class='ocr_line' id='line_1_50' title="bbox 2185 2045 3780 2119; baseline 0.003 -19"><span class='ocrx_word' id='word_1_367' title='bbox 2185 2045 2413 2101; x_wconf 88' lang='lat' dir='ltr'><strong>duamns</strong></span> <span class='ocrx_word' id='word_1_368' title='bbox 2444 2048 2706 2116; x_wconf 89' lang='lat' dir='ltr'><strong>pecudem</strong></span> <span class='ocrx_word' id='word_1_369' title='bbox 2734 2067 2747 2100; x_wconf 94' lang='lat'><strong>:</strong></span> <span class='ocrx_word' id='word_1_370' title='bbox 2777 2060 2835 2103; x_wconf 92' lang='lat' dir='ltr'><strong>et</strong></span> <span class='ocrx_word' id='word_1_371' title='bbox 2863 2049 3230 2119; x_wconf 80' lang='lat' dir='ltr'><strong>exSpoliantes</strong></span> <span class='ocrx_word' id='word_1_372' title='bbox 3256 2049 3558 2119; x_wconf 83' lang='lat' dir='ltr'><strong>Christum,</strong></span> <span class='ocrx_word' id='word_1_373' title='bbox 3585 2051 3780 2104; x_wconf 88' lang='lat' dir='ltr'><strong>vestia-</strong></span> 
     </span>
    </p>
   </div>
   <div class='ocr_carea' id='block_1_51' title="bbox 2183 2140 3772 2208">
    <p class='ocr_par' dir='ltr' id='par_1_51' title="bbox 2183 2140 3772 2208">
     <span class='ocr_line' id='line_1_51' title="bbox 2183 2140 3772 2208; baseline 0.003 -14"><span class='ocrx_word' id='word_1_374' title='bbox 2183 2153 2306 2194; x_wconf 89' lang='lat' dir='ltr'><strong>mur</strong></span> <span class='ocrx_word' id='word_1_375' title='bbox 2343 2149 2435 2192; x_wconf 89' lang='lat' dir='ltr'><strong>ant</strong></span> <span class='ocrx_word' id='word_1_376' title='bbox 2464 2140 2929 2208; x_wconf 84' lang='lat' dir='ltr'><strong>supervestiatnur</strong></span> <span class='ocrx_word' id='word_1_377' title='bbox 2956 2141 3186 2196; x_wconf 88' lang='lat' dir='ltr'><strong>amictus</strong></span> <span class='ocrx_word' id='word_1_378' title='bbox 3222 2140 3460 2197; x_wconf 73' lang='lat' dir='ltr'><strong>diaboli?</strong></span> <span class='ocrx_word' id='word_1_379' title='bbox 3503 2141 3610 2198; x_wconf 85' lang='lat' dir='ltr'><strong>Sed</strong></span> <span class='ocrx_word' id='word_1_380' title='bbox 3648 2156 3772 2198; x_wconf 87' lang='lat' dir='ltr'><strong>cum</strong></span> 
     </span>
    </p>
   </div>
   <div class='ocr_carea' id='block_1_52' title="bbox 2185 2231 3774 2305">
    <p class='ocr_par' dir='ltr' id='par_1_52' title="bbox 2185 2231 3774 2305">
     <span class='ocr_line' id='line_1_52' title="bbox 2185 2231 3774 2305; baseline 0.004 -21"><span class='ocrx_word' id='word_1_381' title='bbox 2185 2231 2285 2299; x_wconf 89' lang='lat' dir='ltr'><strong>ipsi</strong></span> <span class='ocrx_word' id='word_1_382' title='bbox 2336 2231 2590 2286; x_wconf 87' lang='lat' dir='ltr'><strong>doctores</strong></span> <span class='ocrx_word' id='word_1_383' title='bbox 2627 2234 2864 2304; x_wconf 85' lang='lat' dir='ltr'><strong>gentium</strong></span> <span class='ocrx_word' id='word_1_384' title='bbox 2907 2249 2975 2288; x_wconf 91' lang='lat' dir='ltr'><strong>ne</strong></span> <span class='ocrx_word' id='word_1_385' title='bbox 3015 2234 3351 2291; x_wconf 85' lang='lat' dir='ltr'><strong>honestatem</strong></span> <span class='ocrx_word' id='word_1_386' title='bbox 3392 2235 3610 2305; x_wconf 87' lang='lat' dir='ltr'><strong>quidem</strong></span> <span class='ocrx_word' id='word_1_387' title='bbox 3648 2250 3774 2290; x_wconf 87' lang='lat' dir='ltr'><strong>cum</strong></span> 
     </span>
    </p>
   </div>
   <div class='ocr_carea' id='block_1_53' title="bbox 2181 2322 3768 2398">
    <p class='ocr_par' dir='ltr' id='par_1_53' title="bbox 2181 2322 3768 2398">
     <span class='ocr_line' id='line_1_53' title="bbox 2181 2322 3768 2398; baseline 0.004 -23"><span class='ocrx_word' id='word_1_388' title='bbox 2181 2322 2461 2390; x_wconf 86' lang='lat' dir='ltr'><strong>voluptate</strong></span> <span class='ocrx_word' id='word_1_389' title='bbox 2483 2324 2847 2393; x_wconf 84' lang='lat' dir='ltr'><strong>copulandam</strong></span> <span class='ocrx_word' id='word_1_390' title='bbox 2877 2329 3213 2394; x_wconf 87' lang='lat' dir='ltr'><strong>putaverint,</strong></span> <span class='ocrx_word' id='word_1_391' title='bbox 3241 2342 3308 2382; x_wconf 87' lang='lat' dir='ltr'><strong>eo</strong></span> <span class='ocrx_word' id='word_1_392' title='bbox 3331 2327 3477 2398; x_wconf 78' lang='lat' dir='ltr'><strong>quod</strong></span> <span class='ocrx_word' id='word_1_393' title='bbox 3507 2330 3768 2398; x_wconf 81' lang='lat' dir='ltr'><strong>pecudem</strong></span> 
     </span>
    </p>
   </div>
   <div class='ocr_carea' id='block_1_54' title="bbox 2181 2413 3776 2476">
    <p class='ocr_par' dir='ltr' id='par_1_54' title="bbox 2181 2413 3776 2476">
     <span class='ocr_line' id='line_1_54' title="bbox 2181 2413 3776 2476; baseline 0.007 -11"><span class='ocrx_word' id='word_1_394' title='bbox 2181 2413 2498 2470; x_wconf 87' lang='lat' dir='ltr'><strong>viderentur</strong></span> <span class='ocrx_word' id='word_1_395' title='bbox 2513 2430 2634 2472; x_wconf 84' lang='lat' dir='ltr'><strong>cum</strong></span> <span class='ocrx_word' id='word_1_396' title='bbox 2656 2415 2879 2471; x_wconf 76' lang='lat' dir='ltr'><strong>homine</strong></span> <span class='ocrx_word' id='word_1_397' title='bbox 2902 2417 3214 2473; x_wconf 88' lang='lat' dir='ltr'><strong>includere:</strong></span> <span class='ocrx_word' id='word_1_398' title='bbox 3250 2416 3270 2458; x_wconf 73' lang='grc' dir='ltr'><strong>ί</strong></span> <span class='ocrx_word' id='word_1_399' title='bbox 3293 2434 3394 2474; x_wconf 89' lang='lat' dir='ltr'><strong>nos</strong></span> <span class='ocrx_word' id='word_1_400' title='bbox 3421 2429 3482 2474; x_wconf 89' lang='lat' dir='ltr'><strong>ut</strong></span> <span class='ocrx_word' id='word_1_401' title='bbox 3506 2419 3776 2476; x_wconf 83' lang='lat' dir='ltr'><strong>belluinos</strong></span> 
     </span>
    </p>
   </div>
   <div class='ocr_carea' id='block_1_55' title="bbox 2179 2508 3775 2580">
    <p class='ocr_par' dir='ltr' id='par_1_55' title="bbox 2179 2508 3775 2580">
     <span class='ocr_line' id='line_1_55' title="bbox 2179 2508 3775 2580; baseline 0.005 -20"><span class='ocrx_word' id='word_1_402' title='bbox 2179 2521 2308 2563; x_wconf 73' lang='lat' dir='ltr'><strong>usus</strong></span> <span class='ocrx_word' id='word_1_403' title='bbox 2345 2508 2586 2563; x_wconf 82' lang='lat' dir='ltr'><strong>humano</strong></span> <span class='ocrx_word' id='word_1_404' title='bbox 2633 2508 2980 2565; x_wconf 83' lang='lat' dir='ltr'><strong>infundamus</strong></span> <span class='ocrx_word' id='word_1_405' title='bbox 3043 2511 3281 2580; x_wconf 78' lang='lat' dir='ltr'><strong>pectori,</strong></span> <span class='ocrx_word' id='word_1_406' title='bbox 3351 2521 3406 2566; x_wconf 91' lang='lat' dir='ltr'><strong>et</strong></span> <span class='ocrx_word' id='word_1_407' title='bbox 3465 2511 3775 2568; x_wconf 86' lang='lat' dir='ltr'><strong>rationabili</strong></span> 
     </span>
    </p>
   </div>
   <div class='ocr_carea' id='block_1_56' title="bbox 2179 2601 3631 2664">
    <p class='ocr_par' dir='ltr' id='par_1_56' title="bbox 2179 2601 3631 2664">
     <span class='ocr_line' id='line_1_56' title="bbox 2179 2601 3631 2664; baseline 0.001 -8"><span class='ocrx_word' id='word_1_408' title='bbox 2179 2601 2348 2656; x_wconf 74' lang='lat' dir='ltr'><strong>menti</strong></span> <span class='ocrx_word' id='word_1_409' title='bbox 2376 2601 2737 2658; x_wconf 77' lang='lat' dir='ltr'><strong>inscribamus</strong></span> <span class='ocrx_word' id='word_1_410' title='bbox 2758 2603 3160 2659; x_wconf 79' lang='lat' dir='ltr'><strong>irrationabiles</strong></span> <span class='ocrx_word' id='word_1_411' title='bbox 3186 2605 3323 2664; x_wconf 87' lang='lat' dir='ltr'><strong>ritus</strong></span> <span class='ocrx_word' id='word_1_412' title='bbox 3351 2604 3631 2658; x_wconf 81' lang='lat' dir='ltr'><strong>ferarum?</strong></span> 
     </span>
    </p>
   </div>
   <div class='ocr_carea' id='block_1_57' title="bbox 2247 2691 3772 2766">
    <p class='ocr_par' dir='ltr' id='par_1_57' title="bbox 2247 2691 3772 2766">
     <span class='ocr_line' id='line_1_57' title="bbox 2247 2691 3772 2766; baseline 0.005 -20"><span class='ocrx_word' id='word_1_413' title='bbox 2247 2691 2318 2746; x_wconf 71' lang='grc' dir='ltr'><strong>ιιι</strong></span> <span class='ocrx_word' id='word_1_414' title='bbox 2351 2703 2406 2748; x_wconf 87' lang='lat' dir='ltr'><strong>et</strong></span> <span class='ocrx_word' id='word_1_415' title='bbox 2446 2695 2535 2749; x_wconf 75' lang='lat'><strong>25.</strong></span> <span class='ocrx_word' id='word_1_416' title='bbox 2577 2694 2915 2764; x_wconf 83' lang='lat' dir='ltr'><strong>Quamquam</strong></span> <span class='ocrx_word' id='word_1_417' title='bbox 2956 2697 3122 2750; x_wconf 86' lang='lat' dir='ltr'><strong>multa</strong></span> <span class='ocrx_word' id='word_1_418' title='bbox 3169 2712 3368 2766; x_wconf 86' lang='lat' dir='ltr'><strong>genera</strong></span> <span class='ocrx_word' id='word_1_419' title='bbox 3403 2698 3514 2760; x_wconf 77' lang='lat' dir='ltr'><strong>sint</strong></span> <span class='ocrx_word' id='word_1_420' title='bbox 3551 2698 3772 2754; x_wconf 86' lang='lat' dir='ltr'><strong>animan</strong></span> 
     </span>
    </p>
   </div>
   <div class='ocr_carea' id='block_1_58' title="bbox 2173 2785 3773 2858">
    <p class='ocr_par' dir='ltr' id='par_1_58' title="bbox 2173 2785 3773 2858">
     <span class='ocr_line' id='line_1_58' title="bbox 2173 2785 3773 2858; baseline 0.004 -21"><span class='ocrx_word' id='word_1_421' title='bbox 2173 2785 2333 2848; x_wconf 81' lang='lat' dir='ltr'><strong>tium,</strong></span> <span class='ocrx_word' id='word_1_422' title='bbox 2353 2786 2564 2857; x_wconf 63' lang='grc' dir='ltr'><strong>ιω</strong></span> <span class='ocrx_word' id='word_1_423' title='bbox 2583 2795 2607 2832; x_wconf 73' lang='grc' dir='ltr'><strong><em>ε</em></strong></span> <span class='ocrx_word' id='word_1_424' title='bbox 2628 2801 2750 2855; x_wconf 74' lang='lat' dir='ltr'><strong>qua:</strong></span> <span class='ocrx_word' id='word_1_425' title='bbox 2779 2787 2984 2842; x_wconf 86' lang='lat' dir='ltr'><strong>amisso</strong></span> <span class='ocrx_word' id='word_1_426' title='bbox 3001 2788 3147 2856; x_wconf 78' lang='lat' dir='ltr'><strong>pari,</strong></span> <span class='ocrx_word' id='word_1_427' title='bbox 3165 2788 3458 2846; x_wconf 83' lang='lat' dir='ltr'><strong>concubitu</strong></span> <span class='ocrx_word' id='word_1_428' title='bbox 3489 2788 3773 2858; x_wconf 78' lang='lat' dir='ltr'><strong>indulgere</strong></span> 
     </span>
    </p>
   </div>
   <div class='ocr_carea' id='block_1_59' title="bbox 2176 2876 3766 2951">
    <p class='ocr_par' dir='ltr' id='par_1_59' title="bbox 2176 2876 3766 2951">
     <span class='ocr_line' id='line_1_59' title="bbox 2176 2876 3766 2951; baseline 0.004 -22"><span class='ocrx_word' id='word_1_429' title='bbox 2176 2876 2442 2942; x_wconf 83' lang='lat' dir='ltr'><strong>nesciant,</strong></span> <span class='ocrx_word' id='word_1_430' title='bbox 2485 2888 2540 2930; x_wconf 90' lang='lat' dir='ltr'><strong>et</strong></span> <span class='ocrx_word' id='word_1_431' title='bbox 2569 2887 2842 2948; x_wconf 82' lang='lat' dir='ltr'><strong>tamquam</strong></span> <span class='ocrx_word' id='word_1_432' title='bbox 2872 2879 3133 2934; x_wconf 68' lang='lat' dir='ltr'><strong>solitariae</strong></span> <span class='ocrx_word' id='word_1_433' title='bbox 3155 2882 3278 2935; x_wconf 75' lang='lat' dir='ltr'><strong>vita:</strong></span> <span class='ocrx_word' id='word_1_434' title='bbox 3303 2897 3475 2936; x_wconf 63' lang='lat' dir='ltr'><strong>aevum</strong></span> <span class='ocrx_word' id='word_1_435' title='bbox 3511 2883 3766 2951; x_wconf 74' lang='lat' dir='ltr'><strong>exigant:</strong></span> 
     </span>
    </p>
   </div>
   <div class='ocr_carea' id='block_1_60' title="bbox 2175 2968 3768 3042">
    <p class='ocr_par' dir='ltr' id='par_1_60' title="bbox 2175 2968 3768 3042">
     <span class='ocr_line' id='line_1_60' title="bbox 2175 2968 3768 3042; baseline 0.006 -21"><span class='ocrx_word' id='word_1_436' title='bbox 2175 2968 2402 3037; x_wconf 78' lang='lat' dir='ltr'><strong>plurima</strong></span> <span class='ocrx_word' id='word_1_437' title='bbox 2433 2984 2652 3039; x_wconf 85' lang='lat' dir='ltr'><strong>quoque</strong></span> <span class='ocrx_word' id='word_1_438' title='bbox 2673 2970 2859 3026; x_wconf 76' lang='lat' dir='ltr'><strong>herbis</strong></span> <span class='ocrx_word' id='word_1_439' title='bbox 2889 2983 3183 3028; x_wconf 72' lang='lat' dir='ltr'><strong>vescantur</strong></span> <span class='ocrx_word' id='word_1_440' title='bbox 3227 2973 3586 3042; x_wconf 83' lang='lat' dir='ltr'><strong>simplicibus,</strong></span> <span class='ocrx_word' id='word_1_441' title='bbox 3611 2971 3637 3010; x_wconf 74' lang='grc'><strong>³³</strong></span> <span class='ocrx_word' id='word_1_442' title='bbox 3667 2989 3768 3030; x_wconf 90' lang='lat' dir='ltr'><strong>nec</strong></span> 
     </span>
    </p>
   </div>
   <div class='ocr_carea' id='block_1_61' title="bbox 2171 3060 3766 3135">
    <p class='ocr_par' dir='ltr' id='par_1_61' title="bbox 2171 3060 3766 3135">
     <span class='ocr_line' id='line_1_61' title="bbox 2171 3060 3766 3135; baseline 0.003 -22"><span class='ocrx_word' id='word_1_443' title='bbox 2171 3060 2307 3114; x_wconf 84' lang='lat' dir='ltr'><strong>alias</strong></span> <span class='ocrx_word' id='word_1_444' title='bbox 2347 3061 2451 3115; x_wconf 87' lang='lat' dir='ltr'><strong>nisi</strong></span> <span class='ocrx_word' id='word_1_445' title='bbox 2513 3061 2661 3116; x_wconf 88' lang='lat' dir='ltr'><strong>fonte</strong></span> <span class='ocrx_word' id='word_1_446' title='bbox 2713 3077 2852 3132; x_wconf 69' lang='lat' dir='ltr'><strong>puro</strong></span> <span class='ocrx_word' id='word_1_447' title='bbox 2897 3064 3048 3124; x_wconf 83' lang='lat' dir='ltr'><strong>sitim</strong></span> <span class='ocrx_word' id='word_1_448' title='bbox 3089 3064 3428 3135; x_wconf 72' lang='lat' dir='ltr'><strong>restinguere</strong></span> <span class='ocrx_word' id='word_1_449' title='bbox 3465 3067 3718 3121; x_wconf 83' lang='lat' dir='ltr'><strong>noverint</strong></span> <span class='ocrx_word' id='word_1_450' title='bbox 3753 3083 3766 3118; x_wconf 91' lang='lat'>:</span> 
     </span>
    </p>
   </div>
   <div class='ocr_carea' id='block_1_62' title="bbox 477 3146 3766 3228">
    <p class='ocr_par' dir='ltr' id='par_1_62' title="bbox 477 3146 3766 3228">
     <span class='ocr_line' id='line_1_62' title="bbox 477 3146 3766 3228; baseline -0 -14"><span class='ocrx_word' id='word_1_451' title='bbox 477 3153 614 3214; x_wconf 88' lang='lat' dir='ltr'><strong>Dum</strong></span> <span class='ocrx_word' id='word_1_452' title='bbox 655 3152 939 3212; x_wconf 82' lang='lat' dir='ltr'><strong>studemus</strong></span> <span class='ocrx_word' id='word_1_453' title='bbox 977 3147 1320 3206; x_wconf 83' lang='lat' dir='ltr'><strong>delectationi</strong></span> <span class='ocrx_word' id='word_1_454' title='bbox 1363 3165 1459 3219; x_wconf 88' lang='lat' dir='ltr'><strong>per</strong></span> <span class='ocrx_word' id='word_1_455' title='bbox 1511 3151 1701 3220; x_wconf 88' lang='lat' dir='ltr'><strong>epulas</strong></span> <span class='ocrx_word' id='word_1_456' title='bbox 1738 3160 1793 3205; x_wconf 91' lang='lat' dir='ltr'><strong>et</strong></span> <span class='ocrx_word' id='word_1_457' title='bbox 1841 3159 2067 3217; x_wconf 86' lang='lat' dir='ltr'><strong>cantus,</strong></span> <span class='ocrx_word' id='word_1_458' title='bbox 2098 3146 2144 3212; x_wconf 76' lang='lat' dir='ltr'><strong>ﬂ</strong></span> <span class='ocrx_word' id='word_1_459' title='bbox 2172 3168 2338 3208; x_wconf 80' lang='lat' dir='ltr'><strong>canes</strong></span> <span class='ocrx_word' id='word_1_460' title='bbox 2367 3169 2582 3224; x_wconf 85' lang='lat' dir='ltr'><strong>quoque</strong></span> <span class='ocrx_word' id='word_1_461' title='bbox 2607 3155 2792 3211; x_wconf 85' lang='lat' dir='ltr'><strong>videas</strong></span> <span class='ocrx_word' id='word_1_462' title='bbox 2812 3156 3128 3228; x_wconf 75' lang='lat' dir='ltr'><strong>frequenter</strong></span> <span class='ocrx_word' id='word_1_463' title='bbox 3153 3159 3444 3217; x_wconf 81' lang='lat' dir='ltr'><strong>interdicto</strong></span> <span class='ocrx_word' id='word_1_464' title='bbox 3481 3160 3604 3216; x_wconf 78' lang='lat' dir='ltr'><strong>cibo</strong></span> <span class='ocrx_word' id='word_1_465' title='bbox 3627 3169 3766 3218; x_wconf 82' lang='lat' dir='ltr'><strong>tein-</strong></span> 
     </span>
    </p>
   </div>
   <div class='ocr_carea' id='block_1_63' title="bbox 477 3240 2069 3310">
    <p class='ocr_par' dir='ltr' id='par_1_63' title="bbox 477 3240 2069 3310">
     <span class='ocr_line' id='line_1_63' title="bbox 477 3240 2069 3310; baseline -0.001 -10"><span class='ocrx_word' id='word_1_466' title='bbox 477 3245 760 3302; x_wconf 78' lang='lat' dir='ltr'><strong>amisimus</strong></span> <span class='ocrx_word' id='word_1_467' title='bbox 793 3256 911 3298; x_wconf 88' lang='lat' dir='ltr'><strong>eam</strong></span> <span class='ocrx_word' id='word_1_468' title='bbox 939 3255 1059 3310; x_wconf 67' lang='lat' dir='ltr'><strong>quae</strong></span> <span class='ocrx_word' id='word_1_469' title='bbox 1099 3255 1196 3310; x_wconf 82' lang='lat' dir='ltr'><strong>per</strong></span> <span class='ocrx_word' id='word_1_470' title='bbox 1234 3240 1423 3304; x_wconf 82' lang='lat' dir='ltr'><strong>verbi,</strong></span> <span class='ocrx_word' id='word_1_471' title='bbox 1465 3255 1572 3309; x_wconf 78' lang='lat' dir='ltr'><strong>quo</strong></span> <span class='ocrx_word' id='word_1_472' title='bbox 1625 3241 1742 3296; x_wconf 83' lang='lat' dir='ltr'><strong>solo</strong></span> <span class='ocrx_word' id='word_1_473' title='bbox 1779 3242 1916 3296; x_wconf 91' lang='lat' dir='ltr'><strong>salvi</strong></span> <span class='ocrx_word' id='word_1_474' title='bbox 1948 3257 2069 3302; x_wconf 87' lang='lat' dir='ltr'><strong>esse</strong></span> 
     </span>
    </p>
   </div>
   <div class='ocr_carea' id='block_1_64' title="bbox 477 3329 1572 3407">
    <p class='ocr_par' dir='ltr' id='par_1_64' title="bbox 477 3329 1572 3407">
     <span class='ocr_line' id='line_1_64' title="bbox 477 3329 1572 3407; baseline -0.009 -15"><span class='ocrx_word' id='word_1_475' title='bbox 477 3349 786 3407; x_wconf 80' lang='lat' dir='ltr'><strong>possumus,</strong></span> <span class='ocrx_word' id='word_1_476' title='bbox 818 3330 1120 3394; x_wconf 84' lang='lat' dir='ltr'><strong>infunditur</strong></span> <span class='ocrx_word' id='word_1_477' title='bbox 1150 3329 1572 3399; x_wconf 84' lang='lat' dir='ltr'><strong>perceptionem.</strong></span> 
     </span>
    </p>
   </div>
   <div class='ocr_carea' id='block_1_65' title="bbox 548 3420 2069 3491">
    <p class='ocr_par' dir='ltr' id='par_1_65' title="bbox 548 3420 2069 3491">
     <span class='ocr_line' id='line_1_65' title="bbox 548 3420 2069 3491; baseline -0.002 -11"><span class='ocrx_word' id='word_1_478' title='bbox 548 3427 637 3482; x_wconf 76' lang='lat'><strong>‘21.</strong></span> <span class='ocrx_word' id='word_1_479' title='bbox 679 3425 870 3480; x_wconf 77' lang='lat' dir='ltr'><strong>Nonne</strong></span> <span class='ocrx_word' id='word_1_480' title='bbox 899 3422 986 3480; x_wconf 89' lang='lat' dir='ltr'><strong>isti</strong></span> <span class='ocrx_word' id='word_1_481' title='bbox 1017 3421 1284 3491; x_wconf 84' lang='lat' dir='ltr'><strong>dispares,</strong></span> <span class='ocrx_word' id='word_1_482' title='bbox 1342 3420 1646 3486; x_wconf 81' lang='lat' dir='ltr'><strong>discolores</strong></span> <span class='ocrx_word' id='word_1_483' title='bbox 1671 3421 1724 3476; x_wconf 89' lang='lat' dir='ltr'><strong>in</strong></span> <span class='ocrx_word' id='word_1_484' title='bbox 1755 3421 1859 3484; x_wconf 84' lang='lat' dir='ltr'><strong>hac</strong></span> <span class='ocrx_word' id='word_1_485' title='bbox 1887 3424 2069 3478; x_wconf 86' lang='lat' dir='ltr'><strong>multi-</strong></span> 
     </span>
    </p>
   </div>
   <div class='ocr_carea' id='block_1_66' title="bbox 479 3510 2069 3586">
    <p class='ocr_par' dir='ltr' id='par_1_66' title="bbox 479 3510 2069 3586">
     <span class='ocr_line' id='line_1_66' title="bbox 479 3510 2069 3586; baseline -0.011 -14"><span class='ocrx_word' id='word_1_486' title='bbox 479 3517 638 3574; x_wconf 89' lang='lat' dir='ltr'><strong>formi</strong></span> <span class='ocrx_word' id='word_1_487' title='bbox 682 3515 1050 3586; x_wconf 76' lang='lat' dir='ltr'><strong>disputatione</strong></span> <span class='ocrx_word' id='word_1_488' title='bbox 1081 3511 1237 3578; x_wconf 83' lang='lat' dir='ltr'><strong>nobis</strong></span> <span class='ocrx_word' id='word_1_489' title='bbox 1267 3510 1551 3574; x_wconf 84' lang='lat' dir='ltr'><strong>videntur?</strong></span> <span class='ocrx_word' id='word_1_490' title='bbox 1579 3512 1724 3578; x_wconf 84' lang='lat' dir='ltr'><strong>Quos</strong></span> <span class='ocrx_word' id='word_1_491' title='bbox 1753 3513 1890 3570; x_wconf 73' lang='lat' dir='ltr'><strong>adeo</strong></span> <span class='ocrx_word' id='word_1_492' title='bbox 1923 3516 2069 3570; x_wconf 65' lang='lat' dir='ltr'><strong>sm-</strong></span> 
     </span>
    </p>
   </div>
   <div class='ocr_carea' id='block_1_67' title="bbox 476 3605 2070 3682">
    <p class='ocr_par' dir='ltr' id='par_1_67' title="bbox 476 3605 2070 3682">
     <span class='ocr_line' id='line_1_67' title="bbox 476 3605 2070 3682; baseline -0.003 -18"><span class='ocrx_word' id='word_1_493' title='bbox 476 3620 633 3682; x_wconf 82' lang='lat' dir='ltr'><strong>plura</strong></span> <span class='ocrx_word' id='word_1_494' title='bbox 663 3609 1025 3674; x_wconf 86' lang='lat' dir='ltr'><strong>condemnat,</strong></span> <span class='ocrx_word' id='word_1_495' title='bbox 1061 3616 1082 3644; x_wconf 80' lang='grc' dir='ltr'><strong>ο</strong></span> <span class='ocrx_word' id='word_1_496' title='bbox 1115 3614 1173 3659; x_wconf 86' lang='grc' dir='ltr'><strong>ιιι</strong></span> <span class='ocrx_word' id='word_1_497' title='bbox 1211 3619 1323 3670; x_wconf 78' lang='lat' dir='ltr'><strong>non</strong></span> <span class='ocrx_word' id='word_1_498' title='bbox 1383 3605 1707 3674; x_wconf 67' lang='lat' dir='ltr'><strong>praeterierit</strong></span> <span class='ocrx_word' id='word_1_499' title='bbox 1763 3622 1891 3674; x_wconf 91' lang='lat' dir='ltr'><strong>eos,</strong></span> <span class='ocrx_word' id='word_1_500' title='bbox 1935 3622 2070 3677; x_wconf 77' lang='lat' dir='ltr'><strong>quos</strong></span> 
     </span>
    </p>
   </div>
   <div class='ocr_carea' id='block_1_68' title="bbox 477 3696 2072 3773">
    <p class='ocr_par' dir='ltr' id='par_1_68' title="bbox 477 3696 2072 3773">
     <span class='ocr_line' id='line_1_68' title="bbox 477 3696 2072 3773; baseline 0 -15"><span class='ocrx_word' id='word_1_501' title='bbox 477 3702 772 3773; x_wconf 79' lang='lat' dir='ltr'><strong>Apostolus</strong></span> <span class='ocrx_word' id='word_1_502' title='bbox 809 3699 1206 3769; x_wconf 83' lang='lat' dir='ltr'><strong>redarguebat,</strong></span> <span class='ocrx_word' id='word_1_503' title='bbox 1271 3696 1485 3764; x_wconf 81' lang='lat' dir='ltr'><strong>dicente</strong></span> <span class='ocrx_word' id='word_1_504' title='bbox 1529 3697 1670 3764; x_wconf 78' lang='lat' dir='ltr'><strong>Luca</strong></span> <span class='ocrx_word' id='word_1_505' title='bbox 1734 3698 1786 3760; x_wconf 87' lang='lat' dir='ltr'><strong>in</strong></span> <span class='ocrx_word' id='word_1_506' title='bbox 1845 3699 2072 3758; x_wconf 82' lang='lat' dir='ltr'><strong>Actibus</strong></span> 
     </span>
    </p>
   </div>
   <div class='ocr_carea' id='block_1_69' title="bbox 477 3788 2069 3866">
    <p class='ocr_par' dir='ltr' id='par_1_69' title="bbox 477 3788 2069 3866">
     <span class='ocr_line' id='line_1_69' title="bbox 477 3788 2069 3866; baseline -0.002 -16"><span class='ocrx_word' id='word_1_507' title='bbox 477 3794 872 3866; x_wconf 83' lang='lat' dir='ltr'><strong>apostolorum,</strong></span> <span class='ocrx_word' id='word_1_508' title='bbox 889 3790 980 3859; x_wconf 89' lang='lat' dir='ltr'><strong>qui</strong></span> <span class='ocrx_word' id='word_1_509' title='bbox 1003 3805 1126 3845; x_wconf 87' lang='lat' dir='ltr'><strong>eum</strong></span> <span class='ocrx_word' id='word_1_510' title='bbox 1153 3789 1347 3844; x_wconf 90' lang='lat' dir='ltr'><strong>librum</strong></span> <span class='ocrx_word' id='word_1_511' title='bbox 1375 3788 1634 3844; x_wconf 86' lang='lat' dir='ltr'><strong>historico</strong></span> <span class='ocrx_word' id='word_1_512' title='bbox 1657 3791 1798 3861; x_wconf 87' lang='lat' dir='ltr'><strong>stylo</strong></span> <span class='ocrx_word' id='word_1_513' title='bbox 1819 3792 2069 3862; x_wconf 85' lang='lat' dir='ltr'><strong>scripsit:</strong></span> 
     </span>
    </p>
   </div>
   <div class='ocr_carea' id='block_1_70' title="bbox 475 3880 2070 3958">
    <p class='ocr_par' dir='ltr' id='par_1_70' title="bbox 475 3880 2070 3958">
     <span class='ocr_line' id='line_1_70' title="bbox 475 3880 2070 3958; baseline -0.011 -14"><span class='ocrx_word' id='word_1_514' title='bbox 475 3887 701 3958; x_wconf 82' lang='lat' dir='ltr'><strong>Quidam</strong></span> <span class='ocrx_word' id='word_1_515' title='bbox 733 3894 913 3946; x_wconf 82' lang='lat' dir='ltr'><strong>autem</strong></span> <span class='ocrx_word' id='word_1_516' title='bbox 944 3881 1181 3953; x_wconf 85' lang='lat' dir='ltr'><strong>epicurei</strong></span> <span class='ocrx_word' id='word_1_517' title='bbox 1213 3891 1269 3937; x_wconf 92' lang='lat' dir='ltr'><strong>et</strong></span> <span class='ocrx_word' id='word_1_518' title='bbox 1300 3881 1459 3936; x_wconf 87' lang='lat' dir='ltr'><strong>stoici</strong></span> <span class='ocrx_word' id='word_1_519' title='bbox 1486 3880 1798 3952; x_wconf 81' lang='lat' dir='ltr'><strong>philosophi</strong></span> <span class='ocrx_word' id='word_1_520' title='bbox 1825 3884 2070 3954; x_wconf 77' lang='lat' dir='ltr'><strong>disputa.</strong></span> 
     </span>
    </p>
   </div>
   <div class='ocr_carea' id='block_1_71' title="bbox 477 3973 2072 4045">
    <p class='ocr_par' dir='ltr' id='par_1_71' title="bbox 477 3973 2072 4045">
     <span class='ocr_line' id='line_1_71' title="bbox 477 3973 2072 4045; baseline 0.003 -15"><span class='ocrx_word' id='word_1_521' title='bbox 477 3980 606 4036; x_wconf 85' lang='lat' dir='ltr'><strong>bant</strong></span> <span class='ocrx_word' id='word_1_522' title='bbox 629 3991 753 4033; x_wconf 90' lang='lat' dir='ltr'><strong>cum</strong></span> <span class='ocrx_word' id='word_1_523' title='bbox 779 3990 864 4044; x_wconf 87' lang='lat' dir='ltr'><strong>eo,</strong></span> <span class='ocrx_word' id='word_1_524' title='bbox 898 3983 954 4032; x_wconf 92' lang='lat' dir='ltr'><strong>et</strong></span> <span class='ocrx_word' id='word_1_525' title='bbox 979 3973 1200 4045; x_wconf 77' lang='lat' dir='ltr'><strong>quidam</strong></span> <span class='ocrx_word' id='word_1_526' title='bbox 1238 3973 1490 4040; x_wconf 83' lang='lat' dir='ltr'><strong>dicebant</strong></span> <span class='ocrx_word' id='word_1_527' title='bbox 1515 3990 1530 4026; x_wconf 91' lang='lat'><strong><em>:</em></strong></span> <span class='ocrx_word' id='word_1_528' title='bbox 1560 3974 1699 4040; x_wconf 75' lang='lat' dir='ltr'><strong>Quid</strong></span> <span class='ocrx_word' id='word_1_529' title='bbox 1723 3977 1820 4038; x_wconf 71' lang='lat' dir='ltr'><strong>sibi</strong></span> <span class='ocrx_word' id='word_1_530' title='bbox 1848 3979 1950 4032; x_wconf 80' lang='lat' dir='ltr'><strong>vult</strong></span> <span class='ocrx_word' id='word_1_531' title='bbox 1988 3980 2072 4042; x_wconf 61' lang='lat' dir='ltr'><strong>hic</strong></span> 
     </span>
    </p>
   </div>
   <div class='ocr_carea' id='block_1_72' title="bbox 552 4112 2052 4189">
    <p class='ocr_par' dir='ltr' id='par_1_72' title="bbox 552 4112 2052 4189">
     <span class='ocr_line' id='line_1_72' title="bbox 552 4112 2052 4189; baseline 0.013 -35"><span class='ocrx_word' id='word_1_532' title='bbox 552 4126 577 4154; x_wconf 73' lang='grc' dir='ltr'>α</span> <span class='ocrx_word' id='word_1_533' title='bbox 599 4114 752 4183; x_wconf 83' lang='lat' dir='ltr'><strong>Quod</strong></span> <span class='ocrx_word' id='word_1_534' title='bbox 783 4131 814 4170; x_wconf 88' lang='lat' dir='ltr'><strong>e</strong></span> <span class='ocrx_word' id='word_1_535' title='bbox 833 4114 1172 4189; x_wconf 67' lang='lat' dir='ltr'><strong>Demarcho</strong></span> <span class='ocrx_word' id='word_1_536' title='bbox 1193 4112 1286 4189; x_wconf 63' lang='lat' dir='ltr'><strong>hic</strong></span> <span class='ocrx_word' id='word_1_537' title='bbox 1329 4114 1497 4169; x_wconf 81' lang='lat' dir='ltr'><strong>refert</strong></span> <span class='ocrx_word' id='word_1_538' title='bbox 1525 4114 1843 4189; x_wconf 73' lang='lat' dir='ltr'><strong>Ambrosius</strong></span> <span class='ocrx_word' id='word_1_539' title='bbox 1865 4158 1880 4182; x_wconf 89' lang='lat'><strong>,</strong></span> <span class='ocrx_word' id='word_1_540' title='bbox 1923 4119 2052 4189; x_wconf 84' lang='lat' dir='ltr'><strong>legi-</strong></span> 
     </span>
    </p>
   </div>
   <div class='ocr_carea' id='block_1_73' title="bbox 479 4183 2060 4258">
    <p class='ocr_par' dir='ltr' id='par_1_73' title="bbox 479 4183 2060 4258">
     <span class='ocr_line' id='line_1_73' title="bbox 479 4183 2060 4258; baseline 0.003 -18"><span class='ocrx_word' id='word_1_541' title='bbox 479 4197 567 4242; x_wconf 86' lang='lat' dir='ltr'><strong>tur</strong></span> <span class='ocrx_word' id='word_1_542' title='bbox 582 4201 797 4258; x_wconf 85' lang='lat' dir='ltr'><strong>quo_que</strong></span> <span class='ocrx_word' id='word_1_543' title='bbox 832 4186 884 4258; x_wconf 63' lang='lat' dir='ltr'><strong>in</strong></span> <span class='ocrx_word' id='word_1_544' title='bbox 913 4185 1075 4258; x_wconf 84' lang='lat' dir='ltr'><strong>epist_.</strong></span> <span class='ocrx_word' id='word_1_545' title='bbox 1107 4183 1185 4258; x_wconf 71' lang='lat' dir='ltr'><strong>ad</strong></span> <span class='ocrx_word' id='word_1_546' title='bbox 1221 4184 1550 4258; x_wconf 57' lang='lat' dir='ltr'><strong>Menmceum</strong></span> <span class='ocrx_word' id='word_1_547' title='bbox 1592 4187 1702 4255; x_wconf 78' lang='lat' dir='ltr'><strong>iam</strong></span> <span class='ocrx_word' id='word_1_548' title='bbox 1757 4203 1861 4242; x_wconf 88' lang='lat' dir='ltr'><strong>non</strong></span> <span class='ocrx_word' id='word_1_549' title='bbox 1893 4183 2060 4244; x_wconf 74' lang='lat' dir='ltr'><strong>semel</strong></span> 
     </span>
    </p>
   </div>
   <div class='ocr_carea' id='block_1_74' title="bbox 474 4254 2060 4326">
    <p class='ocr_par' dir='ltr' id='par_1_74' title="bbox 474 4254 2060 4326">
     <span class='ocr_line' id='line_1_74' title="bbox 474 4254 2060 4326; baseline 0 -12"><span class='ocrx_word' id='word_1_550' title='bbox 474 4254 656 4314; x_wconf 77' lang='lat' dir='ltr'><strong>citata.</strong></span> <span class='ocrx_word' id='word_1_551' title='bbox 683 4254 741 4314; x_wconf 83' lang='lat' dir='ltr'><strong>1d</strong></span> <span class='ocrx_word' id='word_1_552' title='bbox 771 4273 800 4310; x_wconf 90' lang='lat' dir='ltr'><strong>a</strong></span> <span class='ocrx_word' id='word_1_553' title='bbox 827 4254 1108 4316; x_wconf 84' lang='lat' dir='ltr'><strong>Gassendo</strong></span> <span class='ocrx_word' id='word_1_554' title='bbox 1133 4255 1226 4326; x_wconf 73' lang='lat' dir='ltr'><strong>lib.</strong></span> <span class='ocrx_word' id='word_1_555' title='bbox 1258 4271 1315 4310; x_wconf 89' lang='grc' dir='ltr'><strong>ιιι</strong></span> <span class='ocrx_word' id='word_1_556' title='bbox 1347 4255 1415 4320; x_wconf 81' lang='lat' dir='ltr'><strong>de</strong></span> <span class='ocrx_word' id='word_1_557' title='bbox 1441 4255 1557 4312; x_wconf 86' lang='lat' dir='ltr'><strong>Vita</strong></span> <span class='ocrx_word' id='word_1_558' title='bbox 1590 4254 1759 4326; x_wconf 76' lang='lat' dir='ltr'><strong>episc.</strong></span> <span class='ocrx_word' id='word_1_559' title='bbox 1799 4261 2060 4316; x_wconf 84' lang='lat' dir='ltr'><strong>observa-</strong></span> 
     </span>
    </p>
   </div>
   <div class='ocr_carea' id='block_1_75' title="bbox 481 4315 2061 4398">
    <p class='ocr_par' dir='ltr' id='par_1_75' title="bbox 481 4315 2061 4398">
     <span class='ocr_line' id='line_1_75' title="bbox 481 4315 2061 4398; baseline 0.003 -16"><span class='ocrx_word' id='word_1_560' title='bbox 481 4341 591 4386; x_wconf 89' lang='lat' dir='ltr'><strong>tum</strong></span> <span class='ocrx_word' id='word_1_561' title='bbox 617 4335 722 4388; x_wconf 85' lang='lat' dir='ltr'><strong>est.</strong></span> <span class='ocrx_word' id='word_1_562' title='bbox 752 4327 837 4398; x_wconf 70' lang='lat' dir='ltr'><strong>ubi</strong></span> <span class='ocrx_word' id='word_1_563' title='bbox 852 4326 1104 4398; x_wconf 71' lang='lat' dir='ltr'><strong>ejusdem</strong></span> <span class='ocrx_word' id='word_1_564' title='bbox 1139 4315 1642 4382; x_wconf 79' lang='lat' dir='ltr'><strong>Demarcbimeutio</strong></span> <span class='ocrx_word' id='word_1_565' title='bbox 1663 4315 1888 4398; x_wconf 75' lang='lat' dir='ltr'><strong>negatur</strong></span> <span class='ocrx_word' id='word_1_566' title='bbox 1908 4315 2061 4398; x_wconf 80' lang='lat' dir='ltr'><strong>alibi,</strong></span> 
     </span>
    </p>
   </div>
   <div class='ocr_carea' id='block_1_76' title="bbox 478 4395 2063 4470">
    <p class='ocr_par' dir='ltr' id='par_1_76' title="bbox 478 4395 2063 4470">
     <span class='ocr_line' id='line_1_76' title="bbox 478 4395 2063 4470; baseline 0.003 -18"><span class='ocrx_word' id='word_1_567' title='bbox 478 4415 640 4470; x_wconf 81' lang='lat' dir='ltr'><strong>quam</strong></span> <span class='ocrx_word' id='word_1_568' title='bbox 677 4395 818 4466; x_wconf 91' lang='lat' dir='ltr'><strong>apud</strong></span> <span class='ocrx_word' id='word_1_569' title='bbox 851 4395 1153 4470; x_wconf 56' lang='lat' dir='ltr'><strong>Doctoretti</strong></span> <span class='ocrx_word' id='word_1_570' title='bbox 1190 4406 1432 4452; x_wconf 83' lang='lat' dir='ltr'><strong>nostrum</strong></span> <span class='ocrx_word' id='word_1_571' title='bbox 1464 4437 1477 4458; x_wconf 86' lang='lat'><strong>,</strong></span> <span class='ocrx_word' id='word_1_572' title='bbox 1508 4395 1757 4470; x_wconf 70' lang='lat' dir='ltr'><strong>usquam</strong></span> <span class='ocrx_word' id='word_1_573' title='bbox 1781 4400 1921 4455; x_wconf 86' lang='lat' dir='ltr'><strong>fieri.</strong></span> <span class='ocrx_word' id='word_1_574' title='bbox 1955 4395 2063 4457; x_wconf 80' lang='lat' dir='ltr'><strong>Sed</strong></span> 
     </span>
    </p>
   </div>
   <div class='ocr_carea' id='block_1_77' title="bbox 477 4463 2066 4540">
    <p class='ocr_par' dir='ltr' id='par_1_77' title="bbox 477 4463 2066 4540">
     <span class='ocr_line' id='line_1_77' title="bbox 477 4463 2066 4540; baseline 0.003 -19"><span class='ocrx_word' id='word_1_575' title='bbox 477 4463 678 4540; x_wconf 74' lang='grc' dir='ltr'>ὀρνιᾱο</span> <span class='ocrx_word' id='word_1_576' title='bbox 706 4463 865 4540; x_wconf 69' lang='lat' dir='ltr'><strong>quam</strong></span> <span class='ocrx_word' id='word_1_577' title='bbox 908 4463 1189 4540; x_wconf 76' lang='lat' dir='ltr'><strong>probabile</strong></span> <span class='ocrx_word' id='word_1_578' title='bbox 1215 4475 1440 4540; x_wconf 59' lang='lat' dir='ltr'><strong>estnon</strong></span> <span class='ocrx_word' id='word_1_579' title='bbox 1469 4463 1635 4540; x_wconf 71' lang='lat' dir='ltr'><strong>alium</strong></span> <span class='ocrx_word' id='word_1_580' title='bbox 1671 4468 1816 4528; x_wconf 85' lang='lat' dir='ltr'><strong>hunc</strong></span> <span class='ocrx_word' id='word_1_581' title='bbox 1845 4485 1966 4528; x_wconf 88' lang='lat' dir='ltr'><strong>esse</strong></span> <span class='ocrx_word' id='word_1_582' title='bbox 1997 4472 2066 4538; x_wconf 82' lang='lat' dir='ltr'><strong>ab</strong></span> 
     </span>
    </p>
   </div>
   <div class='ocr_carea' id='block_1_78' title="bbox 2179 3248 3768 3323">
    <p class='ocr_par' dir='ltr' id='par_1_78' title="bbox 2179 3248 3768 3323">
     <span class='ocr_line' id='line_1_78' title="bbox 2179 3248 3768 3323; baseline 0.004 -21"><span class='ocrx_word' id='word_1_583' title='bbox 2179 3262 2373 3317; x_wconf 88' lang='lat' dir='ltr'><strong>perare</strong></span> <span class='ocrx_word' id='word_1_584' title='bbox 2409 3248 2642 3314; x_wconf 82' lang='lat' dir='ltr'><strong>solitos;</strong></span> <span class='ocrx_word' id='word_1_585' title='bbox 2693 3258 2752 3304; x_wconf 86' lang='lat' dir='ltr'><strong>ut</strong></span> <span class='ocrx_word' id='word_1_586' title='bbox 2790 3250 2973 3319; x_wconf 81' lang='lat' dir='ltr'><strong>jejuna</strong></span> <span class='ocrx_word' id='word_1_587' title='bbox 3001 3251 3145 3318; x_wconf 80' lang='lat' dir='ltr'><strong>fame</strong></span> <span class='ocrx_word' id='word_1_588' title='bbox 3175 3269 3268 3307; x_wconf 89' lang='lat' dir='ltr'><strong>ora</strong></span> <span class='ocrx_word' id='word_1_589' title='bbox 3318 3252 3677 3323; x_wconf 83' lang='lat' dir='ltr'><strong>suspendant,</strong></span> <span class='ocrx_word' id='word_1_590' title='bbox 3717 3253 3768 3308; x_wconf 89' lang='lat' dir='ltr'><strong>si</strong></span> 
     </span>
    </p>
   </div>
   <div class='ocr_carea' id='block_1_79' title="bbox 2176 3337 3766 3412">
    <p class='ocr_par' dir='ltr' id='par_1_79' title="bbox 2176 3337 3766 3412">
     <span class='ocr_line' id='line_1_79' title="bbox 2176 3337 3766 3412; baseline 0.004 -20"><span class='ocrx_word' id='word_1_591' title='bbox 2176 3337 2474 3408; x_wconf 80' lang='lat' dir='ltr'><strong>imperetur</strong></span> <span class='ocrx_word' id='word_1_592' title='bbox 2515 3340 2863 3398; x_wconf 83' lang='lat' dir='ltr'><strong>abstinentia.</strong></span> <span class='ocrx_word' id='word_1_593' title='bbox 2899 3342 2980 3396; x_wconf 77' lang='lat' dir='ltr'><strong>Ab</strong></span> <span class='ocrx_word' id='word_1_594' title='bbox 3006 3340 3110 3398; x_wconf 82' lang='lat' dir='ltr'><strong>hoc</strong></span> <span class='ocrx_word' id='word_1_595' title='bbox 3138 3343 3302 3412; x_wconf 81' lang='lat' dir='ltr'><strong>igitur</strong></span> <span class='ocrx_word' id='word_1_596' title='bbox 3325 3352 3644 3398; x_wconf 78' lang='lat' dir='ltr'><strong>revocantur</strong></span> <span class='ocrx_word' id='word_1_597' title='bbox 3662 3342 3766 3398; x_wconf 87' lang='lat' dir='ltr'><strong>hn-</strong></span> 
     </span>
    </p>
   </div>
   <div class='ocr_carea' id='block_1_80' title="bbox 2178 3432 3766 3506">
    <p class='ocr_par' dir='ltr' id='par_1_80' title="bbox 2178 3432 3766 3506">
     <span class='ocr_line' id='line_1_80' title="bbox 2178 3432 3766 3506; baseline 0.003 -21"><span class='ocrx_word' id='word_1_598' title='bbox 2178 3433 2375 3495; x_wconf 86' lang='lat' dir='ltr'><strong>miues,</strong></span> <span class='ocrx_word' id='word_1_599' title='bbox 2413 3432 2558 3501; x_wconf 86' lang='lat' dir='ltr'><strong>quod</strong></span> <span class='ocrx_word' id='word_1_600' title='bbox 2610 3432 2919 3488; x_wconf 82' lang='lat' dir='ltr'><strong>didicerunt</strong></span> <span class='ocrx_word' id='word_1_601' title='bbox 2943 3449 3041 3503; x_wconf 90' lang='lat' dir='ltr'><strong>per</strong></span> <span class='ocrx_word' id='word_1_602' title='bbox 3083 3433 3358 3504; x_wconf 76' lang='lat' dir='ltr'><strong>hominem</strong></span> <span class='ocrx_word' id='word_1_603' title='bbox 3399 3433 3564 3506; x_wconf 83' lang='lat' dir='ltr'><strong>etiam</strong></span> <span class='ocrx_word' id='word_1_604' title='bbox 3603 3443 3766 3492; x_wconf 78' lang='lat' dir='ltr'><strong>mutae</strong></span> 
     </span>
    </p>
   </div>
   <div class='ocr_carea' id='block_1_81' title="bbox 2177 3524 2920 3593">
    <p class='ocr_par' dir='ltr' id='par_1_81' title="bbox 2177 3524 2920 3593">
     <span class='ocr_line' id='line_1_81' title="bbox 2177 3524 2920 3593; baseline 0 -15"><span class='ocrx_word' id='word_1_605' title='bbox 2177 3538 2285 3578; x_wconf 86' lang='lat' dir='ltr'><strong>non</strong></span> <span class='ocrx_word' id='word_1_606' title='bbox 2321 3524 2661 3593; x_wconf 66' lang='lat' dir='ltr'><strong>praevaricari</strong></span> <span class='ocrx_word' id='word_1_607' title='bbox 2693 3526 2920 3579; x_wconf 82' lang='lat' dir='ltr'><strong>bestiae?</strong></span> 
     </span>
    </p>
   </div>
   <div class='ocr_carea' id='block_1_82' title="bbox 2247 3608 3875 3690">
    <p class='ocr_par' dir='ltr' id='par_1_82' title="bbox 2247 3608 3875 3690">
     <span class='ocr_line' id='line_1_82' title="bbox 2247 3608 3875 3690; baseline 0.002 -19"><span class='ocrx_word' id='word_1_608' title='bbox 2247 3617 2338 3672; x_wconf 72' lang='lat'><strong>26.</strong></span> <span class='ocrx_word' id='word_1_609' title='bbox 2378 3617 2518 3683; x_wconf 83' lang='lat' dir='ltr'><strong>Quid</strong></span> <span class='ocrx_word' id='word_1_610' title='bbox 2561 3629 2744 3674; x_wconf 79' lang='lat' dir='ltr'><strong>autem</strong></span> <span class='ocrx_word' id='word_1_611' title='bbox 2774 3619 3053 3689; x_wconf 78' lang='lat' dir='ltr'><strong>pulchrius</strong></span> <span class='ocrx_word' id='word_1_612' title='bbox 3095 3620 3445 3685; x_wconf 80' lang='lat' dir='ltr'><strong>abstinentia,</strong></span> <span class='ocrx_word' id='word_1_613' title='bbox 3493 3635 3614 3690; x_wconf 74' lang='lat' dir='ltr'><strong>quat</strong></span> <span class='ocrx_word' id='word_1_614' title='bbox 3639 3620 3768 3676; x_wconf 89' lang='lat' dir='ltr'><strong>facit</strong></span> <span class='ocrx_word' id='word_1_615' title='bbox 3871 3608 3875 3611; x_wconf 61' lang='grc'><em>’</em></span> 
     </span>
    </p>
   </div>
   <div class='ocr_carea' id='block_1_83' title="bbox 2178 3709 3769 3779">
    <p class='ocr_par' dir='ltr' id='par_1_83' title="bbox 2178 3709 3769 3779">
     <span class='ocr_line' id='line_1_83' title="bbox 2178 3709 3769 3779; baseline 0.004 -17"><span class='ocrx_word' id='word_1_616' title='bbox 2178 3709 2338 3766; x_wconf 87' lang='lat' dir='ltr'><strong>etiam</strong></span> <span class='ocrx_word' id='word_1_617' title='bbox 2361 3709 2663 3777; x_wconf 74' lang='lat' dir='ltr'><strong>iuventutis</strong></span> <span class='ocrx_word' id='word_1_618' title='bbox 2691 3725 2864 3766; x_wconf 86' lang='lat' dir='ltr'><strong>annos</strong></span> <span class='ocrx_word' id='word_1_619' title='bbox 2889 3725 3208 3779; x_wconf 83' lang='lat' dir='ltr'><strong>senescere;</strong></span> <span class='ocrx_word' id='word_1_620' title='bbox 3242 3721 3302 3772; x_wconf 85' lang='grc' dir='ltr'><strong>ιιι</strong></span> <span class='ocrx_word' id='word_1_621' title='bbox 3329 3712 3422 3770; x_wconf 76' lang='lat' dir='ltr'><strong>ﬂat</strong></span> <span class='ocrx_word' id='word_1_622' title='bbox 3449 3728 3659 3776; x_wconf 85' lang='lat' dir='ltr'><strong>morum</strong></span> <span class='ocrx_word' id='word_1_623' title='bbox 3683 3727 3769 3769; x_wconf 89' lang='lat' dir='ltr'><strong>se-</strong></span> 
     </span>
    </p>
   </div>
   <div class='ocr_carea' id='block_1_84' title="bbox 2178 3800 3764 3872">
    <p class='ocr_par' dir='ltr' id='par_1_84' title="bbox 2178 3800 3764 3872">
     <span class='ocr_line' id='line_1_84' title="bbox 2178 3800 3764 3872; baseline 0.002 -18"><span class='ocrx_word' id='word_1_624' title='bbox 2178 3801 2402 3854; x_wconf 79' lang='lat' dir='ltr'><strong>nectus?</strong></span> <span class='ocrx_word' id='word_1_625' title='bbox 2448 3800 2692 3872; x_wconf 73' lang='lat' dir='ltr'><strong>Namque</strong></span> <span class='ocrx_word' id='word_1_626' title='bbox 2725 3812 2788 3857; x_wconf 82' lang='lat' dir='ltr'><strong>ut</strong></span> <span class='ocrx_word' id='word_1_627' title='bbox 2815 3803 3174 3860; x_wconf 77' lang='lat' dir='ltr'><strong>redundantia</strong></span> <span class='ocrx_word' id='word_1_628' title='bbox 3221 3805 3461 3861; x_wconf 89' lang='lat' dir='ltr'><strong>ciborum</strong></span> <span class='ocrx_word' id='word_1_629' title='bbox 3489 3819 3559 3860; x_wconf 86' lang='lat' dir='ltr'><strong>ac</strong></span> <span class='ocrx_word' id='word_1_630' title='bbox 3589 3812 3764 3859; x_wconf 89' lang='lat' dir='ltr'><strong>temu-</strong></span> 
     </span>
    </p>
   </div>
   <div class='ocr_carea' id='block_1_85' title="bbox 2176 3891 3765 3967">
    <p class='ocr_par' dir='ltr' id='par_1_85' title="bbox 2176 3891 3765 3967">
     <span class='ocr_line' id='line_1_85' title="bbox 2176 3891 3765 3967; baseline 0.004 -22"><span class='ocrx_word' id='word_1_631' title='bbox 2176 3891 2344 3947; x_wconf 89' lang='lat' dir='ltr'><strong>lentia</strong></span> <span class='ocrx_word' id='word_1_632' title='bbox 2389 3894 2551 3950; x_wconf 79' lang='lat' dir='ltr'><strong>etiam</strong></span> <span class='ocrx_word' id='word_1_633' title='bbox 2587 3897 2854 3951; x_wconf 88' lang='lat' dir='ltr'><strong>maturior</strong></span> <span class='ocrx_word' id='word_1_634' title='bbox 2905 3906 3038 3954; x_wconf 63' lang='lat' dir='ltr'><strong>aetas</strong></span> <span class='ocrx_word' id='word_1_635' title='bbox 3076 3898 3328 3962; x_wconf 82' lang='lat' dir='ltr'><strong>calescit;</strong></span> <span class='ocrx_word' id='word_1_636' title='bbox 3375 3899 3452 3954; x_wconf 79' lang='lat' dir='ltr'><strong>ita</strong></span> <span class='ocrx_word' id='word_1_637' title='bbox 3488 3899 3765 3967; x_wconf 80' lang='lat' dir='ltr'><strong>mitigatur</strong></span> 
     </span>
    </p>
   </div>
   <div class='ocr_carea' id='block_1_86' title="bbox 2171 3984 3762 4063">
    <p class='ocr_par' dir='ltr' id='par_1_86' title="bbox 2171 3984 3762 4063">
     <span class='ocr_line' id='line_1_86' title="bbox 2171 3984 3762 4063; baseline 0.006 -25"><span class='ocrx_word' id='word_1_638' title='bbox 2171 3984 2470 4055; x_wconf 70' lang='lat' dir='ltr'><strong>iuventutis</strong></span> <span class='ocrx_word' id='word_1_639' title='bbox 2493 3987 2746 4046; x_wconf 83' lang='lat' dir='ltr'><strong>feroci-tas</strong></span> <span class='ocrx_word' id='word_1_640' title='bbox 2779 3990 3064 4061; x_wconf 76' lang='lat' dir='ltr'><strong>epularum</strong></span> <span class='ocrx_word' id='word_1_641' title='bbox 3093 3992 3450 4062; x_wconf 83' lang='lat' dir='ltr'><strong>parcimonia,</strong></span> <span class='ocrx_word' id='word_1_642' title='bbox 3485 3992 3498 4030; x_wconf 76' lang='grc' dir='ltr'><strong>ί</strong></span> <span class='ocrx_word' id='word_1_643' title='bbox 3533 3993 3762 4063; x_wconf 84' lang='lat' dir='ltr'><strong>irriguo-</strong></span> 
     </span>
    </p>
   </div>
   <div class='ocr_carea' id='block_1_87' title="bbox 2167 4125 3756 4200">
    <p class='ocr_par' dir='ltr' id='par_1_87' title="bbox 2167 4125 3756 4200">
     <span class='ocr_line' id='line_1_87' title="bbox 2167 4125 3756 4200; baseline 0.006 -24"><span class='ocrx_word' id='word_1_644' title='bbox 2167 4125 2316 4200; x_wconf 67' lang='lat' dir='ltr'><strong>mule.</strong></span> <span class='ocrx_word' id='word_1_645' title='bbox 2342 4125 2495 4180; x_wconf 88' lang='lat' dir='ltr'><strong>Adeo</strong></span> <span class='ocrx_word' id='word_1_646' title='bbox 2526 4126 2763 4200; x_wconf 76' lang='lat' dir='ltr'><strong>librariis</strong></span> <span class='ocrx_word' id='word_1_647' title='bbox 2797 4129 3040 4194; x_wconf 91' lang='lat' dir='ltr'><strong>proclive</strong></span> <span class='ocrx_word' id='word_1_648' title='bbox 3077 4136 3196 4183; x_wconf 90' lang='lat' dir='ltr'><strong>erat</strong></span> <span class='ocrx_word' id='word_1_649' title='bbox 3238 4129 3290 4183; x_wconf 91' lang='lat' dir='ltr'><strong>in</strong></span> <span class='ocrx_word' id='word_1_650' title='bbox 3320 4130 3554 4200; x_wconf 88' lang='lat' dir='ltr'><strong>propriis</strong></span> <span class='ocrx_word' id='word_1_651' title='bbox 3581 4130 3756 4185; x_wconf 82' lang='lat' dir='ltr'><strong>nomi-</strong></span> 
     </span>
    </p>
   </div>
   <div class='ocr_carea' id='block_1_88' title="bbox 2167 4195 3760 4265">
    <p class='ocr_par' dir='ltr' id='par_1_88' title="bbox 2167 4195 3760 4265">
     <span class='ocr_line' id='line_1_88' title="bbox 2167 4195 3760 4265; baseline 0.004 -17"><span class='ocrx_word' id='word_1_652' title='bbox 2167 4195 2327 4249; x_wconf 84' lang='lat' dir='ltr'><strong>nibus</strong></span> <span class='ocrx_word' id='word_1_653' title='bbox 2359 4211 2604 4264; x_wconf 85' lang='lat' dir='ltr'><strong>peccare.</strong></span> <span class='ocrx_word' id='word_1_654' title='bbox 2636 4197 2750 4253; x_wconf 81' lang='lat' dir='ltr'><strong>Non</strong></span> <span class='ocrx_word' id='word_1_655' title='bbox 2779 4199 2871 4253; x_wconf 85' lang='lat' dir='ltr'><strong>hic</strong></span> <span class='ocrx_word' id='word_1_656' title='bbox 2898 4209 3076 4253; x_wconf 77' lang='lat' dir='ltr'><strong>autem</strong></span> <span class='ocrx_word' id='word_1_657' title='bbox 3107 4195 3437 4265; x_wconf 50' lang='lat' dir='ltr'><strong>solumfsed</strong></span> <span class='ocrx_word' id='word_1_658' title='bbox 3463 4202 3594 4256; x_wconf 75' lang='lat' dir='ltr'><strong>alibi</strong></span> <span class='ocrx_word' id='word_1_659' title='bbox 3625 4217 3760 4265; x_wconf 87' lang='lat' dir='ltr'><strong>quo-</strong></span> 
     </span>
    </p>
   </div>
   <div class='ocr_carea' id='block_1_89' title="bbox 2167 4266 3762 4391">
    <p class='ocr_par' dir='ltr' id='par_1_89' title="bbox 2167 4266 3762 4391">
     <span class='ocr_line' id='line_1_89' title="bbox 2167 4266 3762 4390; baseline 0.006 -73"><span class='ocrx_word' id='word_1_660' title='bbox 2167 4266 2575 4390; x_wconf 45' lang='lat' dir='ltr'><strong>‘q‘uebDatparim</strong></span> <span class='ocrx_word' id='word_1_661' title='bbox 2625 4268 2862 4339; x_wconf 85' lang='lat' dir='ltr'><strong>Dionysii</strong></span> <span class='ocrx_word' id='word_1_662' title='bbox 2915 4271 3251 4341; x_wconf 74' lang='lat' dir='ltr'><strong>are0pagitte</strong></span> <span class='ocrx_word' id='word_1_663' title='bbox 3295 4273 3582 4343; x_wconf 72' lang='lat' dir='ltr'><strong>coniugem</strong></span> <span class='ocrx_word' id='word_1_664' title='bbox 3634 4266 3762 4328; x_wconf 85' lang='lat' dir='ltr'><strong>facit</strong></span> 
     </span>
     <span class='ocr_line' id='line_1_90' title="bbox 2222 4351 2511 4391; baseline 0 -2"><span class='ocrx_word' id='word_1_665' title='bbox 2222 4351 2270 4389; x_wconf 86' lang='grc' dir='ltr'><strong>ιιι</strong></span> <span class='ocrx_word' id='word_1_666' title='bbox 2315 4352 2511 4391; x_wconf 61' lang='grc' dir='ltr'><strong>τοειιιε.</strong></span> 
     </span>
    </p>
   </div>
   <div class='ocr_carea' id='block_1_90' title="bbox 2246 4374 3758 4480">
    <p class='ocr_par' dir='ltr' id='par_1_90' title="bbox 2246 4374 3758 4480">
     <span class='ocr_line' id='line_1_91' title="bbox 2246 4374 3758 4480; baseline 0.005 -19"><span class='ocrx_word' id='word_1_667' title='bbox 2246 4374 2684 4480; x_wconf 79' lang='lat' dir='ltr'><strong>ed_it.,</strong></span> <span class='ocrx_word' id='word_1_668' title='bbox 2726 4409 2865 4476; x_wconf 78' lang='lat' dir='ltr'><strong>Quid</strong></span> <span class='ocrx_word' id='word_1_669' title='bbox 2900 4421 2975 4464; x_wconf 78' lang='lat' dir='ltr'><strong>est</strong></span> <span class='ocrx_word' id='word_1_670' title='bbox 3003 4412 3138 4480; x_wconf 76' lang='lat' dir='ltr'><strong>quod</strong></span> <span class='ocrx_word' id='word_1_671' title='bbox 3161 4423 3433 4480; x_wconf 68' lang='lat' dir='ltr'><strong>auertunt;</strong></span> <span class='ocrx_word' id='word_1_672' title='bbox 3461 4428 3586 4467; x_wconf 89' lang='lat' dir='ltr'><strong>cum</strong></span> <span class='ocrx_word' id='word_1_673' title='bbox 3629 4430 3758 4469; x_wconf 83' lang='lat' dir='ltr'><strong>mss.</strong></span> 
     </span>
    </p>
   </div>
   <div class='ocr_carea' id='block_1_91' title="bbox 2171 4477 3762 4551">
    <p class='ocr_par' dir='ltr' id='par_1_91' title="bbox 2171 4477 3762 4551">
     <span class='ocr_line' id='line_1_92' title="bbox 2171 4477 3762 4551; baseline 0.006 -20"><span class='ocrx_word' id='word_1_674' title='bbox 2171 4477 2452 4551; x_wconf 75' lang='lat' dir='ltr'><strong>omittunt,</strong></span> <span class='ocrx_word' id='word_1_675' title='bbox 2476 4478 2600 4548; x_wconf 74' lang='lat' dir='ltr'><strong>quid</strong></span> <span class='ocrx_word' id='word_1_676' title='bbox 2626 4488 2718 4542; x_wconf 80' lang='lat' dir='ltr'><strong>est,</strong></span> <span class='ocrx_word' id='word_1_677' title='bbox 2743 4491 2796 4532; x_wconf 92' lang='lat' dir='ltr'><strong>at</strong></span> <span class='ocrx_word' id='word_1_678' title='bbox 2827 4477 3072 4534; x_wconf 83' lang='lat' dir='ltr'><strong>nonnulli</strong></span> <span class='ocrx_word' id='word_1_679' title='bbox 3099 4497 3194 4551; x_wconf 80' lang='lat' dir='ltr'><strong>pro</strong></span> <span class='ocrx_word' id='word_1_680' title='bbox 3209 4477 3633 4551; x_wconf 67' lang='lat' dir='ltr'><strong>quodasaerunt,</strong></span> <span class='ocrx_word' id='word_1_681' title='bbox 3667 4485 3762 4541; x_wconf 55' lang='lat' dir='ltr'><strong>hac</strong></span> 
     </span>
    </p>
   </div>
   <div class='ocr_carea' id='block_1_92' title="bbox 478 4533 3762 4638">
    <p class='ocr_par' dir='ltr' id='par_1_92' title="bbox 478 4533 3762 4638">
     <span class='ocr_line' id='line_1_93' title="bbox 478 4533 3762 4638; baseline 0.004 -42"><span class='ocrx_word' id='word_1_682' title='bbox 478 4533 780 4638; x_wconf 37' lang='lat' dir='ltr'><strong>ﬁerinam-tat)</strong></span> <span class='ocrx_word' id='word_1_683' title='bbox 795 4533 1053 4638; x_wconf 40' lang='grc' dir='ltr'><strong>αξξρίίξῖξῖί.</strong></span> <span class='ocrx_word' id='word_1_684' title='bbox 1094 4533 1804 4638; x_wconf 36' lang='lat' dir='ltr'><strong>fatigatio</strong></span> <span class='ocrx_word' id='word_1_685' title='bbox 1835 4553 1990 4638; x_wconf 47' lang='lat' dir='ltr'><strong>serata.</strong></span> <span class='ocrx_word' id='word_1_686' title='bbox 2001 4533 2069 4599; x_wconf 69' lang='grc' dir='ltr'>ἐι</span> <span class='ocrx_word' id='word_1_687' title='bbox 2093 4569 2146 4638; x_wconf 74' lang='lat' dir='ltr'><strong>D</strong></span> <span class='ocrx_word' id='word_1_688' title='bbox 2173 4546 2305 4638; x_wconf 67' lang='lat' dir='ltr'><strong>bpnt</strong></span> <span class='ocrx_word' id='word_1_689' title='bbox 2330 4591 2343 4612; x_wconf 90' lang='lat'><strong>,</strong></span> <span class='ocrx_word' id='word_1_690' title='bbox 2371 4533 2460 4620; x_wconf 70' lang='lat' dir='ltr'><strong>qui</strong></span> <span class='ocrx_word' id='word_1_691' title='bbox 2484 4533 2765 4638; x_wconf 42' lang='lat' dir='ltr'><strong>vetuerunt.</strong></span> <span class='ocrx_word' id='word_1_692' title='bbox 2797 4533 3118 4638; x_wconf 42' lang='lat' dir='ltr'><strong>[Infra-verr;</strong></span> <span class='ocrx_word' id='word_1_693' title='bbox 3137 4533 3245 4636; x_wconf 54' lang='lat' dir='ltr'><strong>tibi</strong></span> 
     </span>
    </p>
   </div>
   <div class='ocr_carea' id='block_1_93' title="bbox 478 4605 2062 4680">
    <p class='ocr_par' dir='ltr' id='par_1_93' title="bbox 478 4605 2062 4680">
     <span class='ocr_line' id='line_1_94' title="bbox 478 4605 2062 4680; baseline 0.003 -17"><span class='ocrx_word' id='word_1_694' title='bbox 478 4607 769 4680; x_wconf 70' lang='lat' dir='ltr'><strong>disciplina</strong></span> <span class='ocrx_word' id='word_1_695' title='bbox 793 4607 1078 4680; x_wconf 79' lang='lat' dir='ltr'><strong>successit,</strong></span> <span class='ocrx_word' id='word_1_696' title='bbox 1110 4612 1165 4658; x_wconf 87' lang='lat' dir='ltr'><strong>et</strong></span> <span class='ocrx_word' id='word_1_697' title='bbox 1187 4605 1372 4680; x_wconf 71' lang='lat' dir='ltr'><strong>plures</strong></span> <span class='ocrx_word' id='word_1_698' title='bbox 1395 4607 1562 4680; x_wconf 70' lang='lat' dir='ltr'><strong>libros</strong></span> <span class='ocrx_word' id='word_1_699' title='bbox 1589 4608 1762 4664; x_wconf 84' lang='lat' dir='ltr'><strong>edidit</strong></span> <span class='ocrx_word' id='word_1_700' title='bbox 1793 4612 1843 4664; x_wconf 91' lang='lat' dir='ltr'><strong>in</strong></span> <span class='ocrx_word' id='word_1_701' title='bbox 1875 4611 2062 4667; x_wconf 87' lang='lat' dir='ltr'><strong>Plato-</strong></span> 
     </span>
    </p>
   </div>
   <div class='ocr_carea' id='block_1_94' title="bbox 480 4671 2066 4750">
    <p class='ocr_par' dir='ltr' id='par_1_94' title="bbox 480 4671 2066 4750">
     <span class='ocr_line' id='line_1_95' title="bbox 480 4671 2066 4750; baseline 0.003 -17"><span class='ocrx_word' id='word_1_702' title='bbox 480 4671 685 4750; x_wconf 89' lang='lat' dir='ltr'><strong>nem</strong></span> <span class='ocrx_word' id='word_1_703' title='bbox 713 4677 1058 4750; x_wconf 77' lang='lat' dir='ltr'><strong>Platonicos,</strong></span> <span class='ocrx_word' id='word_1_704' title='bbox 1105 4685 1160 4750; x_wconf 83' lang='lat' dir='ltr'><strong>ut</strong></span> <span class='ocrx_word' id='word_1_705' title='bbox 1195 4671 1272 4732; x_wconf 71' lang='grc' dir='ltr'><strong>ἐκ</strong></span> <span class='ocrx_word' id='word_1_706' title='bbox 1302 4677 1451 4750; x_wconf 81' lang='lat' dir='ltr'><strong>Diog.</strong></span> <span class='ocrx_word' id='word_1_707' title='bbox 1475 4671 1696 4740; x_wconf 76' lang='lat' dir='ltr'><strong>Laertia</strong></span> <span class='ocrx_word' id='word_1_708' title='bbox 1733 4695 2066 4750; x_wconf 77' lang='lat' dir='ltr'><strong>Cognoscere</strong></span> 
     </span>
    </p>
   </div>
   <div class='ocr_carea' id='block_1_95' title="bbox 479 4747 2067 4818">
    <p class='ocr_par' dir='ltr' id='par_1_95' title="bbox 479 4747 2067 4818">
     <span class='ocr_line' id='line_1_96' title="bbox 479 4747 2067 4818; baseline 0.001 -12"><span class='ocrx_word' id='word_1_709' title='bbox 479 4759 584 4806; x_wconf 88' lang='lat' dir='ltr'><strong>est.</strong></span> <span class='ocrx_word' id='word_1_710' title='bbox 619 4749 695 4818; x_wconf 17' lang='lat' dir='ltr'><strong>Et,</strong></span> <span class='ocrx_word' id='word_1_711' title='bbox 715 4755 863 4808; x_wconf 86' lang='lat' dir='ltr'><strong>certe</strong></span> <span class='ocrx_word' id='word_1_712' title='bbox 896 4761 1008 4818; x_wconf 81' lang='lat' dir='ltr'><strong>non</strong></span> <span class='ocrx_word' id='word_1_713' title='bbox 1041 4747 1112 4800; x_wconf 89' lang='lat' dir='ltr'><strong>ita</strong></span> <span class='ocrx_word' id='word_1_714' title='bbox 1143 4747 1284 4800; x_wconf 88' lang='lat' dir='ltr'><strong>inter</strong></span> <span class='ocrx_word' id='word_1_715' title='bbox 1305 4763 1363 4801; x_wconf 91' lang='lat' dir='ltr'><strong>se</strong></span> <span class='ocrx_word' id='word_1_716' title='bbox 1391 4747 1701 4818; x_wconf 79' lang='lat' dir='ltr'><strong>discrepant</strong></span> <span class='ocrx_word' id='word_1_717' title='bbox 1747 4747 2067 4808; x_wconf 74' lang='lat' dir='ltr'><strong>llérmachus</strong></span> 
     </span>
    </p>
   </div>
   <div class='ocr_carea' id='block_1_96' title="bbox 479 4815 2067 4898">
    <p class='ocr_par' dir='ltr' id='par_1_96' title="bbox 479 4815 2067 4898">
     <span class='ocr_line' id='line_1_97' title="bbox 479 4815 2067 4898; baseline -0.006 -24"><span class='ocrx_word' id='word_1_718' title='bbox 479 4831 641 4898; x_wconf 67' lang='lat' dir='ltr'><strong>atque</strong></span> <span class='ocrx_word' id='word_1_719' title='bbox 669 4815 1003 4898; x_wconf 68' lang='lat' dir='ltr'><strong>Demarcltua,</strong></span> <span class='ocrx_word' id='word_1_720' title='bbox 1030 4824 1219 4898; x_wconf 72' lang='lat' dir='ltr'><strong>utnon</strong></span> <span class='ocrx_word' id='word_1_721' title='bbox 1245 4833 1410 4874; x_wconf 89' lang='lat' dir='ltr'><strong>unum</strong></span> <span class='ocrx_word' id='word_1_722' title='bbox 1439 4835 1536 4888; x_wconf 82' lang='lat' dir='ltr'><strong>pro</strong></span> <span class='ocrx_word' id='word_1_723' title='bbox 1558 4815 1663 4876; x_wconf 80' lang='lat' dir='ltr'><strong>alio</strong></span> <span class='ocrx_word' id='word_1_724' title='bbox 1687 4821 1841 4879; x_wconf 89' lang='lat' dir='ltr'><strong>facile</strong></span> <span class='ocrx_word' id='word_1_725' title='bbox 1867 4839 1897 4878; x_wconf 89' lang='lat' dir='ltr'><strong>a</strong></span> <span class='ocrx_word' id='word_1_726' title='bbox 1933 4826 2067 4892; x_wconf 56' lang='grc' dir='ltr'><strong>δικ-ί-</strong></span> 
     </span>
    </p>
   </div>
   <div class='ocr_carea' id='block_1_97' title="bbox 477 4889 2065 5030">
    <p class='ocr_par' dir='ltr' id='par_1_97' title="bbox 477 4889 2065 5030">
     <span class='ocr_line' id='line_1_98' title="bbox 477 4889 1976 4960; baseline -0.009 -17"><span class='ocrx_word' id='word_1_727' title='bbox 477 4889 720 4960; x_wconf 80' lang='lat' dir='ltr'><strong>ptoribus</strong></span> <span class='ocrx_word' id='word_1_728' title='bbox 747 4889 916 4957; x_wconf 79' lang='lat' dir='ltr'><strong>accipi</strong></span> <span class='ocrx_word' id='word_1_729' title='bbox 949 4889 1134 4953; x_wconf 79' lang='lat' dir='ltr'><strong>possit.</strong></span> <span class='ocrx_word' id='word_1_730' title='bbox 1605 4929 1607 4932; x_wconf 94' lang='lat'><strong>.</strong></span> <span class='ocrx_word' id='word_1_731' title='bbox 1967 4889 1976 4892; x_wconf 83' lang='lat'>&#39;</span> 
     </span>
     <span class='ocr_line' id='line_1_99' title="bbox 551 4956 2065 5030; baseline 0.001 -15"><span class='ocrx_word' id='word_1_732' title='bbox 551 4959 578 4998; x_wconf 68' lang='grc' dir='ltr'>δ</span> <span class='ocrx_word' id='word_1_733' title='bbox 607 4957 763 5014; x_wconf 76' lang='lat' dir='ltr'><strong>Eros.</strong></span> <span class='ocrx_word' id='word_1_734' title='bbox 793 4969 845 5012; x_wconf 91' lang='lat' dir='ltr'><strong>et</strong></span> <span class='ocrx_word' id='word_1_735' title='bbox 878 4974 992 5027; x_wconf 88' lang='lat' dir='ltr'><strong>seq.</strong></span> <span class='ocrx_word' id='word_1_736' title='bbox 1025 4956 1182 5023; x_wconf 90' lang='lat' dir='ltr'><strong>cdit.,</strong></span> <span class='ocrx_word' id='word_1_737' title='bbox 1213 4959 1351 5022; x_wconf 84' lang='lat' dir='ltr'><strong>quod</strong></span> <span class='ocrx_word' id='word_1_738' title='bbox 1381 4960 1569 5014; x_wconf 72' lang='lat' dir='ltr'><strong>nautam</strong></span> <span class='ocrx_word' id='word_1_739' title='bbox 1595 4976 1802 5018; x_wconf 79' lang='lat' dir='ltr'><strong>causam</strong></span> <span class='ocrx_word' id='word_1_740' title='bbox 1831 4963 2065 5030; x_wconf 57' lang='lat' dir='ltr'><strong>habent;</strong></span> 
     </span>
    </p>
   </div>
   <div class='ocr_carea' id='block_1_98' title="bbox 481 5031 2055 5099">
    <p class='ocr_par' dir='ltr' id='par_1_98' title="bbox 481 5031 2055 5099">
     <span class='ocr_line' id='line_1_100' title="bbox 481 5031 2055 5099; baseline 0.004 -15"><span class='ocrx_word' id='word_1_741' title='bbox 481 5031 702 5085; x_wconf 82' lang='lat' dir='ltr'><strong>Atnerb.</strong></span> <span class='ocrx_word' id='word_1_742' title='bbox 744 5039 798 5083; x_wconf 91' lang='lat' dir='ltr'><strong>et</strong></span> <span class='ocrx_word' id='word_1_743' title='bbox 838 5043 1226 5099; x_wconf 23' lang='lat' dir='ltr'><strong>fllllllCiAIlISSq</strong></span> <span class='ocrx_word' id='word_1_744' title='bbox 1254 5031 1393 5099; x_wconf 85' lang='lat' dir='ltr'><strong>quod</strong></span> <span class='ocrx_word' id='word_1_745' title='bbox 1433 5031 1582 5085; x_wconf 75' lang='lat' dir='ltr'><strong>ntalaz</strong></span> <span class='ocrx_word' id='word_1_746' title='bbox 1630 5048 1801 5090; x_wconf 74' lang='lat' dir='ltr'><strong>causa:</strong></span> <span class='ocrx_word' id='word_1_747' title='bbox 1853 5034 2055 5090; x_wconf 80' lang='lat' dir='ltr'><strong>habent.</strong></span> 
     </span>
    </p>
   </div>
   <div class='ocr_carea' id='block_1_99' title="bbox 477 5097 2060 5173">
    <p class='ocr_par' dir='ltr' id='par_1_99' title="bbox 477 5097 2060 5173">
     <span class='ocr_line' id='line_1_101' title="bbox 477 5097 2060 5173; baseline 0.001 -17"><span class='ocrx_word' id='word_1_748' title='bbox 477 5101 592 5156; x_wconf 80' lang='lat' dir='ltr'><strong>Non</strong></span> <span class='ocrx_word' id='word_1_749' title='bbox 626 5097 1003 5173; x_wconf 79' lang='lat' dir='ltr'><strong>incommode;</strong></span> <span class='ocrx_word' id='word_1_750' title='bbox 1039 5097 1179 5160; x_wconf 87' lang='lat' dir='ltr'><strong>idem</strong></span> <span class='ocrx_word' id='word_1_751' title='bbox 1210 5097 1351 5154; x_wconf 86' lang='lat' dir='ltr'><strong>enim</strong></span> <span class='ocrx_word' id='word_1_752' title='bbox 1383 5100 1580 5171; x_wconf 83' lang='lat' dir='ltr'><strong>signat,</strong></span> <span class='ocrx_word' id='word_1_753' title='bbox 1608 5117 1671 5158; x_wconf 84' lang='lat' dir='ltr'><strong>ac</strong></span> <span class='ocrx_word' id='word_1_754' title='bbox 1699 5103 1840 5173; x_wconf 86' lang='lat' dir='ltr'><strong>quod</strong></span> <span class='ocrx_word' id='word_1_755' title='bbox 1871 5105 1922 5160; x_wconf 90' lang='lat' dir='ltr'><strong>in</strong></span> <span class='ocrx_word' id='word_1_756' title='bbox 1947 5119 2060 5159; x_wconf 85' lang='lat' dir='ltr'><strong>ma-</strong></span> 
     </span>
    </p>
   </div>
   <div class='ocr_carea' id='block_1_100' title="bbox 478 5169 1167 5234">
    <p class='ocr_par' dir='ltr' id='par_1_100' title="bbox 478 5169 1167 5234">
     <span class='ocr_line' id='line_1_102' title="bbox 478 5169 1167 5234; baseline -0.009 -8"><span class='ocrx_word' id='word_1_757' title='bbox 478 5174 543 5226; x_wconf 73' lang='lat' dir='ltr'><strong>lis</strong></span> <span class='ocrx_word' id='word_1_758' title='bbox 561 5171 735 5228; x_wconf 86' lang='lat' dir='ltr'><strong>causis</strong></span> <span class='ocrx_word' id='word_1_759' title='bbox 763 5169 844 5234; x_wconf 89' lang='lat' dir='ltr'><strong>lit,</strong></span> <span class='ocrx_word' id='word_1_760' title='bbox 871 5169 1028 5234; x_wconf 89' lang='lat' dir='ltr'><strong>solet,</strong></span> <span class='ocrx_word' id='word_1_761' title='bbox 1061 5179 1167 5222; x_wconf 89' lang='lat' dir='ltr'><strong>etc.</strong></span> 
     </span>
    </p>
   </div>
   <div class='ocr_carea' id='block_1_101' title="bbox 556 5239 2060 5312">
    <p class='ocr_par' dir='ltr' id='par_1_101' title="bbox 556 5239 2060 5312">
     <span class='ocr_line' id='line_1_103' title="bbox 556 5239 2060 5312; baseline 0 -14"><span class='ocrx_word' id='word_1_762' title='bbox 556 5254 577 5281; x_wconf 77' lang='grc' dir='ltr'><strong>ο</strong></span> <span class='ocrx_word' id='word_1_763' title='bbox 606 5242 733 5302; x_wconf 80' lang='lat' dir='ltr'><strong>Mss.</strong></span> <span class='ocrx_word' id='word_1_764' title='bbox 763 5239 986 5309; x_wconf 76' lang='lat' dir='ltr'><strong>aliquot,</strong></span> <span class='ocrx_word' id='word_1_765' title='bbox 1016 5241 1313 5312; x_wconf 76' lang='lat' dir='ltr'><strong>prmterierit</strong></span> <span class='ocrx_word' id='word_1_766' title='bbox 1335 5241 1473 5308; x_wconf 75' lang='lat' dir='ltr'><strong>quod</strong></span> <span class='ocrx_word' id='word_1_767' title='bbox 1493 5258 1575 5296; x_wconf 80' lang='lat' dir='ltr'><strong>eos</strong></span> <span class='ocrx_word' id='word_1_768' title='bbox 1599 5242 1894 5312; x_wconf 78' lang='lat' dir='ltr'><strong>Apostolus.</strong></span> <span class='ocrx_word' id='word_1_769' title='bbox 1915 5245 2060 5300; x_wconf 68' lang='lat' dir='ltr'><strong>infra</strong></span> 
     </span>
    </p>
   </div>
   <div class='ocr_carea' id='block_1_102' title="bbox 483 5311 2061 5382">
    <p class='ocr_par' dir='ltr' id='par_1_102' title="bbox 483 5311 2061 5382">
     <span class='ocr_line' id='line_1_104' title="bbox 483 5311 2061 5382; baseline 0.004 -17"><span class='ocrx_word' id='word_1_770' title='bbox 483 5327 611 5366; x_wconf 87' lang='lat' dir='ltr'><strong>vero</strong></span> <span class='ocrx_word' id='word_1_771' title='bbox 641 5313 728 5366; x_wconf 92' lang='lat' dir='ltr'><strong>ubi</strong></span> <span class='ocrx_word' id='word_1_772' title='bbox 755 5311 1094 5382; x_wconf 63' lang='lat' dir='ltr'><strong>qntncsedit-</strong></span> <span class='ocrx_word' id='word_1_773' title='bbox 1118 5320 1177 5372; x_wconf 76' lang='grc' dir='ltr'><strong>,ει</strong></span> <span class='ocrx_word' id='word_1_774' title='bbox 1204 5327 1334 5382; x_wconf 86' lang='lat' dir='ltr'><strong>mss.</strong></span> <span class='ocrx_word' id='word_1_775' title='bbox 1365 5313 1524 5382; x_wconf 77' lang='lat' dir='ltr'><strong>longe</strong></span> <span class='ocrx_word' id='word_1_776' title='bbox 1554 5311 1791 5381; x_wconf 88' lang='lat' dir='ltr'><strong>plurimi,</strong></span> <span class='ocrx_word' id='word_1_777' title='bbox 1821 5317 2061 5372; x_wconf 76' lang='lat' dir='ltr'><strong>historico</strong></span> 
     </span>
    </p>
   </div>
   <div class='ocr_carea' id='block_1_103' title="bbox 479 5379 2062 5455">
    <p class='ocr_par' dir='ltr' id='par_1_103' title="bbox 479 5379 2062 5455">
     <span class='ocr_line' id='line_1_105' title="bbox 479 5379 2062 5455; baseline 0.003 -19"><span class='ocrx_word' id='word_1_778' title='bbox 479 5382 611 5455; x_wconf 71' lang='lat' dir='ltr'><strong>atylo</strong></span> <span class='ocrx_word' id='word_1_779' title='bbox 630 5400 647 5448; x_wconf 88' lang='lat'><strong>;</strong></span> <span class='ocrx_word' id='word_1_780' title='bbox 680 5379 1164 5455; x_wconf 75' lang='lat' dir='ltr'><strong>nonnullibabent,</strong></span> <span class='ocrx_word' id='word_1_781' title='bbox 1189 5381 1359 5455; x_wconf 66' lang='lat' dir='ltr'><strong>stoica</strong></span> <span class='ocrx_word' id='word_1_782' title='bbox 1393 5379 1565 5452; x_wconf 43' lang='lat' dir='ltr'><strong>sty&#39;lol</strong></span> <span class='ocrx_word' id='word_1_783' title='bbox 1594 5384 1900 5453; x_wconf 82' lang='lat' dir='ltr'><strong>Perperam,</strong></span> <span class='ocrx_word' id='word_1_784' title='bbox 1933 5387 2062 5441; x_wconf 89' lang='lat' dir='ltr'><strong>alibi</strong></span> 
     </span>
    </p>
   </div>
   <div class='ocr_carea' id='block_1_104' title="bbox 475 5450 2062 5525">
    <p class='ocr_par' dir='ltr' id='par_1_104' title="bbox 475 5450 2062 5525">
     <span class='ocr_line' id='line_1_106' title="bbox 475 5450 2062 5525; baseline 0.003 -17"><span class='ocrx_word' id='word_1_785' title='bbox 475 5450 618 5514; x_wconf 73' lang='lat' dir='ltr'><strong>enim</strong></span> <span class='ocrx_word' id='word_1_786' title='bbox 664 5450 733 5525; x_wconf 68' lang='lat' dir='ltr'><strong>ab</strong></span> <span class='ocrx_word' id='word_1_787' title='bbox 769 5451 1058 5525; x_wconf 60' lang='lat' dir='ltr'><strong>Ambrosio</strong></span> <span class='ocrx_word' id='word_1_788' title='bbox 1096 5451 1296 5520; x_wconf 84' lang='lat' dir='ltr'><strong>stylum</strong></span> <span class='ocrx_word' id='word_1_789' title='bbox 1347 5450 1490 5510; x_wconf 81' lang='lat' dir='ltr'><strong>beati</strong></span> <span class='ocrx_word' id='word_1_790' title='bbox 1535 5450 1709 5510; x_wconf 50' lang='lat' dir='ltr'><strong>Luca!</strong></span> <span class='ocrx_word' id='word_1_791' title='bbox 1745 5457 2062 5520; x_wconf 76' lang='lat' dir='ltr'><strong>historicum</strong></span> 
     </span>
    </p>
   </div>
   <div class='ocr_carea' id='block_1_105' title="bbox 478 5523 1111 5578">
    <p class='ocr_par' dir='ltr' id='par_1_105' title="bbox 478 5523 1111 5578">
     <span class='ocr_line' id='line_1_107' title="bbox 478 5523 1111 5578; baseline -0.005 -2"><span class='ocrx_word' id='word_1_792' title='bbox 478 5541 597 5578; x_wconf 65' lang='grc' dir='ltr'><strong>οδδθ</strong></span> <span class='ocrx_word' id='word_1_793' title='bbox 642 5523 984 5578; x_wconf 82' lang='lat' dir='ltr'><strong>observatum</strong></span> <span class='ocrx_word' id='word_1_794' title='bbox 1010 5529 1111 5576; x_wconf 83' lang='lat' dir='ltr'><strong>est.</strong></span> 
     </span>
    </p>
   </div>
   <div class='ocr_carea' id='block_1_106' title="bbox 550 5589 2060 5664">
    <p class='ocr_par' dir='ltr' id='par_1_106' title="bbox 550 5589 2060 5664">
     <span class='ocr_line' id='line_1_108' title="bbox 550 5589 2060 5664; baseline 0.001 -16"><span class='ocrx_word' id='word_1_795' title='bbox 550 5592 575 5630; x_wconf 74' lang='grc' dir='ltr'>ἀ</span> <span class='ocrx_word' id='word_1_796' title='bbox 604 5594 686 5664; x_wconf 78' lang='lat' dir='ltr'><strong>ita</strong></span> <span class='ocrx_word' id='word_1_797' title='bbox 719 5605 907 5664; x_wconf 83' lang='lat' dir='ltr'><strong>omnes</strong></span> <span class='ocrx_word' id='word_1_798' title='bbox 956 5589 1085 5650; x_wconf 85' lang='lat' dir='ltr'><strong>edit.</strong></span> <span class='ocrx_word' id='word_1_799' title='bbox 1111 5605 1203 5664; x_wconf 63' lang='lat' dir='ltr'><strong>ac</strong></span> <span class='ocrx_word' id='word_1_800' title='bbox 1247 5591 1431 5660; x_wconf 87' lang='lat' dir='ltr'><strong>plures</strong></span> <span class='ocrx_word' id='word_1_801' title='bbox 1473 5609 1604 5650; x_wconf 84' lang='lat' dir='ltr'><strong>mss.</strong></span> <span class='ocrx_word' id='word_1_802' title='bbox 1635 5604 1859 5664; x_wconf 84' lang='lat' dir='ltr'><strong>excepta</strong></span> <span class='ocrx_word' id='word_1_803' title='bbox 1897 5596 2060 5652; x_wconf 73' lang='lat' dir='ltr'><strong>Rom.</strong></span> 
     </span>
    </p>
   </div>
   <div class='ocr_carea' id='block_1_107' title="bbox 481 5661 2059 5730">
    <p class='ocr_par' dir='ltr' id='par_1_107' title="bbox 481 5661 2059 5730">
     <span class='ocr_line' id='line_1_109' title="bbox 481 5661 2059 5730; baseline 0.004 -16"><span class='ocrx_word' id='word_1_804' title='bbox 481 5665 606 5718; x_wconf 87' lang='lat' dir='ltr'><strong>edit.</strong></span> <span class='ocrx_word' id='word_1_805' title='bbox 641 5663 728 5730; x_wconf 78' lang='lat' dir='ltr'><strong>ubi</strong></span> <span class='ocrx_word' id='word_1_806' title='bbox 759 5663 986 5730; x_wconf 74' lang='lat' dir='ltr'><strong>habetur</strong></span> <span class='ocrx_word' id='word_1_807' title='bbox 1015 5661 1225 5715; x_wconf 82' lang='lat' dir='ltr'><strong>muliere</strong></span> <span class='ocrx_word' id='word_1_808' title='bbox 1265 5679 1394 5730; x_wconf 79' lang='lat' dir='ltr'><strong>sua;</strong></span> <span class='ocrx_word' id='word_1_809' title='bbox 1441 5680 1572 5728; x_wconf 82' lang='lat' dir='ltr'><strong>mss.</strong></span> <span class='ocrx_word' id='word_1_810' title='bbox 1623 5667 1712 5720; x_wconf 90' lang='lat' dir='ltr'><strong>alii</strong></span> <span class='ocrx_word' id='word_1_811' title='bbox 1761 5661 1921 5728; x_wconf 79' lang='lat' dir='ltr'><strong>etiam</strong></span> <span class='ocrx_word' id='word_1_812' title='bbox 1951 5683 2059 5726; x_wconf 87' lang='lat' dir='ltr'><strong>non</strong></span> 
     </span>
    </p>
   </div>
   <div class='ocr_carea' id='block_1_108' title="bbox 486 5721 2058 5806">
    <p class='ocr_par' dir='ltr' id='par_1_108' title="bbox 486 5721 2058 5806">
     <span class='ocr_line' id='line_1_110' title="bbox 486 5721 2058 5806; baseline 0.008 -24"><span class='ocrx_word' id='word_1_813' title='bbox 486 5727 756 5800; x_wconf 64' lang='lat' dir='ltr'><strong>pauci&#39;pro</strong></span> <span class='ocrx_word' id='word_1_814' title='bbox 788 5721 1002 5796; x_wconf 66' lang='grc' dir='ltr'><strong>Παιτιωὴ</strong></span> <span class='ocrx_word' id='word_1_815' title='bbox 1033 5732 1214 5802; x_wconf 65' lang='lat' dir='ltr'><strong>legunt</strong></span> <span class='ocrx_word' id='word_1_816' title='bbox 1243 5721 1437 5803; x_wconf 73' lang='lat' dir='ltr'><strong>partim</strong></span> <span class='ocrx_word' id='word_1_817' title='bbox 1461 5721 1695 5800; x_wconf 67' lang='lat' dir='ltr'><strong>Danasti,</strong></span> <span class='ocrx_word' id='word_1_818' title='bbox 1721 5725 1914 5806; x_wconf 76' lang='lat' dir='ltr'><strong>partim</strong></span> <span class='ocrx_word' id='word_1_819' title='bbox 1944 5721 2058 5794; x_wconf 46' lang='lat' dir='ltr'><strong>De?</strong></span> 
     </span>
    </p>
   </div>
   <div class='ocr_carea' id='block_1_109' title="bbox 2171 4618 3758 4690">
    <p class='ocr_par' dir='ltr' id='par_1_109' title="bbox 2171 4618 3758 4690">
     <span class='ocr_line' id='line_1_111' title="bbox 2171 4618 3758 4690; baseline 0.005 -18"><span class='ocrx_word' id='word_1_820' title='bbox 2171 4618 2353 4690; x_wconf 87' lang='lat' dir='ltr'><strong>plures</strong></span> <span class='ocrx_word' id='word_1_821' title='bbox 2387 4618 2546 4684; x_wconf 64' lang='lat' dir='ltr'><strong>mss,</strong></span> <span class='ocrx_word' id='word_1_822' title='bbox 2579 4621 2719 4674; x_wconf 74' lang='lat' dir='ltr'><strong>uirili</strong></span> <span class='ocrx_word' id='word_1_823' title='bbox 2757 4621 3104 4688; x_wconf 72' lang='lat' dir='ltr'><strong>admixtione,</strong></span> <span class='ocrx_word' id='word_1_824' title='bbox 3156 4624 3208 4676; x_wconf 89' lang='lat' dir='ltr'><strong>in</strong></span> <span class='ocrx_word' id='word_1_825' title='bbox 3259 4624 3580 4690; x_wconf 85' lang='lat' dir='ltr'><strong>quibusdam</strong></span> <span class='ocrx_word' id='word_1_826' title='bbox 3631 4627 3758 4684; x_wconf 90' lang='lat' dir='ltr'><strong>cod.</strong></span> 
     </span>
    </p>
   </div>
   <div class='ocr_carea' id='block_1_110' title="bbox 2169 4689 3396 4758">
    <p class='ocr_par' dir='ltr' id='par_1_110' title="bbox 2169 4689 3396 4758">
     <span class='ocr_line' id='line_1_112' title="bbox 2169 4689 3396 4758; baseline 0.003 -16"><span class='ocrx_word' id='word_1_827' title='bbox 2169 4689 2386 4758; x_wconf 80' lang='lat' dir='ltr'><strong>legitur,</strong></span> <span class='ocrx_word' id='word_1_828' title='bbox 2419 4691 2556 4744; x_wconf 79' lang='lat' dir='ltr'><strong>virili</strong></span> <span class='ocrx_word' id='word_1_829' title='bbox 2577 4693 2871 4747; x_wconf 76' lang='lat' dir='ltr'><strong>amissione.</strong></span> <span class='ocrx_word' id='word_1_830' title='bbox 2901 4693 3017 4746; x_wconf 74' lang='lat' dir='ltr'><strong>Non</strong></span> <span class='ocrx_word' id='word_1_831' title='bbox 3047 4694 3192 4746; x_wconf 85' lang='lat' dir='ltr'><strong>malo</strong></span> <span class='ocrx_word' id='word_1_832' title='bbox 3212 4689 3396 4749; x_wconf 86' lang='lat' dir='ltr'><strong>sensu.</strong></span> 
     </span>
    </p>
   </div>
   <div class='ocr_carea' id='block_1_111' title="bbox 2248 4758 3761 4829">
    <p class='ocr_par' dir='ltr' id='par_1_111' title="bbox 2248 4758 3761 4829">
     <span class='ocr_line' id='line_1_113' title="bbox 2248 4758 3761 4829; baseline 0.005 -16"><span class='ocrx_word' id='word_1_833' title='bbox 2248 4758 2265 4798; x_wconf 73' lang='grc' dir='ltr'><strong>ί</strong></span> <span class='ocrx_word' id='word_1_834' title='bbox 2301 4759 2458 4813; x_wconf 79' lang='lat' dir='ltr'><strong>Rom.</strong></span> <span class='ocrx_word' id='word_1_835' title='bbox 2489 4761 2621 4814; x_wconf 83' lang='lat' dir='ltr'><strong>edit.</strong></span> <span class='ocrx_word' id='word_1_836' title='bbox 2641 4763 2780 4829; x_wconf 84' lang='lat' dir='ltr'><strong>sola,</strong></span> <span class='ocrx_word' id='word_1_837' title='bbox 2808 4779 2899 4816; x_wconf 73' lang='lat' dir='ltr'><strong>nos</strong></span> <span class='ocrx_word' id='word_1_838' title='bbox 2921 4775 2972 4816; x_wconf 83' lang='lat' dir='ltr'><strong>et</strong></span> <span class='ocrx_word' id='word_1_839' title='bbox 3004 4765 3257 4818; x_wconf 75' lang='lat' dir='ltr'><strong>belluinoa</strong></span> <span class='ocrx_word' id='word_1_840' title='bbox 3285 4781 3406 4819; x_wconf 77' lang='lat' dir='ltr'><strong>usus</strong></span> <span class='ocrx_word' id='word_1_841' title='bbox 3428 4766 3656 4820; x_wconf 79' lang='lat' dir='ltr'><strong>humano</strong></span> <span class='ocrx_word' id='word_1_842' title='bbox 3679 4769 3761 4821; x_wconf 82' lang='lat' dir='ltr'><strong>irt-</strong></span> 
     </span>
    </p>
   </div>
   <div class='ocr_carea' id='block_1_112' title="bbox 2169 4829 3756 4901">
    <p class='ocr_par' dir='ltr' id='par_1_112' title="bbox 2169 4829 3756 4901">
     <span class='ocr_line' id='line_1_114' title="bbox 2169 4829 3756 4901; baseline 0.007 -22"><span class='ocrx_word' id='word_1_843' title='bbox 2169 4829 2441 4901; x_wconf 73' lang='lat' dir='ltr'><strong>[nndemus</strong></span> <span class='ocrx_word' id='word_1_844' title='bbox 2487 4833 2715 4901; x_wconf 83' lang='lat' dir='ltr'><strong>pectori,</strong></span> <span class='ocrx_word' id='word_1_845' title='bbox 2766 4842 2814 4884; x_wconf 89' lang='lat' dir='ltr'><strong>et</strong></span> <span class='ocrx_word' id='word_1_846' title='bbox 2853 4833 3150 4886; x_wconf 80' lang='lat' dir='ltr'><strong>rationabili</strong></span> <span class='ocrx_word' id='word_1_847' title='bbox 3197 4836 3351 4888; x_wconf 80' lang='lat' dir='ltr'><strong>menti</strong></span> <span class='ocrx_word' id='word_1_848' title='bbox 3395 4837 3756 4892; x_wconf 75' lang='lat' dir='ltr'><strong>intcribcrnus.</strong></span> 
     </span>
    </p>
   </div>
   <div class='ocr_carea' id='block_1_113' title="bbox 2170 4899 3758 4974">
    <p class='ocr_par' dir='ltr' id='par_1_113' title="bbox 2170 4899 3758 4974">
     <span class='ocr_line' id='line_1_115' title="bbox 2170 4899 3758 4974; baseline 0.004 -20"><span class='ocrx_word' id='word_1_849' title='bbox 2170 4899 2293 4974; x_wconf 59' lang='lat' dir='ltr'><strong>Non</strong></span> <span class='ocrx_word' id='word_1_850' title='bbox 2320 4901 2458 4954; x_wconf 87' lang='lat' dir='ltr'><strong>male</strong></span> <span class='ocrx_word' id='word_1_851' title='bbox 2482 4899 2725 4974; x_wconf 86' lang='lat' dir='ltr'><strong>quidem,</strong></span> <span class='ocrx_word' id='word_1_852' title='bbox 2754 4902 2847 4956; x_wconf 85' lang='lat' dir='ltr'><strong>sed</strong></span> <span class='ocrx_word' id='word_1_853' title='bbox 2879 4902 3018 4974; x_wconf 86' lang='lat' dir='ltr'><strong>haud</strong></span> <span class='ocrx_word' id='word_1_854' title='bbox 3037 4907 3214 4958; x_wconf 89' lang='lat' dir='ltr'><strong>minus</strong></span> <span class='ocrx_word' id='word_1_855' title='bbox 3238 4906 3554 4974; x_wconf 84' lang='lat' dir='ltr'><strong>elegansest</strong></span> <span class='ocrx_word' id='word_1_856' title='bbox 3573 4919 3758 4961; x_wconf 87' lang='lat' dir='ltr'><strong>nostra</strong></span> 
     </span>
    </p>
   </div>
   <div class='ocr_carea' id='block_1_114' title="bbox 2169 4969 3757 5044">
    <p class='ocr_par' dir='ltr' id='par_1_114' title="bbox 2169 4969 3757 5044">
     <span class='ocr_line' id='line_1_116' title="bbox 2169 4969 3757 5044; baseline 0.006 -21"><span class='ocrx_word' id='word_1_857' title='bbox 2169 4969 2366 5044; x_wconf 81' lang='lat' dir='ltr'><strong>lectio;</strong></span> <span class='ocrx_word' id='word_1_858' title='bbox 2401 4969 2600 5040; x_wconf 69' lang='lat' dir='ltr'><strong>Quippe</strong></span> <span class='ocrx_word' id='word_1_859' title='bbox 2623 4987 2730 5041; x_wconf 80' lang='lat' dir='ltr'><strong>qua</strong></span> <span class='ocrx_word' id='word_1_860' title='bbox 2771 4973 3093 5029; x_wconf 70' lang='lat' dir='ltr'><strong>exclamatio</strong></span> <span class='ocrx_word' id='word_1_861' title='bbox 3115 4989 3240 5029; x_wconf 91' lang='lat' dir='ltr'><strong>cum</strong></span> <span class='ocrx_word' id='word_1_862' title='bbox 3273 4969 3503 5044; x_wconf 77' lang='lat' dir='ltr'><strong>quadam</strong></span> <span class='ocrx_word' id='word_1_863' title='bbox 3549 4987 3757 5032; x_wconf 87' lang='lat' dir='ltr'><strong>stoma-</strong></span> 
     </span>
    </p>
   </div>
   <div class='ocr_carea' id='block_1_115' title="bbox 2169 5039 2797 5110">
    <p class='ocr_par' dir='ltr' id='par_1_115' title="bbox 2169 5039 2797 5110">
     <span class='ocr_line' id='line_1_117' title="bbox 2169 5039 2797 5110; baseline 0 -16"><span class='ocrx_word' id='word_1_864' title='bbox 2169 5039 2421 5095; x_wconf 88' lang='lat' dir='ltr'><strong>chatioue</strong></span> <span class='ocrx_word' id='word_1_865' title='bbox 2449 5039 2797 5110; x_wconf 79' lang='lat' dir='ltr'><strong>exprimitur.</strong></span> 
     </span>
    </p>
   </div>
   <div class='ocr_carea' id='block_1_116' title="bbox 2236 5111 3758 5184">
    <p class='ocr_par' dir='ltr' id='par_1_116' title="bbox 2236 5111 3758 5184">
     <span class='ocr_line' id='line_1_118' title="bbox 2236 5111 3758 5184; baseline 0.007 -21"><span class='ocrx_word' id='word_1_866' title='bbox 2236 5120 2259 5156; x_wconf 75' lang='grc' dir='ltr'><strong>Β</strong></span> <span class='ocrx_word' id='word_1_867' title='bbox 2289 5111 2598 5184; x_wconf 16' lang='grc' dir='ltr'>Ἰῇιιι-ιιιιιειιιί</span> <span class='ocrx_word' id='word_1_868' title='bbox 2628 5113 2830 5174; x_wconf 74' lang='lat' dir='ltr'><strong>indicat</strong></span> <span class='ocrx_word' id='word_1_869' title='bbox 2876 5122 3094 5172; x_wconf 83' lang='lat' dir='ltr'><strong>sanctus</strong></span> <span class='ocrx_word' id='word_1_870' title='bbox 3139 5115 3385 5181; x_wconf 83' lang='lat' dir='ltr'><strong>P-raesul,</strong></span> <span class='ocrx_word' id='word_1_871' title='bbox 3429 5131 3589 5184; x_wconf 84' lang='lat' dir='ltr'><strong>quam</strong></span> <span class='ocrx_word' id='word_1_872' title='bbox 3643 5127 3758 5172; x_wconf 84' lang='lat' dir='ltr'><strong>toto</strong></span> 
     </span>
    </p>
   </div>
   <div class='ocr_carea' id='block_1_117' title="bbox 2162 5181 3755 5254">
    <p class='ocr_par' dir='ltr' id='par_1_117' title="bbox 2162 5181 3755 5254">
     <span class='ocr_line' id='line_1_119' title="bbox 2162 5181 3755 5254; baseline 0.006 -21"><span class='ocrx_word' id='word_1_873' title='bbox 2162 5181 2375 5254; x_wconf 84' lang='lat' dir='ltr'><strong>eap._l9</strong></span> <span class='ocrx_word' id='word_1_874' title='bbox 2405 5181 2499 5237; x_wconf 85' lang='lat' dir='ltr'><strong>lib.</strong></span> <span class='ocrx_word' id='word_1_875' title='bbox 2525 5183 2817 5254; x_wconf 77' lang='lat' dir='ltr'><strong>tllexaem.</strong></span> <span class='ocrx_word' id='word_1_876' title='bbox 2849 5184 2920 5239; x_wconf 86' lang='lat' dir='ltr'><strong>ob</strong></span> <span class='ocrx_word' id='word_1_877' title='bbox 2939 5193 3045 5238; x_wconf 82' lang='lat' dir='ltr'><strong>tam</strong></span> <span class='ocrx_word' id='word_1_878' title='bbox 3071 5187 3335 5254; x_wconf 70' lang='lat' dir='ltr'><strong>insignem</strong></span> <span class='ocrx_word' id='word_1_879' title='bbox 3357 5181 3755 5243; x_wconf 75' lang='lat' dir='ltr'><strong>continentiam</strong></span> 
     </span>
    </p>
   </div>
   <div class='ocr_carea' id='block_1_118' title="bbox 2161 5250 3752 5317">
    <p class='ocr_par' dir='ltr' id='par_1_118' title="bbox 2161 5250 3752 5317">
     <span class='ocr_line' id='line_1_120' title="bbox 2161 5250 3752 5317; baseline 0.006 -14"><span class='ocrx_word' id='word_1_880' title='bbox 2161 5250 2388 5316; x_wconf 87' lang='lat' dir='ltr'><strong>pulchre</strong></span> <span class='ocrx_word' id='word_1_881' title='bbox 2443 5253 2805 5317; x_wconf 82' lang='lat' dir='ltr'><strong>commendat,</strong></span> <span class='ocrx_word' id='word_1_882' title='bbox 2864 5255 3103 5310; x_wconf 85' lang='lat' dir='ltr'><strong>strictius</strong></span> <span class='ocrx_word' id='word_1_883' title='bbox 3165 5250 3297 5311; x_wconf 63' lang='lat' dir='ltr'><strong>vero</strong></span> <span class='ocrx_word' id='word_1_884' title='bbox 3347 5257 3524 5312; x_wconf 71' lang='lat' dir='ltr'><strong>Sentit.</strong></span> <span class='ocrx_word' id='word_1_885' title='bbox 3589 5259 3654 5314; x_wconf 81' lang='lat' dir='ltr'><strong>l9</strong></span> <span class='ocrx_word' id='word_1_886' title='bbox 3699 5259 3752 5313; x_wconf 86' lang='lat' dir='ltr'><strong>in</strong></span> 
     </span>
    </p>
   </div>
   <div class='ocr_carea' id='block_1_119' title="bbox 2166 5320 3044 5380">
    <p class='ocr_par' dir='ltr' id='par_1_119' title="bbox 2166 5320 3044 5380">
     <span class='ocr_line' id='line_1_121' title="bbox 2166 5320 3044 5380; baseline 0.006 -6"><span class='ocrx_word' id='word_1_887' title='bbox 2166 5320 2306 5376; x_wconf 87' lang='lat' dir='ltr'><strong>Psal.</strong></span> <span class='ocrx_word' id='word_1_888' title='bbox 2339 5337 2525 5376; x_wconf 71' lang='lat' dir='ltr'><strong>cxvut.</strong></span> <span class='ocrx_word' id='word_1_889' title='bbox 2555 5340 2706 5377; x_wconf 87' lang='lat' dir='ltr'><strong>num.</strong></span> <span class='ocrx_word' id='word_1_890' title='bbox 2739 5325 2806 5378; x_wconf 78' lang='grc'><strong>15</strong></span> <span class='ocrx_word' id='word_1_891' title='bbox 2826 5325 3044 5380; x_wconf 72' lang='grc' dir='ltr'>θιιιιίδί.</span> 
     </span>
    </p>
   </div>
   <div class='ocr_carea' id='block_1_120' title="bbox 2237 5389 3750 5470">
    <p class='ocr_par' dir='ltr' id='par_1_120' title="bbox 2237 5389 3750 5470">
     <span class='ocr_line' id='line_1_122' title="bbox 2237 5389 3750 5470; baseline 0.006 -26"><span class='ocrx_word' id='word_1_892' title='bbox 2237 5389 2263 5427; x_wconf 67' lang='grc' dir='ltr'><strong>ιι</strong></span> <span class='ocrx_word' id='word_1_893' title='bbox 2296 5393 2435 5470; x_wconf 69' lang='lat' dir='ltr'><strong>Edit.</strong></span> <span class='ocrx_word' id='word_1_894' title='bbox 2460 5391 2709 5458; x_wconf 56' lang='lat' dir='ltr'><strong>Asuero,</strong></span> <span class='ocrx_word' id='word_1_895' title='bbox 2741 5411 2831 5448; x_wconf 80' lang='lat' dir='ltr'><strong>nec</strong></span> <span class='ocrx_word' id='word_1_896' title='bbox 2855 5396 2988 5448; x_wconf 75' lang='lat' dir='ltr'><strong>alios</strong></span> <span class='ocrx_word' id='word_1_897' title='bbox 3016 5397 3116 5449; x_wconf 81' lang='lat' dir='ltr'><strong>nisi</strong></span> <span class='ocrx_word' id='word_1_898' title='bbox 3143 5400 3313 5470; x_wconf 76' lang='lat' dir='ltr'><strong>fonte;</strong></span> <span class='ocrx_word' id='word_1_899' title='bbox 3341 5396 3498 5453; x_wconf 76' lang='lat' dir='ltr'><strong>Erus.</strong></span> <span class='ocrx_word' id='word_1_900' title='bbox 3534 5407 3589 5452; x_wconf 85' lang='lat' dir='ltr'><strong>et</strong></span> <span class='ocrx_word' id='word_1_901' title='bbox 3607 5414 3750 5470; x_wconf 83' lang='lat' dir='ltr'><strong>seq.,</strong></span> 
     </span>
    </p>
   </div>
   <div class='ocr_carea' id='block_1_121' title="bbox 2176 5463 3746 5535">
    <p class='ocr_par' dir='ltr' id='par_1_121' title="bbox 2176 5463 3746 5535">
     <span class='ocr_line' id='line_1_123' title="bbox 2176 5463 3746 5535; baseline 0.008 -23"><span class='ocrx_word' id='word_1_902' title='bbox 2176 5476 2265 5535; x_wconf 68' lang='lat' dir='ltr'><strong>nec</strong></span> <span class='ocrx_word' id='word_1_903' title='bbox 2292 5463 2416 5535; x_wconf 78' lang='lat' dir='ltr'><strong>alio.</strong></span> <span class='ocrx_word' id='word_1_904' title='bbox 2445 5475 2578 5535; x_wconf 88' lang='lat' dir='ltr'><strong>etc._;</strong></span> <span class='ocrx_word' id='word_1_905' title='bbox 2624 5480 2754 5519; x_wconf 89' lang='lat' dir='ltr'><strong>mss.</strong></span> <span class='ocrx_word' id='word_1_906' title='bbox 2795 5479 2923 5520; x_wconf 80' lang='lat' dir='ltr'><strong>vero</strong></span> <span class='ocrx_word' id='word_1_907' title='bbox 2947 5482 3114 5535; x_wconf 87' lang='lat' dir='ltr'><strong>prope</strong></span> <span class='ocrx_word' id='word_1_908' title='bbox 3135 5463 3201 5520; x_wconf 80' lang='lat' dir='ltr'><strong>ad</strong></span> <span class='ocrx_word' id='word_1_909' title='bbox 3223 5471 3547 5533; x_wconf 87' lang='lat' dir='ltr'><strong>unurn,utin</strong></span> <span class='ocrx_word' id='word_1_910' title='bbox 3573 5463 3746 5524; x_wconf 64' lang='lat' dir='ltr'><strong>textis.</strong></span> 
     </span>
    </p>
   </div>
   <div class='ocr_carea' id='block_1_122' title="bbox 2173 5530 3751 5609">
    <p class='ocr_par' dir='ltr' id='par_1_122' title="bbox 2173 5530 3751 5609">
     <span class='ocr_line' id='line_1_124' title="bbox 2173 5530 3751 5609; baseline 0.006 -25"><span class='ocrx_word' id='word_1_911' title='bbox 2173 5530 2310 5609; x_wconf 70' lang='lat' dir='ltr'><strong>Infra</strong></span> <span class='ocrx_word' id='word_1_912' title='bbox 2333 5532 2495 5594; x_wconf 82' lang='lat' dir='ltr'><strong>etiam</strong></span> <span class='ocrx_word' id='word_1_913' title='bbox 2515 5533 2608 5592; x_wconf 88' lang='lat' dir='ltr'><strong>ubi</strong></span> <span class='ocrx_word' id='word_1_914' title='bbox 2621 5549 2817 5609; x_wconf 69' lang='lat' dir='ltr'><strong>cunnos</strong></span> <span class='ocrx_word' id='word_1_915' title='bbox 2839 5530 2970 5609; x_wconf 64' lang='lat' dir='ltr'><strong>edit.</strong></span> <span class='ocrx_word' id='word_1_916' title='bbox 3001 5530 3062 5590; x_wconf 60' lang='lat' dir='ltr'><strong>et&#39;</strong></span> <span class='ocrx_word' id='word_1_917' title='bbox 3078 5537 3296 5609; x_wconf 82' lang='lat' dir='ltr'><strong>quidam</strong></span> <span class='ocrx_word' id='word_1_918' title='bbox 3325 5530 3478 5609; x_wconf 65' lang='lat' dir='ltr'><strong>mss,</strong></span> <span class='ocrx_word' id='word_1_919' title='bbox 3505 5555 3751 5609; x_wconf 69' lang='lat' dir='ltr'><strong>canaque</strong></span> 
     </span>
    </p>
   </div>
   <div class='ocr_carea' id='block_1_123' title="bbox 2170 5601 3602 5676">
    <p class='ocr_par' dir='ltr' id='par_1_123' title="bbox 2170 5601 3602 5676">
     <span class='ocr_line' id='line_1_125' title="bbox 2170 5601 3602 5676; baseline 0.008 -25"><span class='ocrx_word' id='word_1_920' title='bbox 2170 5601 2464 5676; x_wconf 64' lang='lat' dir='ltr'><strong>videmnus;</strong></span> <span class='ocrx_word' id='word_1_921' title='bbox 2496 5618 2624 5676; x_wconf 86' lang='lat' dir='ltr'><strong>mss.</strong></span> <span class='ocrx_word' id='word_1_922' title='bbox 2662 5606 2830 5660; x_wconf 89' lang='lat' dir='ltr'><strong>multo</strong></span> <span class='ocrx_word' id='word_1_923' title='bbox 2855 5608 3043 5676; x_wconf 74' lang='lat' dir='ltr'><strong>plures</strong></span> <span class='ocrx_word' id='word_1_924' title='bbox 3073 5601 3355 5660; x_wconf 76' lang='lat' dir='ltr'><strong>nobiscum</strong></span> <span class='ocrx_word' id='word_1_925' title='bbox 3371 5601 3602 5662; x_wconf 73' lang='lat' dir='ltr'><strong>faciunt.</strong></span> 
     </span>
    </p>
   </div>
   <div class='ocr_carea' id='block_1_124' title="bbox 2247 5670 3743 5748">
    <p class='ocr_par' dir='ltr' id='par_1_124' title="bbox 2247 5670 3743 5748">
     <span class='ocr_line' id='line_1_126' title="bbox 2247 5670 3743 5748; baseline 0.004 -22"><span class='ocrx_word' id='word_1_926' title='bbox 2247 5670 2498 5748; x_wconf 34' lang='lat' dir='ltr'><strong>{Omnes</strong></span> <span class='ocrx_word' id='word_1_927' title='bbox 2521 5675 2656 5748; x_wconf 77' lang='lat' dir='ltr'><strong>edit.</strong></span> <span class='ocrx_word' id='word_1_928' title='bbox 2685 5670 2981 5748; x_wconf 70' lang='lat' dir='ltr'><strong>irriguoque</strong></span> <span class='ocrx_word' id='word_1_929' title='bbox 2995 5679 3149 5745; x_wconf 74' lang='lat' dir='ltr'><strong>fontis</strong></span> <span class='ocrx_word' id='word_1_930' title='bbox 3175 5694 3194 5730; x_wconf 79' lang='lat'><strong>.&#39;</strong></span> <span class='ocrx_word' id='word_1_931' title='bbox 3223 5678 3508 5732; x_wconf 66' lang='lat' dir='ltr'><strong>etesterior</strong></span> <span class='ocrx_word' id='word_1_932' title='bbox 3533 5679 3743 5748; x_wconf 70' lang='lat' dir='ltr'><strong>(Rom,</strong></span> 
     </span>
    </p>
   </div>
   <div class='ocr_carea' id='block_1_125' title="bbox 2165 5739 3744 5817">
    <p class='ocr_par' dir='ltr' id='par_1_125' title="bbox 2165 5739 3744 5817">
     <span class='ocr_line' id='line_1_127' title="bbox 2165 5739 3744 5817; baseline 0.008 -23"><span class='ocrx_word' id='word_1_933' title='bbox 2165 5739 2289 5798; x_wconf 75' lang='lat' dir='ltr'><strong>Etsi</strong></span> <span class='ocrx_word' id='word_1_934' title='bbox 2317 5743 2574 5812; x_wconf 72' lang='lat' dir='ltr'><strong>exterior)</strong></span> <span class='ocrx_word' id='word_1_935' title='bbox 2600 5745 2732 5814; x_wconf 82' lang='lat' dir='ltr'><strong>ignis</strong></span> <span class='ocrx_word' id='word_1_936' title='bbox 2781 5739 2926 5814; x_wconf 61' lang='lat' dir='ltr'><strong>Ecquis</strong></span> <span class='ocrx_word' id='word_1_937' title='bbox 2966 5739 3254 5816; x_wconf 67' lang='lat' dir='ltr'><strong>iniuriam;</strong></span> <span class='ocrx_word' id='word_1_938' title='bbox 3283 5762 3418 5803; x_wconf 80' lang='lat' dir='ltr'><strong>mss.</strong></span> <span class='ocrx_word' id='word_1_939' title='bbox 3468 5739 3744 5817; x_wconf 46' lang='lat' dir='ltr'><strong>nonnullis</strong></span> 
     </span>
    </p>
   </div>
  </div>
