4092 6190
493 307 634 366 U99

1835 282 2074 343 SANCTI
2116 279 2441 340 AMBROSII

3649 264 3788 322 1200

497 431 618 476 rent
657 429 891 486 aspero;
923 411 1178 483 quoniam
1228 416 1286 465 et
1330 408 1448 478 ipso
1496 410 1718 474 aspectu
1766 396 2091 470 virginitatis
2119 412 2170 470 Α
2196 403 2332 452 strat
2352 389 2655 448 remedium
2686 387 2823 455 :Qui
2847 386 3090 455 inﬁrmus
3111 391 3206 449 est,
3232 379 3444 453 1032
3472 379 3613 433 olera
3643 394 3787 430 man-

495 511 731 566 violatur
759 504 1042 562 sanctitas.

563 603 650 658 55.
699 597 939 669 Denique
992 609 1098 666 qua
1142 590 1448 649 reverentia
1491 585 1812 657 virginitatis
1878 581 2091 634 loeutus

498 702 584 752 est
612 703 832 747 sanctus
853 688 1147 760 Apostolus
1181 704 1193 739 :
1228 685 1306 739 De
1329 680 1612 754 uirginibus
1650 683 1966 748 praceptum
1989 671 2097 725 Do-

499 787 625 840 mini
645 799 749 838 non
771 781 952 848 habeo,
985 778 1260 835 consilium
1283 785 1455 831 autent
1478 773 1568 838 do,
1599 781 1859 839 tamquam
1887 764 2093 819 miseri-

497 880 730 936 cordiam
759 882 1062 930 consecutus
1091 889 1122 925 a
1167 870 1391 924 Domino
1416 867 1474 937 (l
1503 863 1624 920 Cor.
1671 877 1765 927 vn,
1793 859 1925 929 25;).
1953 857 2100 912 Prte-

499 982 718 1043 ceptum
769 983 878 1024 non
927 964 1114 1029 habet,
1177 959 1464 1017 consilium
1536 953 1734 1015 habet;
1789 964 1897 1003 non
1952 946 2096 1000 enim

502 1038 843 1134 praecipitur,
884 1057 1030 1130 quod
1056 1068 1217 1124 supra
1251 1053 1428 1121 legem
1470 1057 1555 1104 est
1592 1043 1727 1100 :sed
1773 1040 1949 1110 magis
1975 1038 2104 1093 dato

501 1129 761 1214 suadetur
790 1129 1048 1208 consilio.
1078 1147 1190 1204 Nec
1235 1143 1535 1200 auctoritas
1583 1134 1956 1209 praesumitur,
2007 1129 2104 1185 sed

502 1251 910 1307 demonstratur
933 1242 1108 1314 gratia
1142 1253 1283 1293 :nec
1311 1252 1339 1291 a
1388 1244 1732 1304 quocumque
1759 1226 2106 1282 demonstra-

504 1356 615 1411 tur,
657 1341 753 1398 sed
798 1339 866 1393 ab
914 1351 982 1392 eo
1020 1334 1115 1405 qui
1147 1325 1582 1388 misericordiam
1625 1317 1844 1376 Domini
1882 1314 2098 1370 meruit.

502 1436 708 1492 Horum
761 1445 890 1501 ergo
940 1404 1164 1481 meliora
1207 1434 1367 1491 quam
1421 1413 1793 1486 apostolorum
1833 1404 2104 1462 consilia?

503 1527 796 1601 Apostolus
829 1498 864 1560 λ
897 1519 1030 1576 dicit
1061 1535 1074 1571 :
1103 1514 1392 1572 Consilium
1428 1510 1528 1574 do;
1562 1505 1649 1561 isti
1680 1498 2104 1559 dissuadendum

508 1629 723 1693 putant,
754 1631 824 1672 ne
844 1628 950 1685 qua
993 1607 1208 1666 studeat
1233 1601 1552 1674 virginitati.

581 1709 674 1766 36.
713 1684 882 1776 Cujus
925 1708 1184 1772 quantam
1232 1692 1448 1750 laudem
1475 1689 1628 1746 brevi
1678 1684 1952 1742 versiculo
1984 1695 2107 1751 pro-

2195 490 2345 544 ducet
2376 485 2569 559 (Rom.
2597 497 2709 550 xtv,
2735 480 2824 551 ε),
2856 477 3088 548 accipiat
3127 489 3350 530 uxorem
3383 491 3394 527 :
3426 471 3521 543 qui
3561 470 3791 525 validior

2195 591 2297 648 est,
2329 579 2611 634 fortiorem
2646 587 2667 614 ο
2700 572 2919 629 virtutis
2957 571 3137 626 cibum
3186 575 3430 638 expetat.
3486 564 3793 634 Meritoque

2195 673 2447 745 adjunxit
2474 688 2492 724 :
2525 668 2667 724 Nam
2706 668 2793 737 qui
2821 665 3001 720 statuit
3044 664 3097 716 in
3125 661 3282 716 corde
3311 676 3406 714 suo
3438 659 3642 728 ﬁrmus,
3689 673 3795 710 non

2198 766 2384 820 habens
2439 763 2811 825 necessitatem,
2863 763 3164 828 potestatem
3217 761 3389 807 autem
3445 750 3639 804 habens
3689 763 3796 803 sua

2198 858 2511 921 voluntatis;
2546 853 2710 910 ethoc
2741 849 2988 920 judicavit
3013 849 3068 901 in
3100 845 3255 900 corde
3280 860 3375 899 suo
3407 858 3606 898 servare
3633 841 3792 912 virgi-

2199 967 2313 1005 nem
2337 965 2506 1015 suam,
2542 948 2663 1001 bene
2691 945 2836 1016 facit.
2873 942 3043 1013 Igitur
3062 951 3111 995 et
3152 939 3239 1008 qui
3271 937 3600 992 matrimonio
3618 935 3798 1006 jungit

2202 1043 2449 1114 virginem
2489 1054 2656 1104 suam,
2689 1037 2812 1091 bene
2853 1035 3022 1106 facit:
3061 1040 3107 1086 et
3136 1031 3224 1102 qui
3250 1047 3355 1084 non
3375 1029 3575 1101 jungit,
3614 1026 3796 1080 melius

2205 1135 2346 1204 facit.
2380 1131 2573 1186 Mulier
2600 1130 2770 1183 vincta
2795 1137 2869 1181 est
2917 1125 3036 1195 legi,
3069 1131 3260 1192 quanto
3312 1130 3538 1190 tempore
3578 1120 3656 1172 vir
3683 1121 3796 1190 ejus

2205 1227 2343 1279 virit.
2371 1223 2520 1289 Quod
2549 1223 2594 1275 si
2619 1219 2882 1274 dormierit
2911 1217 2988 1270 vir
3012 1219 3144 1288 ejus,
3179 1213 3393 1268 liberata
3421 1221 3494 1267 est
3521 1228 3539 1264 :
3570 1211 3652 1289 cui
3693 1209 3799 1262 vult

2208 1319 2384 1380 nubat,
2420 1325 2623 1369 tantum
2651 1314 2705 1366 in
2735 1311 2982 1366 Domino.
3026 1307 3239 1362 Beatior
3275 1316 3443 1360 autem
3481 1288 3624 1370 erit;
3647 1305 3692 1356 si
3725 1302 3802 1356 sic

2210 1408 2564 1480 permanserit,
2605 1405 2891 1459 secundum
2934 1417 3101 1456 meum
3146 1399 3447 1463 consilium;
3479 1405 3603 1467 puto
3633 1394 3797 1460 enim,

2207 1513 2256 1556 et
2282 1517 2373 1574 ego
2415 1498 2670 1570 Spiritum
2701 1494 2796 1548 Dei
2827 1491 2985 1546 habeo
3017 1491 3072 1563 (l
3109 1487 3230 1544 Cor.
3276 1503 3370 1552 vn,
3413 1487 3482 1542 ‘58
3527 1493 3571 1539 et
3613 1499 3716 1553 seq.
3754 1482 3797 1552 ).

2213 1596 2324 1650 lloc
2354 1603 2436 1648 est
2464 1590 2749 1647 consilium
2780 1586 2874 1643 Dei
2925 1586 3149 1650 habere,
3181 1581 3467 1653 explorare
3513 1579 3803 1648 diligenter

2211 1688 2412 1752 omnia,
2443 1695 2498 1742 et
2533 1698 2655 1755 qua:
2692 1681 2919 1737 meliora
2948 1686 3095 1745 sunt,
3126 1674 3394 1740 suadere;
3429 1687 3551 1744 quae
3582 1671 3799 1736 tutiora,

510 1804 676 1874 pheta
712 1775 1064 1868 expresserit,
1111 1789 1198 1844 vel
1239 1785 1421 1858 potius
1449 1780 1698 1838 Christus
1729 1779 1779 1832 in
1814 1775 2100 1847 propheta,
2134 1780 2182 1841 Β
2209 1784 2611 1840 demonstrare,

509 1871 774 1950 debemus
788 1896 1139 1957 cognoscere.
1160 1877 1378 1943 Hortus,
1394 1873 1592 1943 inquit,
1607 1871 1814 1924 clausus
1833 1882 1979 1921 soror
1998 1880 2111 1920 mea

513 1987 742 2058 Sponsa,
768 1956 950 2034 hortus
975 1976 1209 2037 clausus,
1238 1974 1354 2040 fons
1385 1965 1620 2038 signatus
1643 1960 1829 2058 (Cant.
1872 1975 1947 2026 tv,
1981 1956 2052 2056 12.
2066 1956 2106 2024 ).

510 2047 760 2133 Christus
789 2073 892 2126 hoc
920 2067 1049 2122 dicit
1083 2063 1150 2118 ad
1178 2059 1496 2122 Eeclesiam,
1527 2068 1691 2124 quam
1714 2050 1831 2106 vult
1853 2063 1979 2103 esse
2009 2047 2112 2100 vir-

510 2167 714 2239 ginem,
748 2161 869 2218 sine
897 2156 1132 2219 macula,
1162 2153 1280 2208 sine
1309 2162 1466 2220 ruga.
1497 2146 1680 2200 Bonus
1724 2141 1919 2196 hortus
1950 2135 2115 2206 virgi—

515 2229 678 2324 nitas,
724 2269 846 2327 qua:
877 2251 1144 2324 plurimos
1173 2245 1301 2302 boni
1326 2242 1464 2297 ferat
1492 2238 1703 2293 fructus
1729 2234 1936 2290 odoris.
1976 2229 2115 2284 Hor-

518 2364 603 2410 tus
628 2325 867 2416 clausus;
891 2346 1014 2416 quia
1047 2339 1283 2410 undique
1312 2335 1513 2391 vallata
1535 2339 1620 2387 est
1647 2343 1802 2385 muro
1824 2325 2111 2382 castitatis.

520 2446 664 2502 Fons
705 2444 972 2514 signatus;
1007 2452 1076 2492 eo
1112 2431 1258 2506 quod
1288 2428 1569 2500 virginitas
1609 2425 1679 2481 sit
1716 2423 1837 2479 fons
1865 2429 1920 2477 et
1965 2418 2118 2489 origo

520 2512 818 2610 pudicitiae,
840 2547 961 2604 qua:
989 2527 1248 2585 inviolata
1277 2519 1550 2578 custodiat
1585 2515 1918 2587 integritatis
1940 2512 2120 2582 signa-

521 2609 648 2688 cula
678 2648 690 2684 :
720 2631 773 2684 in
800 2640 909 2697 quo
932 2623 1083 2679 fonte
1111 2621 1290 2688 imago
1316 2614 1412 2670 Dei
1437 2613 1643 2675 luceat;
1671 2609 1794 2680 quia
1817 2622 1939 2662 cum
1964 2620 2120 2660 mun-

521 2724 652 2780 ditia
684 2718 935 2789 corporis
957 2711 1206 2784 congruit
1238 2708 1402 2764 etiam
1434 2704 1644 2774 puritas
1691 2697 2076 2770 simplicitatis.

595 2815 687 2871 37.
727 2787 838 2867 Nec
868 2815 1048 2879 potest
1077 2802 1337 2858 dubitare
1368 2798 1655 2867 quisquam
1699 2791 1844 2862 quod
1874 2787 2124 2847 Ecclesia

526 2912 676 2978 virgo
704 2906 810 2968 sit,
860 2915 1022 2972 quam
1063 2897 1228 2952 etiam
1263 2892 1317 2947 in
1345 2888 1642 2947 Corinthiis
1673 2883 1966 2956 despondit
1994 2897 2125 2954 apo-

527 3001 701 3056 stolus
734 2996 937 3052 Paulus
968 2988 1166 3062 (ICor.
1196 3001 1294 3052 vn,
1325 2984 1452 3055 26),
1486 2981 1752 3052 virginem
1784 2987 1992 3034 castam
2035 2990 2120 3031 as-

527 3096 745 3164 signare
764 3089 1003 3146 Christo.
1032 3085 1090 3138 In
1115 3081 1398 3151 superiore
1425 3078 1588 3148 igitur
1616 3073 1847 3145 epistola
1873 3071 1967 3126 dat
1993 3083 2123 3124 con-

2279 1875 2372 1930 40.
2414 1870 2679 1928 Providus
2708 1869 2898 1924 ductor
2931 1865 3126 1920 multas
3167 1859 3408 1916 ostendit
3435 1858 3573 1924 vias,
3606 1865 3664 1911 ut
3696 1870 3804 1926 qua

2214 1967 2334 2021 vult
2363 1962 2755 2032 unusquisque,
2784 1973 2945 2030 quam
2988 1955 3093 2010 sibi
3124 1951 3534 2008 accommodam
3572 1948 3805 2004 arbitra-

2216 2069 2322 2124 tur,
2353 2054 2597 2117 incedat;
2623 2050 2920 2108 dummodo
2947 2055 3222 2111 occurrat,
3268 2061 3378 2115 quo
3419 2043 3593 2114 possit
3632 2042 3685 2096 in
3717 2055 3809 2096 ca-

2214 2151 2342 2206 stris
2371 2145 2733 2220 praetendere.
2762 2143 2909 2197 Bona
2938 2139 3264 2210 virginitatis
3294 2139 3398 2201 via,
3435 2135 3529 2191 sed
3558 2133 3810 2189 sublimis

2215 2251 2270 2297 et
2298 2240 2465 2295 ardua
2498 2236 2789 2291 validiores
2819 2229 3068 2302 requirit.
3119 2230 3266 2285 Bona
3313 2229 3476 2285 etiam
3507 2226 3809 2289 viduitatis,

2218 2350 2325 2389 non
2373 2345 2478 2386 tam
2531 2329 2792 2393 difﬁcilis,
2827 2335 2884 2380 ut
2932 2324 3227 2395 superior:
3258 2322 3356 2378 sed
3405 2321 3726 2391 confragosa
3758 2327 3814 2374 et

2217 2443 2412 2499 aspera
2467 2425 2736 2479 cautiores
2785 2421 2972 2491 exigit.
3033 2419 3184 2474 Bona
3232 2417 3399 2472 etiam
3458 2413 3809 2478 matrimonii,

2220 2520 2379 2590 plana
2409 2525 2464 2573 et
2492 2516 2696 2571 directa
2739 2511 2985 2582 longiore
3023 2509 3255 2566 circuitu
3284 2508 3352 2563 ad
3383 2517 3562 2562 castra
3593 2513 3816 2562 sancto-

2222 2628 2340 2668 rum
2371 2609 2641 2682 pervenit,
2668 2622 2730 2661 ea
2762 2605 3026 2676 plurimos
3054 2603 3269 2672 recipit.
3302 2601 3442 2658 Sunt
3469 2615 3602 2671 ergo
3651 2599 3818 2669 virgi—

2222 2704 2404 2761 nitatis
2424 2701 2665 2773 praemia,
2695 2709 2821 2755 sunt
2843 2698 3034 2753 merita
3061 2695 3362 2769 viduitatis,
3392 2704 3478 2750 est
3498 2695 3662 2750 etiam
3685 2707 3818 2749 con-

2218 2797 2384 2866 jugali
2412 2793 2684 2864 pudicitiae
2731 2792 2901 2847 locus.
2945 2789 3158 2846 Gradus
3186 2789 3526 2859 singularum
3577 2796 3709 2843 sunt
3757 2794 3812 2842 et

2223 2891 2560 2945 incrementa
2585 2874 2863 2941 virtutum.

2293 2981 2382 3035 Η.
2422 2980 2576 3036 State
2605 2978 2767 3048 igitur
2799 2979 2851 3031 in
2874 2976 3041 3031 corde
3072 2983 3279 3040 vestro,
3313 2987 3382 3029 ne
3413 2973 3535 3044 quis
3557 2986 3653 3029 vos
3679 2972 3810 3028 sub-

2227 3082 2381 3140 ruat,
2427 3087 2495 3127 ne
2534 3070 2653 3141 quis
2697 3069 2873 3139 possit
2908 3067 3251 3123 subvertere.
3297 3065 3488 3120 Docuit
3531 3079 3632 3120 nos
3668 3065 3816 3134 Apo-

527 3187 732 3250 silium,
764 3190 820 3237 et
848 3177 1127 3235 existimat
1156 3175 1358 3228 bonum
1393 3185 1518 3225 esse
1543 3181 1742 3223 munus
1772 3162 2125 3234 virginitatis;
2155 3151 2200 3212 C
2233 3165 2404 3222 siolus
2431 3163 2559 3234 quid
2589 3164 2658 3217 sit
2686 3171 2855 3227 stare,
2906 3160 3011 3216 hoc
3052 3172 3160 3228 εει,
3207 3160 3351 3228 quod
3388 3159 3561 3230 Moysi
3609 3157 3818 3214 dictum

535 3287 594 3333 ut
625 3274 788 3331 nullis
835 3268 1087 3326 instantis
1137 3264 1326 3320 saacnli
1375 3261 1624 3317 turbetur
1685 3256 2125 3322 necessitatibus,

537 3369 686 3426 nulla
713 3362 904 3422 illuvie
928 3357 1338 3430 coinquinetur,
1367 3353 1532 3408 nullis
1562 3351 1866 3421 exagitetur
1914 3347 2130 3418 procel-

536 3465 602 3520 lis
634 3481 646 3517 :
687 3462 742 3515 in
773 3455 1078 3530 posteriore
1107 3463 1341 3522 sponsor
1371 3457 1454 3503 est
1485 3445 1727 3510 Christo,
1777 3441 1921 3513 quod
1966 3439 2129 3511 virgi-

539 3559 762 3611 nitatem
808 3541 1173 3605 Ecclesiae'in
1209 3543 1355 3598 illius
1383 3539 1558 3610 plebis
1607 3537 1930 3607 consignare
1965 3533 2136 3605 possit

541 3646 857 3718 integritate
883 3638 960 3712 (ll
983 3637 1103 3694 Cor.
1138 3652 1194 3691 ιι
1213 3676 1228 3702 ,
1258 3635 1347 3698 2).

610 3740 700 3797 38.
742 3731 1036 3806 Responde
1097 3727 1233 3784 mihi
1297 3739 1459 3790 nunc,
1522 3723 1709 3788 Paule,
1765 3736 1872 3792 qua
1921 3718 2134 3775 ratione

545 3842 771 3904 pr0pter
844 3827 1137 3881 instantem
1227 3817 1607 3874 necessitatem
1673 3814 1771 3870 des
1845 3812 2133 3868 consilium

544 3927 594 3998 (Ι
620 3924 738 3980 Cor.
768 3935 862 3986 vn,
888 3915 1031 3986 9.6)?
1070 3912 1338 3980 Quoniam
1359 3909 1446 3980 qui
1473 3909 1584 3964 sine
1610 3922 1770 3962 uxore
1815 3915 1913 3973 cst,
1942 3904 2136 3959 sollici-

547 3996 648 4080 tus,
682 4012 878 4081 inquit,
917 4017 991 4063 est
1031 4021 1145 4074 quis
1168 4003 1384 4058 Domini
1437 4011 1580 4065 sunt,
1629 3996 1890 4068 quomodo
1935 3997 2138 4067 placeat

546 4106 658 4161 Deo
705 4101 902 4175 (lbid.,
943 4097 1072 4167 52).
1107 4092 1439 4150 Etaddidit:
1476 4090 1544 4144 Et
1573 4091 1760 4144 mulier
1810 4089 2034 4156 innupta
2092 4095 2140 4139 et

545 4199 688 4268 virgo
716 4193 907 4263 cogitat
925 4202 1039 4258 quae
1064 4193 1187 4240 sunt
1208 4182 1456 4247 Domini;
1488 4190 1542 4234 ut
1563 4180 1628 4234 sit
1649 4187 1826 4234 sancta
1850 4193 2064 4248 corpore
2091 4185 2139 4231 et

547 4267 736 4360 spiritu
774 4281 976 4356 (Ibid.,
1003 4275 1127 4346 54).
1159 4275 1334 4330 liabet
1398 4273 1563 4342 igitur
1613 4285 1829 4325 murum
1861 4283 2016 4324 suum
2047 4267 2143 4323 ad-

549 4359 741 4436 versus
781 4369 968 4428 mundi
1001 4365 1164 4436 hujus
1193 4365 1462 4429 turbines,
1499 4371 1552 4416 et
1591 4362 1714 4416 ideo
1750 4368 1906 4429 septo
1943 4359 2142 4414 divina:

537 4473 582 4513 -δ
606 4467 808 4525 munita
828 4455 1178 4533 protectionis
1194 4454 1362 4510 nullis
1379 4453 1564 4508 saeculi
1580 4450 1767 4506 ﬂabris
1785 4451 2139 4520 inquietatur.

2232 3268 2317 3314 est
2361 3275 2372 3309 :
2416 3256 2582 3311 Locus
2632 3256 2778 3311 enim
2825 3256 2879 3308 in
2909 3265 3009 3325 quo
3055 3262 3112 3308 tu
3163 3263 3290 3318 stas,
3341 3263 3477 3306 terra
3521 3260 3698 3306 sancta
3745 3261 3821 3305 est

2233 3349 2449 3420 (Exod.
2485 3365 2565 3416 ιιι,
2596 3349 2692 3418 5);
2737 3363 2898 3403 nemo
2927 3349 3073 3403 enim
3119 3355 3246 3411 stat,
3292 3346 3394 3400 nisi
3417 3346 3509 3416 qui
3559 3345 3662 3400 ﬁde
3689 3353 3815 3411 stat,

2236 3441 2336 3496 nisi
2366 3441 2457 3508 qui
2482 3439 2619 3494 ﬁxus
2650 3447 2758 3493 stat
2788 3439 2876 3494 sui
2906 3437 3088 3494 cordis
3115 3436 3410 3494 sententia.
3438 3436 3581 3492 Alibi
3609 3449 3823 3506 quoque

2237 3533 2464 3604 legimus
2503 3549 2517 3586 :
2558 3532 2638 3586 Tu
2668 3542 2839 3588 autem
2885 3532 2969 3588 hic
3012 3542 3092 3587 sta
3139 3548 3353 3586 mecum.
3404 3519 3706 3600 Utrumque
3755 3529 3823 3583 ad

2238 3626 2460 3696 Moysen
2483 3641 2512 3680 a
2535 3626 2769 3682 Domino
2811 3625 3014 3682 dictum
3041 3636 3145 3692 est,
3177 3633 3233 3681 et
3258 3645 3271 3680 :
3303 3624 3402 3680 Ubi
3427 3633 3481 3678 tu
3508 3633 3644 3691 stas,
3687 3634 3823 3677 terra

2238 3728 2414 3772 sancta
2453 3727 2526 3773 est
2557 3716 2750 3789 (Deut.
2783 3734 2848 3786 v,
2882 3719 2943 3774 51
2966 3718 3020 3788 );
3055 3728 3110 3774 ει
3142 3735 3154 3770 :
3189 3716 3292 3771 Hic
3321 3725 3401 3772 sta
3453 3733 3688 3783 mecum,
3721 3715 3825 3771 hoc

2239 3820 2344 3878 est,
2370 3825 2582 3867 mecum
2610 3818 2741 3876 stas,
2766 3811 2812 3865 si
2840 3819 2952 3866 stes
2974 3811 3026 3865 in
3051 3810 3314 3866 Ecclesia.
3337 3809 3460 3880 Ipse
3489 3813 3635 3865 enim
3666 3809 3821 3864 locus

2241 3913 2324 3960 est
2353 3914 2598 3970 sanctus,
2626 3906 2740 3974 ipsa
2761 3913 2905 3961 terra
2936 3903 3171 3960 fecunda
3193 3903 3524 3969 sanctitatis,
3574 3911 3626 3958 et
3645 3902 3824 3973 opima

2243 3995 2499 4052 virtutum
2529 3996 2818 4052 messibus.

2313 4088 2402 4142 42.
2446 4089 2536 4144 Sta
2564 4103 2693 4158 ergo
2723 4088 2779 4142 in
2814 4087 3076 4152 Ecclesia,
3106 4094 3189 4141 sta
3223 4086 3312 4141 ubi
3347 4085 3445 4140 tibi
3479 4084 3729 4156 apparui,
3755 4084 3827 4139 ibi

2243 4192 2344 4248 ego
2366 4187 2542 4234 tecum
2571 4187 2713 4235 sum.
2739 4177 2840 4235 Ubi
2870 4186 2954 4234 est
2979 4178 3247 4244 Ecclesia,
3277 4177 3351 4232 ibi
3376 4175 3690 4232 ﬁrmissima
3721 4184 3830 4231 sta-

2245 4270 2320 4326 tio
2351 4281 2455 4328 tuae
2479 4273 2674 4327 mentis
2695 4280 2780 4327 est
2805 4288 2819 4327 :
2849 4272 2922 4327 ibi
2953 4270 3362 4326 fundamentum
3390 4269 3558 4325 animi
3588 4271 3688 4336 tui,
3740 4270 3830 4325 ubi

2247 4362 2340 4417 tibi
2371 4363 2441 4418 de
2479 4364 2616 4418 rubo
2660 4363 2902 4432 apparui.
2935 4360 3016 4416 'l‘u
3044 4362 3235 4426 rubus,
3258 4375 3358 4431 ego
3411 4360 3584 4431 ignis:
3609 4360 3749 4430 ignis
3777 4360 3829 4414 in

2247 4454 2405 4523 rubo,
2436 4444 2619 4525 egoin
2645 4468 2828 4509 carne.
2859 4453 3154 4522 Propterea
3184 4455 3346 4524 ignis,
3380 4461 3439 4508 ut
3467 4452 3567 4507 tibi
3595 4453 3828 4520 luceam,

551 4565 762 4620 Bonum
789 4568 918 4624 ergo
943 4548 1262 4610 consilium;
1293 4545 1416 4614 quia
1443 4546 1495 4598 in
1532 4543 1760 4598 consilio
1799 4543 2005 4598 utilitas
2033 4551 2136 4611 est,
2167 4525 2219 4585 Ῑ)
2247 4559 2306 4603 ιιι
2335 4557 2453 4603 tuas
2483 4547 2682 4617 spinas,
2728 4554 2788 4602 ut
2814 4554 2904 4601 tua
2943 4554 3164 4616 peccata
3204 4559 3542 4612 consumam,
3570 4554 3627 4600 et
3654 4559 3831 4600 meam

547 4658 604 4712 in
636 4653 909 4724 praecepto
939 4642 1183 4711 laqueus.
1214 4633 1514 4691 Consilium
1547 4633 1740 4688 invitat
1781 4632 2139 4700 voluntarios,

548 4750 882 4820 praeceptum
934 4730 1189 4802 astringit
1253 4729 1472 4784 invitos.
1523 4727 1579 4783 Si
1632 4742 1738 4798 qua
1779 4741 1909 4798 ergo
1954 4735 2142 4782 secuta

551 4838 716 4895 fuerit
741 4829 1054 4892 consilium,
1082 4833 1138 4880 et
1167 4838 1284 4879 eam
1332 4837 1439 4877 non
1489 4821 1830 4892 paenituerit,
1863 4822 2144 4892 acquisivit

552 4929 838 4986 utilitatem
871 4923 949 4975 :si
973 4932 1135 4989 quam
1157 4929 1286 4971 vero
1308 4913 1644 4984 paenituerit,
1677 4927 1782 4967 non
1813 4911 1976 4968 habet
1997 4910 2141 4982 quod

549 5027 770 5078 accuset
801 5008 1148 5082 Apostolum;
1173 5007 1289 5076 ipsa
1311 5005 1456 5059 enim
1496 5003 1565 5059 de
1594 5002 1912 5058 inﬁrmitate
1937 5018 2034 5058 sua
2053 5003 2141 5072 ju-

553 5115 737 5170 dicare
765 5103 951 5161 debuit
980 5118 994 5154 :
1026 5107 1081 5154 et
1113 5096 1234 5152 ideo
1280 5094 1386 5151 sibi
1425 5094 1718 5149 voluntatis
1746 5107 1858 5148 sua:
1903 5108 1994 5148 rea
2032 5102 2138 5159 est,

551 5203 704 5266 cuius
731 5194 982 5270 graviore
1009 5203 1168 5260 quam
1203 5186 1344 5242 ferre
1373 5193 1574 5256 posset,
1602 5185 1796 5254 laqueo
1824 5199 1884 5239 se
1912 5199 1976 5240 ac
1995 5184 2137 5242 nodo

547 5295 756 5366 ligavit.

610 5387 702 5444 59.
743 5383 932 5452 Itaque
957 5387 1231 5446 tamquam
1258 5373 1432 5428 bonus
1461 5372 1720 5441 medicus,
1768 5375 1859 5443 qui
1888 5381 1942 5428 et
1968 5373 2126 5429 forti-

528 5483 628 5538 bus
649 5474 1001 5537 stabilitatem
1020 5466 1238 5522 vit-tutis
1261 5477 1588 5520 conservare
1609 5465 1811 5534 cupiat,
1826 5474 1882 5519 et
1900 5465 2126 5520 inﬁrmis

525 5571 907 5629 salubritatem
936 5561 1086 5624 dare,
1115 5557 1236 5612 aliis
1262 5556 1356 5610 dat
1383 5554 1667 5609 consilium
1686 5598 1701 5623 ,
1734 5557 1854 5610 aliis
1897 5557 2124 5611 demon-

526 5718 620 5830 ὤκει
663 5706 791 5760 Mss.
843 5712 949 5754 non
993 5693 1167 5764 pauci,
1217 5692 1388 5746 dicit:
1416 5688 1666 5756 Consilio,
1709 5691 1794 5745 isti
1813 5690 2116 5748 dissuadere

599 5789 668 5826 m.

599 5789 668 5826 m.

2248 4638 2342 4698 tibi
2372 4640 2742 4694 demonstrem
2765 4638 3017 4708 gratiam.

2315 4733 2405 4789 43.
2449 4732 2667 4787 Stantes
2699 4746 2829 4802 ergo
2861 4731 2913 4786 in
2944 4728 3109 4786 corde
3140 4742 3324 4786 vestro
3365 4731 3522 4798 lupos
3553 4727 3734 4800 fugate
3768 4730 3835 4785 ab

2247 4823 2488 4878 Ecclesia
2513 4831 2822 4893 quazrentes
2846 4822 3081 4892 prmdam
3113 4822 3326 4877 tollere.
3363 4821 3475 4874 Non
3503 4821 3575 4875 sit
3600 4821 3654 4874 in
3685 4821 3834 4878 vobis

2247 4914 2476 4981 desidia,
2508 4930 2612 4969 non
2651 4913 2721 4968 sit
2753 4929 2979 4984 pravum
3010 4928 3094 4978 os,
3133 4913 3315 4983 lingua
3351 4912 3608 4966 amarior.
3657 4911 3835 4968 Nolite

2248 5006 2299 5062 in
2329 5006 2558 5062 concilio
2578 5006 2834 5062 vanitatis
2854 5005 3078 5070 sedere;
3107 5005 3370 5074 scriptum
3395 5004 3642 5060 estenim
3669 5023 3683 5057 :
3713 5003 3834 5058 Non

2243 5099 2353 5152 sedi
2381 5099 2434 5152 in
2465 5098 2681 5153 concilio
2707 5099 2942 5153 vanitatis
2990 5095 3180 5169 (Psal.
3224 5112 3353 5163 xxv,
3380 5095 3471 5165 4).
3513 5094 3692 5150 Nolite
3740 5112 3833 5151 au-

2244 5189 2364 5246 dire
2389 5190 2741 5246 detrahentes
2781 5189 2848 5245 de
2879 5189 3173 5259 proximis;
3197 5202 3265 5242 ne
3292 5187 3421 5242 dum
3443 5186 3643 5242 auditis
3673 5187 3831 5253 alios,

2241 5284 2646 5352 provocemini;
2680 5290 2738 5338 ut
2758 5292 2813 5337 et
2839 5283 2937 5351 ipsi
2967 5280 3240 5350 derogetis
3270 5280 3563 5348 proximis,
3588 5288 3644 5334 et
3679 5279 3830 5334 dica-

2239 5381 2325 5428 tur
2343 5375 2629 5444 unicuique
2655 5381 2894 5428 vestrum
2914 5389 2932 5426 :
2956 5372 3157 5427 Sedens
3177 5370 3427 5426 adversus
3447 5373 3664 5441 fratrem
3685 5381 3826 5426 tuum

2232 5464 2532 5519 detrahebas
2559 5466 2577 5534 (
2603 5463 2750 5519 Psal.
2779 5479 2926 5529 thx,
2951 5462 3076 5533 20).

2304 5557 2396 5611 44.
2439 5555 2706 5613 Sedentes
2734 5555 3052 5621 detrahunt,
3081 5562 3289 5610 stantes
3318 5562 3502 5609 autern
3532 5553 3823 5610 Dominum

2299 5693 2325 5731 ι)
2367 5693 2540 5748 Paris.
2567 5693 2817 5764 quaedam
2840 5691 2996 5756 edit.,
3027 5690 3226 5764 munita
3254 5689 3600 5759 perfectionis.

2299 5777 2319 5803 ε
2363 5765 2492 5822 Mss.
2519 5761 2743 5835 aliquot,
2770 5764 2972 5819 virtutis
2995 5761 3164 5816 cibum
3188 5769 3459 5830 exspectet.
