4076 6172
329 192 466 252 ίὲοὶ

1504 197 1990 257 EPISTOLARUM
2027 199 2309 260 CLASSIS
2349 203 2388 258 Ι.

3479 203 3621 261 1202

329 309 678 373 benedicunt,
702 310 898 380 quibus
924 312 1122 367 dicitur
1153 330 1163 363 :
1195 312 1326 368 Ecce
1347 330 1482 367 nunc
1509 315 1786 368 benedicite
1813 313 1924 368 Do-
1948 318 2000 377 Α
2028 320 2393 386 passiouibus,
2425 329 2696 392 tamquam
2717 334 3122 379 consummatus
3153 323 3292 394 ipse,
3315 323 3602 381 sanitatem

327 401 547 465 minum,
572 417 744 456 omnes
764 404 895 456 servi
916 402 1148 468 Domini,
1171 406 1260 474 qui
1284 406 1430 459 statis
1451 406 1504 459 in
1530 407 1680 459 domo
1709 405 1920 460 Domini

333 491 514 562 (Psal.
539 507 766 558 cxxxiii,
793 494 812 545 l
835 493 874 564 ).
908 494 1010 560 Qui
1035 495 1208 561 sedet,
1241 504 1300 549 ut
1327 496 1392 550 de
1417 510 1687 566 corporeo
1708 511 1808 551 usu
1840 498 1921 552 lo-

327 601 486 656 quar,
508 596 532 622 η
550 589 702 657 quasi
727 590 906 646 otioso
925 591 1216 646 resolvitur
1237 605 1488 662 corpore,
1517 601 1678 662 atque
1710 592 1920 664 1033

328 676 682 734 intentionem
716 682 918 736 mentis
949 682 1178 737 relaxat.
1213 683 1330 738 Stat
1382 694 1563 740 autem
1597 685 1920 752 speculator

330 769 610 839 providus,
659 772 973 841 explorator
1025 775 1275 844 impiger,
1329 776 1558 845 pervigil
1587 789 1797 842 custos,
1827 778 1919 846 qui

333 862 616 932 przctendit
645 863 696 918 in
719 865 938 920 castris.
966 865 1205 921 Bellator
1230 883 1445 936 quoque
1467 875 1723 922 strenuus
1745 867 1773 906 δ
1795 878 1922 924 ante

331 963 700 1023 exspectatum
727 965 835 1010 stat
857 956 910 1010 in
939 957 1175 1026 agmine,
1203 959 1293 1028 qui
1322 959 1436 1013 vult
1465 959 1760 1014 adversarii
1789 976 1923 1016 con-

332 1045 450 1100 silia
484 1047 802 1117 praevenire.

401 1138 490 1192 45.
533 1138 634 1205 Qui
675 1149 802 1207 stat,
832 1141 1001 1196 videat
1036 1158 1098 1195 ne
1145 1144 1294 1197 cadat
1327 1143 1377 1213 (l
1403 1143 1520 1198 Cor.
1553 1162 1607 1209 x,
1661 1147 1784 1216 {2).
1817 1148 1921 1214 Qui

332 1239 456 1295 stat,
514 1231 821 1287 obtrectare
875 1234 1081 1298 nescit;
1123 1235 1426 1289 otiosorum
1475 1239 1677 1292 etenim
1725 1238 1920 1295 fabula:

331 1330 476 1387 sunt,
506 1322 704 1392 quibus
727 1325 1047 1381 obtrectatio
1069 1329 1290 1392 seritur,
1317 1329 1623 1398 malignitas
1644 1329 1917 1399 proditur.

333 1411 490 1469 Unde
521 1415 597 1468 ait
629 1415 900 1486 Propheta
934 1435 947 1470 :
983 1416 1117 1472 0dio
1146 1418 1301 1472 habui
1329 1421 1775 1492 congregationem
1808 1438 1924 1476 ma-

332 1505 613 1575 lignorum,
658 1517 705 1562 et
738 1524 849 1562 cum
876 1510 1049 1578 impiis
1080 1527 1182 1565 non
1209 1512 1394 1566 sedebo
1438 1511 1621 1584 (Psal.
1670 1530 1797 1581 xxv,
1833 1516 1916 1584 5).

335 1598 401 1653 Et
433 1600 483 1654 in
509 1601 786 1671 trigesimo
824 1613 986 1658 sexto
1017 1604 1245 1673 psalmo,
1279 1618 1300 1644 ε
1324 1621 1485 1676 quem
1520 1608 1805 1678 praeceptis
1830 1622 1921 1663 re-

2024 409 2176 464 dedit
2200 411 2476 479 omnibus,
2510 425 2787 482 peccatum
2812 416 2936 471 tulit
2959 417 3223 472 omnium.

2095 504 2185 558 48.
2227 505 2355 560 Ideo
2433 516 2488 559 et
2564 508 2743 564 Aaron
2831 510 3170 565 sacerdotem
3248 509 3366 580 ipse
3447 511 3615 582 elegit

2024 595 2212 668 (Num.
2240 613 2370 663 xvn,
2396 599 2486 669 8),
2518 611 2572 654 ut
2598 616 2703 656 non
2728 603 2962 656 humana
2993 604 3260 674 cupiditas
3289 605 3342 658 in
3364 604 3619 675 eligendo

2025 691 2308 746 sacerdote
2335 693 2804 762 prteponderaret,
2832 696 2927 750 sed
2950 699 3119 766 gratia
3145 698 3259 763 Dei,
3292 714 3402 753 non
3424 699 3616 754 volun-

2027 781 2161 836 taria
2190 783 2390 839 oblatio
2429 801 2440 837 :
2476 801 2576 841 nec
2611 788 2828 856 propria
2871 790 3194 860 assumptio,
3234 791 3329 846 sed
3379 792 3616 848 caelestis

2025 875 2264 940 vocatio;
2300 885 2355 930 ut
2375 880 2422 931 is
2444 877 2638 932 offerat
2668 895 2890 934 munera
2918 895 3018 950 pro
3042 883 3296 951 peccatis,
3326 883 3416 953 qui
3443 885 3614 954 possit

2023 965 2162 1020 affici
2195 983 2290 1036 pro
2324 970 2670 1038 peccantibus
2711 989 2724 1024 :
2759 972 2884 1042 quia
2934 983 2990 1028 et
3023 975 3160 1043 ipse,
3211 975 3405 1046 inquit,
3439 986 3619 1047 gestat

2027 1057 2415 1116 inﬁrmitatem.
2465 1061 2581 1116 Non
2622 1062 2727 1118 sibi
2756 1063 2878 1133 quis
2903 1064 3164 1122 honorem
3189 1066 3352 1122 debet
3371 1083 3616 1134 sumere,

2026 1149 2121 1204 sed
2144 1152 2323 1206 vocari
2351 1167 2378 1205 a
2402 1153 2537 1221 Deo,
2573 1155 2715 1209 sicut
2739 1164 2795 1210 et
2819 1156 3032 1221 Aaron;
3057 1168 3113 1213 et
3134 1159 3206 1213 ita
3234 1159 3484 1216 Christus
3504 1177 3608 1215 non

2027 1244 2224 1312 exegit,
2249 1243 2344 1298 sed
2376 1248 2584 1314 accepit
2612 1246 2974 1303 sacerdotium
3009 1248 3205 1318 (Hebr.
3237 1250 3360 1318 νβ,
3385 1251 3472 1321 3).

2102 1335 2313 1406 1035
2339 1337 2429 1391 49.
2474 1337 2714 1409 Denique
2764 1354 2887 1394 cum
2937 1342 3006 1396 ab
3053 1340 3234 1396 Aaron
3288 1358 3386 1413 per
3439 1359 3611 1414 genus

2025 1424 2186 1482 dueta
2237 1430 2530 1495 successio,
2586 1433 2802 1501 generis
2855 1436 3026 1503 magis
3079 1443 3287 1490 teneret
3337 1436 3608 1502 liairedcs,

2025 1531 2184 1584 quam
2211 1517 2433 1586 justitiae
2459 1531 2769 1586 consortes;
2805 1532 3090 1592 propterea
3118 1526 3184 1580 ad
3229 1534 3416 1598 typum
3455 1528 3604 1583 illius

2027 1606 2447 1674 Melchisedech,
2490 1627 2646 1681 quem
2679 1614 2732 1668 in
2761 1617 2932 1670 veteri
2977 1626 3305 1674 testamento
3352 1621 3606 1691 legimus,

333 1693 482 1746 fersit
514 1694 842 1760 moralibus,
879 1697 931 1750 in
975 1695 1245 1767 principio
1291 1699 1476 1754 statim
1528 1701 1710 1770 posuit
1747 1717 1760 1752 :
1793 1699 1921 1754 Noli
1951 1701 1998 1761 Β
2024 1713 2185 1754 verus
2206 1701 2625 1769 Melchisedech,
2650 1719 2810 1758 verus
2833 1722 2924 1759 rex
2953 1709 3120 1776 pacis,
3145 1723 3308 1764 verus
3327 1725 3422 1764 rex
3449 1711 3611 1780 justi-

330 1784 606 1854 malignari
632 1787 762 1840 inter
783 1788 1140 1858 malignantes,
1171 1805 1330 1859 neque
1357 1792 1624 1846 tumulatus
1657 1793 1817 1863 fueris
1843 1792 1924 1860 fa-

329 1877 517 1930 cientes
547 1879 863 1947 iniquitatem
892 1879 1075 1947 (Psal.
1116 1898 1298 1949 xxxvi,
1330 1885 1416 1952 1).
1467 1885 1773 1955 Malignitas
1803 1886 1924 1956 plus

332 1975 489 2022 nocet
511 1983 672 2039 quam
699 1971 901 2026 malitia
925 1988 939 2036 ;
969 1973 1095 2041 quia
1124 1973 1434 2044 malignitas
1457 1992 1556 2031 nec
1580 1992 1770 2046 puram
1795 1978 1924 2032 sim-

328 2061 626 2130 plicitatem
676 2062 862 2130 habet,
914 2080 1016 2120 nec
1064 2076 1308 2136 apertam
1357 2069 1769 2124 malitianizsed
1800 2069 1923 2124 abs-

325 2155 602 2210 conditam
633 2157 1092 2212 malevolentiam.
1125 2159 1406 2214 Difﬁcilius
1441 2169 1624 2216 autem
1657 2169 1921 2216 caventur

327 2248 564 2312 occulta,
597 2264 757 2318 quam
794 2265 917 2318 quae
947 2261 1072 2304 sunt
1117 2252 1353 2322 cognita.
1397 2251 1553 2308 Unde
1579 2261 1635 2308 et
1669 2252 1924 2308 Salvator

327 2348 516 2394 noster
545 2338 570 2375 d
617 2355 645 2393 a
677 2341 962 2410 spiritibus
1007 2343 1259 2412 malignis
1302 2344 1601 2399 cavendum
1643 2345 1922 2414 admonet,

327 2429 473 2498 quod
528 2445 630 2486 nos
685 2432 1006 2487 blandarum
1055 2435 1240 2502 specie
1291 2436 1626 2504 voluptatum
1677 2437 1919 2504 capiant,

326 2529 762 2592 caiterarumque
807 2538 988 2578 rerum
1017 2525 1394 2591 simulatione;
1426 2542 1550 2582 cum
1580 2528 1646 2582 ad
1675 2529 1924 2582 ambitio-

326 2629 472 2680 nem,
527 2613 812 2680 honorem,
857 2619 1168 2682 avaritiam,
1202 2618 1450 2684 divitias,
1496 2619 1563 2674 ad
1608 2619 1920 2690 superbiam

330 2706 588 2774 potentiae
617 2707 887 2763 lenocinia
913 2711 1277 2778 prietendunt.

399 2798 489 2855 46.
531 2799 712 2870 Itaque
758 2816 880 2856 cum
915 2802 966 2857 in
1017 2805 1164 2857 omni
1213 2813 1360 2871 actu,
1414 2815 1522 2858 tum
1580 2808 1814 2861 maxime
1866 2807 1918 2860 in

330 2892 574 2962 episcopi
611 2894 871 2962 petitione
915 2896 1110 2952 abesse
1151 2897 1316 2952 debet
1355 2899 1685 2968 malignitas,
1737 2900 1789 2952 in
1817 2914 1922 2969 quo

331 2986 441 3037 vita
471 2983 732 3039 formatur
756 2987 1030 3052 omnium;
1063 2997 1114 3041 ut
1146 2988 1359 3056 placido
1387 2997 1444 3044 et
1473 2989 1696 3059 pacifico
1715 2989 1922 3059 judicio

2028 1789 2115 1842 tite
2146 1792 2326 1856 venit;
2376 1791 2476 1846 hoc
2503 1795 2646 1847 enim
2697 1795 2860 1850 habet
2909 1797 3152 1852 nominis
3203 1799 3622 1868 interpretatio,

2023 1882 2135 1935 sine
2173 1894 2338 1954 patre,
2378 1886 2490 1940 sine
2538 1896 2720 1952 matre,
2759 1897 2782 1924 ε
2805 1889 2915 1942 sine
2960 1892 3310 1960 generationis
3353 1908 3627 1946 enumera-

2029 1975 2182 2042 tione,
2222 1993 2381 2046 neque
2417 1979 2621 2031 initium
2649 1980 2870 2048 dierum,
2911 1998 3072 2050 neque
3103 1983 3257 2052 ﬁnem
3298 1984 3414 2038 vita:
3434 1983 3625 2039 habens

2028 2067 2226 2138 (Hebr.
2259 2085 2351 2132 vn,
2377 2071 2412 2124 2
2433 2111 2448 2136 ,
2481 2071 2584 2141 3):
2615 2073 2760 2141 quod
2791 2083 2847 2126 et
2875 2074 2943 2128 ad
2989 2074 3188 2130 Filium
3223 2077 3314 2131 Dei
3367 2077 3624 2145 refertur,

2023 2161 2113 2230 qui
2144 2169 2369 2215 matrem
2403 2164 2457 2215 in
2487 2163 2576 2218 illa
2607 2163 2786 2217 divina
2832 2167 3191 2235 generatione
3223 2168 3476 2235 nescivit,
3527 2184 3622 2238 pa-

2027 2260 2161 2304 trem
2194 2251 2246 2305 in
2272 2251 2372 2306 hoc
2396 2252 2617 2322 virginis
2649 2255 2830 2308 Mariae
2864 2264 3018 2322 partu
3046 2256 3347 2325 ignoravit;
3376 2273 3442 2312 ex
3467 2259 3626 2314 Patre

2024 2339 2144 2393 solo
2168 2349 2477 2397 uatusante
2505 2343 2725 2410 saecula,
2752 2359 2818 2400 ex
2853 2344 3076 2414 Virgine
3109 2347 3223 2400 sola
3259 2355 3414 2401 ortus
3441 2348 3497 2402 in
3522 2349 3626 2404 hoc

2025 2432 2247 2495 saculo,
2293 2432 2504 2486 initium
2553 2433 2770 2490 dierum
2810 2434 3014 2491 habere
3065 2438 3250 2507 utique
3271 2453 3378 2492 non
3427 2440 3624 2510 potuit,

2024 2522 2115 2592 qui
2157 2530 2277 2576 erat
2321 2522 2377 2576 in
2427 2525 2716 2594 principio.
2765 2525 3052 2592 Quomodo
3091 2537 3270 2584 autem
3303 2529 3429 2584 vitae
3459 2529 3622 2585 tinem

2027 2613 2273 2679 haberet,
2317 2615 2409 2684 qui
2449 2617 2574 2669 vita:
2617 2628 2806 2672 auctor
2836 2620 3093 2673 omnibus
3125 2619 3247 2674 est?
3276 2618 3404 2690 Ipse
3433 2622 3628 2690 princi-

2024 2704 2167 2774 pium
2191 2716 2236 2759 et
2261 2707 2380 2772 ﬁnis
2409 2708 2636 2761 omnium
2665 2709 2862 2780 (Apoc.
2893 2726 2932 2777 ι,
2962 2711 3051 2781 8).
3076 2711 3183 2767 Sed
3211 2712 3446 2767 refertur
3481 2721 3539 2768 et
3557 2714 3624 2767 ad

2026 2799 2355 2868 exemplum,
2389 2809 2447 2854 ut
2478 2810 2753 2872 tamquam
2781 2803 2902 2858 sine
2930 2813 3081 2871 patre
3116 2814 3172 2860 et
3194 2806 3312 2860 sine
3337 2815 3510 2861 matre
3541 2821 3628 2860 sa-

2025 2890 2220 2946 cerdos
2249 2906 2371 2946 esse
2396 2891 2626 2958 debeat;
2672 2895 2724 2947 iu
2771 2911 2879 2964 quo
2919 2911 3025 2952 non
3071 2899 3289 2967 generis
3341 2897 3624 2962 nobilitas,

2025 2983 2122 3038 sed
2156 2998 2365 3039 morum
2402 2983 2418 3020 ί
2451 2985 2690 3057 eligatur
2734 2989 2932 3056 gratia,
2961 2997 3019 3044 et
3045 2990 3310 3044 virtutum
3349 3005 3626 3062 praeroga-

331 3075 651 3146 prteferatur
677 3077 757 3131 vir
780 3078 1054 3141 omnibus,
1087 3079 1181 3147 qui
1209 3080 1442 3150 eligatur
1469 3095 1534 3135 ex
1564 3081 1834 3146 omnibus,
1869 3089 1921 3136 et
1948 3074 1992 3136 C
2029 3076 2157 3130 tiva.

327 3167 421 3236 qui
472 3167 750 3222 medeatur
779 3169 1033 3224 omnibus
1075 3187 1088 3222 :
1130 3169 1343 3224 Etenim
1402 3181 1698 3225 mansuetus
1746 3171 1920 3236 homo,

329 3260 500 3314 cordis
547 3261 771 3313 medicus
812 3269 888 3314 est
919 3260 1112 3332 (Prov.
1141 3277 1256 3327 xlv,
1280 3262 1405 3331 50).
1436 3261 1602 3331 Cujus
1650 3278 1708 3317 se
1753 3262 1926 3317 medi-

330 3369 456 3408 cum
477 3356 640 3408 etiam
668 3354 926 3409 Dominus
947 3354 997 3408 in
1029 3356 1318 3426 Evangelio
1341 3357 1550 3410 locutus
1575 3364 1677 3422 est,
1700 3355 1886 3410 dicens
1909 3374 1920 3409 :

337 3444 458 3498 Non
489 3461 616 3514 apus
643 3455 717 3499 est
767 3447 908 3499 sanis
953 3447 1200 3512 medicus,
1247 3446 1338 3501 sed
1362 3447 1425 3501 iis
1453 3449 1540 3516 qui
1564 3448 1697 3501 male
1741 3449 1926 3502 habent

332 3535 562 3607 (Matth.
597 3553 672 3603 Ix,
704 3537 831 3608 12).

404 3628 495 3682 47.
540 3629 720 3684 Bonus
753 3629 994 3685 medicus
1019 3671 1034 3694 ,
1067 3629 1158 3700 qui
1191 3629 1534 3685 inﬁrmitates
1564 3639 1782 3684 nostras
1809 3644 1928 3683 sus-

335 3721 511 3788 cepit,
553 3721 764 3775 sanavit
804 3721 1180 3792 aegritudines;
1211 3731 1265 3775 ct
1296 3731 1474 3777 tamen
1503 3723 1604 3775 iste
1628 3763 1641 3782 ,
1679 3723 1820 3776 sicut
1848 3731 1930 3775 est

335 3813 622 3880 scriptum,
653 3827 759 3867 non
795 3828 854 3867 se
885 3813 1262 3868 ltonoriticavit
1289 3813 1402 3868 fieri
1447 3829 1720 3868 summum
1749 3827 1932 3868 sacer-

335 3901 519 3955 dotem
555 3919 567 3953 :
611 3902 707 3957 sed
751 3904 839 3970 qui
889 3903 1098 3958 locutus
1144 3912 1228 3958 est
1255 3904 1322 3957 ad
1355 3918 1500 3967 eum,
1553 3903 1712 3958 Pater
1755 3904 1926 3958 dixit:

341 3993 512 4048 Filius
533 4011 674 4048 meus
695 4013 746 4049 es
769 4005 843 4060 tu,
864 4013 954 4068 ego
967 3997 1118 4050 hodie
1139 3999 1290 4066 genui
1314 3998 1388 4063 te(
1408 3997 1460 4049 ΙΙ
1465 3999 1572 4050 ebr.
1592 4015 1646 4061 v,
1663 3999 1755 4052 Eiet
1772 4001 1927 4069 seq.).

339 4087 495 4141 Sicut
539 4096 594 4141 et
621 4087 748 4142 alibi
779 4087 907 4143 dicit
950 4106 962 4140 :
991 4088 1070 4141 Tu
1117 4106 1168 4142 es
1198 4089 1440 4144 sacerdos
1472 4091 1523 4142 in
1561 4100 1811 4144 aeternum
1854 4109 1934 4147 se-

339 4178 571 4232 cundum
619 4180 850 4234 ordinem
897 4178 1296 4234 Melchisedech.
1347 4181 1447 4248 Qui
1477 4181 1730 4248 quoniam
1777 4194 1935 4254 typus

341 4271 554 4324 futurus
583 4282 699 4324 erat
727 4270 1070 4326 sacerdotum
1105 4271 1371 4334 omnium,
1403 4273 1525 4328 ideo
1563 4288 1786 4329 carnem
1815 4290 1938 4330 sus-

341 4363 514 4431 cepit;
541 4374 594 4415 ut
621 4364 672 4417 in
700 4363 878 4417 diebus
915 4365 1088 4418 carnis
1114 4379 1222 4418 sua:
1255 4381 1428 4433 preces
1457 4375 1504 4418 et
1529 4367 1938 4437 supplicationes

2097 3168 2186 3224 50.
2231 3168 2314 3225 Sit
2344 3163 2398 3224 iu
2426 3185 2492 3225 eo
2525 3159 2680 3238 fides,
2703 3181 2979 3226 etmorum
3014 3174 3298 3229 maturitas
3331 3191 3346 3229 :
3381 3190 3491 3231 non
3537 3177 3616 3231 al-

2027 3262 2201 3307 terum
2233 3254 2352 3310 sine
2381 3255 2574 3320 altero,
2626 3256 2720 3312 sed
2753 3268 3042 3327 utrumque
3072 3259 3126 3314 in
3156 3273 3264 3314 uno
3298 3273 3421 3315 cum
3457 3260 3620 3316 bonis

2028 3347 2286 3416 operibus
2334 3350 2625 3404 conveniat
2666 3359 2722 3404 et
2780 3349 2959 3404 factis.
2997 3349 3155 3406 Unde
3197 3365 3297 3405 nos
3334 3353 3617 3420 apostolus

2029 3436 2227 3492 Paulus
2248 3453 2436 3492 eorum
2463 3439 2576 3493 vult
2600 3453 2719 3494 esse
2745 3440 3066 3505 imitatores,
3094 3443 3186 3512 qui
3209 3456 3310 3512 per
3332 3441 3517 3505 ﬁdem,
3544 3443 3628 3497 in-

2029 3531 2144 3600 quit
2193 3529 2387 3601 (Hebr.
2412 3548 2484 3596 xi,
2511 3532 2544 3587 9
2568 3542 2614 3586 et
2634 3549 2739 3600 seq.
2760 3531 2803 3603 ),
2827 3543 2881 3588 et
2902 3535 3218 3602 patientiam
3244 3535 3630 3603 possideutre-

2034 3624 2420 3692 promissiones
2450 3622 2705 3686 Abrahae,
2737 3626 2826 3692 qui
2861 3639 2957 3692 per
2986 3625 3302 3694 patientiam
3341 3625 3629 3694 promissae

2031 3714 2137 3768 sibi
2171 3713 2560 3768 benedictionis
2603 3715 2801 3768 meruit
2835 3715 3082 3784 accipere
3104 3723 3159 3768 et
3205 3715 3484 3781 possidere
3509 3730 3632 3795 gra-

2036 3810 2184 3859 tiam.
2217 3805 2519 3860 lniitatores
2543 3820 2643 3860 nos
2663 3808 2833 3860 sancti
2857 3809 3036 3860 Aaron
3064 3805 3226 3860 David
3253 3806 3516 3876 propheta
3538 3807 3633 3863 de-

2037 3901 2165 3954 bere
2193 3914 2315 3955 esse
2342 3900 2620 3964 admonet,
2672 3899 2759 3968 qui
2813 3915 2934 3954 eum
2987 3900 3128 3954 inter
3159 3909 3380 3954 sanctos
3421 3900 3636 3954 Domini

2036 3991 2103 4045 ad
2148 3990 2463 4045 imitandum
2510 3990 2668 4044 nobis
2709 3990 3015 4057 constituit,
3064 3989 3300 4044 dicens:
3333 3988 3542 4061 Moyses
3591 4001 3638 4046 et

2039 4085 2212 4138 Aaron
2241 4085 2297 4137 in
2322 4083 2674 4137 sacerdotibus
2705 4084 2816 4154 ejus
2837 4123 2852 4150 ,
2877 4092 2923 4136 et
2957 4083 3170 4137 Samuel
3192 4083 3320 4138 inter
3340 4083 3636 4138 invocantes

2043 4193 2231 4230 nomen
2253 4181 2368 4249 ejus
2401 4175 2588 4244 (Psal.
2622 4191 2808 4242 xcvnt,
2834 4177 2923 4245 6).

2112 4269 2201 4324 5t.
2247 4269 2447 4340 Dignus
2489 4269 2646 4337 plane
2694 4268 2780 4322 vir
2817 4269 2908 4338 qni
2957 4266 3266 4338 sequendus
3299 4275 3634 4337 proponatur

2041 4363 2328 4428 omnibus;
2371 4378 2495 4417 nam
2538 4377 2659 4417 cuni
2691 4361 2810 4417 dira
2841 4375 2992 4416 mors
3032 4369 3256 4432 propter
3287 4366 3640 4415 contumaces

347 4455 454 4510 Deo
485 4456 634 4510 Patri
659 4473 775 4510 cum
807 4474 995 4530 magna
1021 4475 1143 4511 voce
1173 4470 1218 4511 et
1241 4459 1486 4529 lacrymis
1514 4457 1722 4526 o/ferret
1752 4477 1770 4514 :
1803 4471 1848 4514 et
1874 4478 1938 4517 ea;
1961 4453 2015 4512 D
2043 4457 2093 4510 in
2141 4457 2354 4526 plebem
2382 4467 2648 4524 scrperel,
2705 4455 2943 4510 medium
2975 4470 3033 4510 se
3062 4455 3204 4510 inlel’
3247 4453 3492 4508 νίνθῐιιθε
3519 4465 3641 4505 "'0‘

344 4547 409 4600 iis
437 4563 552 4615 qua:
590 4565 770 4619 passus
813 4559 907 4614 est,
949 4551 1178 4614 quamvis
1213 4560 1351 4622 (esset
1379 4549 1549 4604 Filius
1594 4550 1712 4616 Dei,
1744 4552 1938 4608 discere

347 4637 624 4703 rideretur,
679 4641 1040 4709 obedientiam,
1087 4657 1241 4712 quam
1283 4659 1374 4696 nos
1426 4644 1651 4709 doceret,
1705 4655 1762 4698 ut
1791 4645 1938 4700 nobis

347 4731 490 4797 ﬁeret
524 4743 705 4788 auctor
753 4735 935 4789 salutis
962 4734 1137 4806 (Ibid.
1171 4736 1213 4803 ).
1247 4735 1493 4808 Denique
1543 4739 1936 4793 consummatis

423 4963 446 4989 ο
487 4953 630 5008 Edit.
666 4962 774 5008 vet.
802 4967 924 5007 cum
957 4955 1146 5022 paucis
1176 4969 1333 5018 mss.,
1363 4955 1511 5024 quasi
1539 4958 1642 5010 otio
1669 4957 1940 5011 resolvitur

351 5039 592 5092 corpore;
616 5023 819 5096 _ltom.,
840 5025 1180 5094 ....corporis
1205 5040 1228 5096 ί
1252 5025 1340 5076 alii
1373 5023 1504 5079 mss.
1540 5027 1764 5096 partim,
1793 5029 1941 5096 quasi

353 5096 458 5163 otio
486 5094 764 5163 resoluitur
795 5109 1051 5160 corpora;
1094 5095 1287 5163 partim
1321 5104 1378 5146 ut
1407 5110 1508 5147 nos
1537 5095 1586 5148 in
1621 5106 1796 5150 textu.

425 5161 451 5198 ι)
494 5162 650 5233 Rulli.
702 5163 861 5233 edit.,
905 5175 1023 5218 ante
1049 5161 1404 5233 eispectatttm
1458 5166 1718 5233 pratlium.
1768 5166 1946 5222 Minus

356 5231 668 5303 commode;
700 5232 772 5303 ibi
799 5233 942 5283 enim
985 5231 1304 5303 intelligitur
1341 5231 1576 5303 tempus,
1609 5245 1796 5303 estque
1829 5253 1945 5289 ma-

361 5300 551 5354 nifesta
583 5299 811 5353 imitatio
841 5316 1029 5361 versus
1049 5299 1197 5369 Virg.
1235 5317 1266 5355 e
1295 5301 1388 5355 lib.
1423 5317 1474 5355 iv
1504 5299 1727 5372 Georg.E

455 5400 584 5448 Ante
610 5403 949 5459 exspectatum
975 5399 1144 5459 positis
1167 5405 1262 5448 stat
1285 5403 1335 5450 in
1359 5401 1534 5452 ordine
1557 5406 1743 5452 castris.

361 5529 522 5582 quem
543 5512 653 5580 jam
683 5511 966 5582 retulimus
998 5512 1064 5566 ad
1091 5511 1421 5569 locutionem
1463 5516 1548 5571 isti
1577 5517 1812 5572 similem
1860 5517 1956 5572 lib.

362 5581 429 5640 de
454 5583 601 5653 Fuga
632 5581 814 5635 saeculi
846 5596 968 5653 cap.
1000 5583 1058 5645 8,
1080 5597 1232 5634 num.
1262 5585 1352 5638 47.

443 5669 462 5693 ι’
508 5652 579 5707 lla
613 5666 802 5706 omnes
829 5652 958 5707 edit.
987 5668 1047 5706 ac
1079 5665 1209 5705 mss.
1245 5655 1482 5723 aliquot:
1512 5657 1603 5711 alii
1632 5673 1784 5722 vero,
1813 5673 1961 5725 quem

1967 5414 1971 5418 -
2065 5383 2166 5435 tiua
2194 5383 2262 5434 sit
2288 5381 2341 5434 in
2367 5396 2424 5433 eo

2048 4549 2360 4617 rientesque
2397 4549 2622 4619 objecit;
2660 4558 2682 4594 ε
2709 4558 2766 4612 ut
2797 4556 3029 4604 mortem
3070 4553 3357 4609 statueret,
3387 4556 3489 4598 nec
3517 4541 3641 4612 plu-

2048 4659 2136 4699 res
2187 4645 2424 4713 perirent
2453 4642 2653 4713 (Num.
2699 4657 2818 4706 xvi,
2867 4640 2990 4710 48).
3047 4639 3188 4694 Vere
3236 4639 3318 4692 vir
3347 4633 3546 4691 mentis
3585 4644 3642 4690 et

2046 4736 2211 4790 animi
2241 4735 2619 4798 sacerdotalis,
2671 4734 2762 4804 qui
2793 4749 2853 4788 se
2902 4747 3000 4802 pro
3047 4731 3261 4786 Domini
3298 4742 3462 4800 grege
3487 4725 3643 4798 quasi

2046 4957 2336 5026 praeceptis,
2370 4952 2639 5026 nonnulli,
2669 4954 2723 5006 in
2749 4956 3022 5026 prceceptis
3041 4957 3200 5026 refert
3223 4951 3529 5026 moralibus.

2117 5025 2143 5063 ἀ
2184 5027 2313 5082 Mss.
2344 5026 2459 5094 Big.
2489 5035 2544 5080 et
2569 5023 2757 5089 Gem.,
2784 5042 2816 5078 a
2844 5023 3165 5094 spiritalibus
3191 5023 3456 5095 malignis.

2125 5109 2147 5135 ο
2190 5097 2315 5174 Non
2335 5093 2491 5174 pauci
2517 5111 2672 5153 mss.,
2705 5095 2816 5174 sine
2842 5095 3168 5174 generatione
3189 5096 3205 5163 (
3224 5093 3385 5174 Reg,
3414 5093 3644 5174 sine_ge-

2049 5162 2455 5239 nealogiaﬁine
2484 5162 2872 5230 numeratione';
2911 5165 3004 5219 alii
3031 5165 3152 5219 cod.
3185 5162 3372 5234 Scripti
3395 5178 3458 5218 ac
3483 5162 3641 5230 editi,

2053 5251 2110 5294 ω
2132 5247 2572 5379 fl"(digiuzlrliquot,
2603 5308 2843 5376 eligatur,
2874 5306 3041 5376 gratia
3068 5306 3333 5358 virtutum.
3365 5303 3647 5376 Praeroga-

2137 5399 2166 5435 a
2194 5383 2262 5434 sit
2288 5381 2341 5434 in
2367 5396 2424 5433 eo
2451 5379 2601 5449 ﬁdes,
2635 5389 2740 5432 etc.

2137 5462 2160 5497 κ
2202 5451 2349 5504 Edit.
2387 5451 2540 5505 Eras.
2570 5461 2624 5504 et
2648 5463 2788 5517 seq.,
2819 5456 2874 5502 ut
2893 5448 3126 5512 sisteret;
3153 5446 3374 5501 Amerb.
3414 5455 3470 5501 et
3511 5458 3642 5498 mss.

2066 5523 2300 5574 maximo
2332 5531 2663 5582 numermut
2683 5527 2928 5573 statueret
2957 5531 3099 5586 :qua
3125 5519 3394 5572 locutione
3417 5517 3648 5571 Ambro—

2067 5590 2204 5644 sium
2231 5591 2396 5645 etiam
2423 5591 2548 5645 alibi
2583 5607 2690 5645 non
2722 5589 2890 5644 semel
2914 5603 3068 5642 usum
3091 5587 3344 5641 vidimus.
