4092 6190
437 239 455 292 ἐ
467 239 572 295 205

1594 233 2083 295 ΕΡΙΞΤοιΔΒυΙί
2119 234 2398 294 οωεειε
2433 236 2475 293 Ι.
3141 235 3220 242 ”““

3582 236 3722 294 1206

429 365 561 404 vatis
591 364 808 419 semper
837 349 1125 421 imaginem
1152 381 1174 414 ,ν
1199 363 1361 418 quam
1406 350 1698 420 acceperit.
1737 349 2026 416 Quomodo
2049 350 2103 412 Α
2126 349 2260 404 dixit
2288 350 2466 415 ﬁlios,
2497 365 2606 404 non
2636 350 2920 407 facientem
2961 365 3139 420 neque
3161 349 3469 420 coniugium
3499 350 3718 406 iterare.

429 451 612 513 potest
640 458 777 496 unus
804 456 926 498 esse
947 482 963 508 ,
1010 443 1103 512 qui
1142 457 1285 497 nunc
1315 441 1592 496 iracundia
1639 440 2023 510 inflammatur,

429 548 571 587 nunc
599 532 970 603 indignatione
992 533 1138 604 gravi
1162 539 1459 599 exaestuat,
1483 546 1630 587 nunc
1659 531 1808 587 vultu
1829 547 2029 588 excau-

429 623 601 680 descit
618 665 635 692 ,
661 641 804 680 nunc
835 626 1042 695 pallore
1064 626 1407 690 immutatur,
1434 640 1531 695 per
1555 635 1828 681 momenta
1851 626 2030 682 Varius

429 726 487 772 et
509 717 783 773 discolor?
811 718 918 773 Sed
943 729 1063 773 esto
1089 759 1104 784 ,
1135 719 1207 772 sit
1231 725 1440 774 natura:
1467 718 1659 785 irasci,
1683 729 1772 773 aut
1793 719 2028 788 plerum.

430 823 537 877 que
567 823 779 877 causae;
817 809 1055 865 hominis
1093 820 1178 865 est
1228 819 1406 866 tamen
1457 819 1760 880 temperare
1808 810 2026 865 iracun-

430 901 611 968 diam,
644 917 750 958 non
792 903 1070 959 leonino'l
1112 903 1312 973 raptari
1357 904 1575 971 furore,
1623 912 1681 958 ut
1727 918 1832 959 non
1883 905 2029 959 norit

430 1010 840 1062 mansuescere,
893 996 1161 1052 clamores
1196 1012 1301 1051 non
1349 1011 1571 1063 serere,
1619 1011 1719 1052 nec
1767 997 2029 1053 acerbare

430 1087 691 1143 familiare
714 1087 988 1159 jurgium;
1017 1088 1280 1158 scriptum
1305 1097 1389 1144 est
1409 1089 1553 1144 enim
1584 1106 1597 1142 :
1632 1088 1722 1142 Vir
1747 1090 2028 1144 iracundus

429 1179 608 1246 e/Iodit
649 1191 911 1248 peccatum
942 1179 1126 1253 (Prov.
1182 1196 1279 1245 xv,
1312 1180 1422 1250 18).
1465 1179 1581 1236 Non
1620 1191 1704 1235 est
1749 1196 1887 1236 unus
1931 1181 2029 1236 du-

431 1272 553 1341 plici
585 1272 778 1337 corde,
812 1289 920 1328 non
950 1283 1033 1328 cst
1063 1289 1200 1328 unus
1231 1273 1320 1342 qui
1351 1287 1411 1329 se
1453 1273 1713 1329 cohibere
1750 1276 1927 1330 nescit
1972 1278 2028 1332 in

429 1361 739 1430 iracundia,
765 1363 836 1419 de
863 1379 974 1433 quo
1003 1363 1228 1434 pulchre
1253 1363 1422 1420 David
1448 1364 1524 1418 ait
1553 1382 1566 1418 :
1618 1363 1949 1431 lrascimini,
1982 1376 2028 1420 et

429 1453 584 1511 nolite
630 1471 840 1525 peccare
863 1455 1039 1526 (Psal.
1069 1472 1120 1511 1v
1141 1495 1157 1525 ,
1189 1455 1266 1526 5).
1297 1455 1414 1512 Non
1463 1456 1597 1512 iram
1643 1459 1904 1528 imperat,
1933 1462 2029 1514 sed

429 1549 674 1621 indulget
706 1563 914 1606 natura:
945 1568 958 1606 :
989 1567 1151 1622 quam
1179 1556 1348 1606 homo
1367 1552 1665 1621 praevenire
1694 1568 1800 1608 non
1829 1564 2027 1624 potest,

431 1643 678 1712 mitigare
712 1654 906 1711 potest.
942 1643 1084 1714 Ergo
1123 1645 1228 1699 etsi
1259 1642 1563 1711 irascimur,
1596 1643 1819 1700 aﬁ‘ectus
1847 1655 2032 1700 noster

2199 441 2288 497 63.
2321 440 2475 508 Quod
2518 442 2638 497 ideo
2679 459 2786 498 non
2814 443 3174 514 praetermisi,
3206 443 3335 512 quia
3363 443 3605 512 plerique
3651 443 3722 496 ita

2127 541 2576 605 argumentantur
2603 544 2624 572 ο
2652 536 2809 591 unius
2835 535 3024 590 uxoris
3041 535 3218 590 virum
3244 533 3352 591 dici
3375 543 3497 604 post
3515 534 3723 604 baptis-

2129 643 2276 683 mum
2304 628 2534 694 habitae;
2562 644 2628 684 eo
2656 629 2808 699 quod
2826 629 3100 698 baptismo
3123 629 3310 683 vitium
3340 627 3410 684 sit
3444 625 3718 693 ablutum,

2127 743 2235 795 quo
2266 725 2588 782 allerebatur
2637 725 3103 795 impedimentum.
3134 722 3202 778 Et
3235 723 3363 777 vitia
3393 720 3608 789 quidem
3639 731 3724 776 διε

2127 834 2234 889 que
2263 829 2482 888 peccata
2511 818 2793 874 diluuntur
2825 818 3038 881 omnia;
3068 825 3126 870 ut
3162 815 3206 868 si
3233 814 3355 884 quis
3382 812 3722 868 contamina-

2129 911 2272 965 verit
2301 925 2457 964 suum
2481 923 2678 980 corpus
2704 923 2824 963 cum
2858 907 3131 978 plurimis,
3157 920 3290 976 quas
3317 904 3460 959 nulla
3484 903 3719 974 coniugii

2129 1001 2245 1070 lege
2287 1001 2610 1066 sociaverit,
2646 1001 2986 1056 remittantur
3017 999 3066 1054 ei
3094 997 3274 1052 omnia
3308 1013 3320 1049 :
3352 995 3446 1052 sed
3475 995 3723 1066 coniugia

2129 1107 2236 1147 non
2263 1091 2634 1157 resolvuntur,
2666 1092 2712 1148 si
2737 1091 2862 1162 quis
2890 1090 3197 1154 iteraverit;
3224 1088 3382 1157 culpa
3408 1086 3552 1142 enim
3576 1085 3720 1140 lava-

2129 1198 2226 1239 cro
2249 1225 2262 1248 ,
2293 1201 2398 1238 non
2451 1183 2535 1238 lex
2585 1183 2814 1238 solvitur
2842 1200 2856 1238 :
2907 1181 3051 1237 nulla
3079 1181 3223 1236 enim
3253 1178 3410 1250 culpa
3451 1177 3720 1248 coniugii;

2130 1277 2223 1333 sed
2246 1277 2332 1332 lex
2355 1286 2456 1332 est.
2482 1275 2636 1343 Quod
2660 1276 2796 1346 legis
2822 1285 2877 1330 et
2905 1275 3068 1346 igitur
3098 1288 3204 1328 non
3234 1269 3546 1335 remittitur,
3571 1270 3722 1340 quasi

2130 1368 2285 1438 culpa
2310 1384 2325 1421 :
2355 1366 2450 1422 sed
2487 1377 2732 1433 tenetur,
2763 1366 2915 1436 quasi
2950 1366 3055 1420 lex.
3090 1363 3216 1420 ldeo
3244 1372 3298 1418 et
3327 1361 3618 1432 Apostolus
3647 1360 3725 1414 lc-

2130 1477 2253 1531 gem
2283 1460 2493 1530 posuit,
2526 1459 2714 1514 dicens
2748 1477 2760 1511 :
2789 1459 2844 1513 Si
2866 1459 2988 1528 quis
3013 1457 3134 1514 sine
3157 1455 3386 1510 crimine
3415 1461 3498 1510 est
3517 1493 3534 1520 ,
3565 1452 3725 1508 unius

2133 1554 2318 1609 uxoris
2349 1555 2428 1607 vir
2461 1552 2620 1623 (bist.
2667 1551 2738 1606 26
2758 1594 2774 1620 ,
2805 1568 2921 1622 cap.
2975 1550 3074 1616 Qui
3119 1549 3273 1619 sine).
3303 1548 3440 1618 Ergo
3469 1545 3559 1618 qui
3604 1546 3724 1600 sine

2132 1648 2360 1702 crimine
2386 1656 2498 1712 est,
2536 1646 2698 1700 unius
2727 1644 2911 1699 uxoris
2939 1647 3020 1698 vlr
3044 1685 3059 1707 ,
3094 1648 3306 1697 tenetur
3331 1639 3398 1695 ad
3429 1640 3724 1712 legem-sa—

430 1742 633 1788 motum
675 1735 901 1805 recipiat
941 1735 1236 1791 secundum
1275 1747 1522 1791 naturam
1546 1778 1560 1803 ,
1590 1751 1694 1791 non
1744 1747 2024 1806 peccatum
2055 1752 2103 1813 B
2128 1741 2356 1796 cerdotii
2380 1739 2710 1808 suscipiendi
2737 1757 2750 1794 :
2776 1738 3067 1807 quiautem
3090 1735 3368 1791 iteraverit
3389 1734 3724 1805 coniugium,

426 1836 627 1892 prteter
653 1837 924 1880 naturam.
954 1824 1088 1894 Quis
1117 1827 1258 1882 enim
1301 1827 1436 1883 lerat
1458 1867 1474 1894 ,
1503 1827 1549 1882 si
1579 1827 1696 1897 ipse
1731 1841 1792 1883 se
1823 1828 2022 1899 guber-

428 1932 558 1974 nare
589 1929 861 1989 nequeat,
893 1921 982 1991 qui
1011 1921 1148 1976 alios
1173 1921 1559 1993 gubernandos
1585 1924 1890 1991 receperit?

495 2011 581 2067 61.
614 2012 854 2083 Ideoque
879 2013 1174 2083 Apostolus
1200 2014 1427 2071 formam
1451 2014 1629 2082 dedit,
1657 2016 1778 2084 quia
1815 2025 1871 2070 et
1909 2016 2022 2086 cpio

424 2119 646 2174 scopum
667 2121 791 2162 esse
818 2117 1034 2176 oportet
1053 2107 1589 2178 irreprehensihilem
1616 2108 1658 2180 (l
1674 2107 1810 2163 Tim.
1836 2125 1915 2174 ut,
1933 2107 2019 2180 9.);

423 2205 479 2251 et
502 2197 629 2251 alibi
659 2199 735 2251 ait
767 2217 782 2253 :
815 2197 1027 2268 Oportet
1056 2200 1192 2254 enim
1217 2201 1510 2270 episwpum
1535 2201 1643 2255 sine
1664 2201 1876 2254 crimine
1892 2216 2017 2268 esse,

423 2287 555 2342 sicut
593 2287 694 2343 Dei
723 2289 1155 2360 dispensatorem,
1195 2307 1299 2346 non
1334 2290 1635 2361 superbum,
1670 2307 1773 2344 non
1807 2291 2019 2344 iracun-

423 2379 546 2433 dum
568 2421 582 2445 ,
612 2397 714 2435 non
758 2383 1072 2436 vinolentum
1094 2421 1110 2450 ,
1172 2398 1274 2437 non
1301 2397 1682 2452 percussorem,
1715 2386 1816 2435 no'n
1858 2383 2021 2452 turpis

423 2471 552 2523 lucri
582 2471 826 2542 cupidum
853 2471 998 2544 (Tit.
1031 2489 1068 2539 t,
1101 2474 1131 2526 7
1163 2484 1208 2527 et
1239 2488 1343 2542 seq.
1364 2472 1404 2541 ).
1438 2471 1570 2525 Nam
1599 2471 1868 2541 quomodo
1892 2487 2022 2527 con-

425 2563 645 2617 veniunt
685 2565 787 2619 sibi
824 2564 1193 2632 dispensantis
1222 2562 1630 2629 misericordia,
1658 2571 1714 2619 et
1754 2564 2020 2634 cupientis

420 2654 686 2723 avaritia?

493 2747 580 2802 62.
615 2749 739 2802 Haec
768 2749 951 2816 posui,
979 2764 1097 2818 qua:
1126 2747 1364 2804 cavenda
1388 2747 1689 2816 acceperim
1719 2764 1731 2801 :
1758 2747 2018 2803 virtutum

421 2851 602 2897 autem
653 2843 909 2912 magister
952 2843 1247 2911 Apostolus
1290 2852 1407 2909 est,
1447 2843 1538 2912 qui
1592 2857 1715 2897 cum
1761 2842 2019 2912 patientia

425 2935 826 3005 redarguendos
851 2935 1046 2991 doceat
1063 2935 1501 2992 contradicentes
1524 2975 1538 2999 ,
1560 2934 1650 3005 qui
1674 2936 1822 2990 unius
1842 2937 2020 2989 uxoris

424 3028 588 3081 uirum
618 3027 668 3099 (Ι
678 3027 810 3098 bid.)
845 3027 1122 3097 pra-cipiat
1159 3042 1281 3084 esse
1306 3069 1320 3092 ,
1353 3043 1458 3082 non
1491 3041 1598 3096 quo
1624 3035 1896 3082 exsortem
1927 3043 2020 3081 ex—

2126 1833 2342 1902 culpam
2371 1831 2586 1901 quidem
2618 1846 2725 1885 non
2756 1829 2920 1886 habet
2943 1828 3274 1898 coinquinati
3292 1867 3310 1894 ,
3333 1825 3426 1881 sed
3456 1840 3726 1896 praeroga-

2127 1926 2232 1978 tiva
2263 1923 2479 1979 exuitur
2502 1921 2822 1978 sacerdotis.

2197 2016 2288 2072 64.
2315 2017 2562 2070 Diximus
2588 2014 2716 2084 quid
2743 2014 2878 2084 legis
2905 2014 3004 2078 sit,
3029 2011 3273 2068 dicamus
3296 2014 3460 2066 etiam
3489 2011 3617 2080 quid
3642 2026 3729 2064 ra-

2128 2108 2307 2164 tionis.
2341 2105 2447 2162 Sed
2477 2105 2627 2174 prius
2675 2118 3070 2174 cognoscamus
3100 2118 3208 2158 non
3238 2104 3414 2158 solum
3445 2101 3547 2156 hoc
3576 2102 3723 2171 Apo-

2124 2200 2323 2253 stolum
2345 2198 2416 2253 de
2435 2197 2692 2266 episcopo
2716 2208 2769 2250 et
2797 2195 3117 2265 presbytero
3140 2195 3415 2257 statuisse,
3440 2192 3535 2248 sed
3559 2195 3723 2248 etiam

2125 2292 2312 2346 Patres
2331 2287 2359 2327 ἀ
2387 2291 2439 2344 in
2467 2289 2703 2343 concilio
2723 2285 2925 2342 Nicmni
2947 2294 3206 2340 tractatus
3227 2284 3522 2348 addidisse,
3546 2302 3724 2355 neque

2122 2384 2379 2439 clericum
2410 2394 2734 2452 quemquam
2773 2378 2973 2433 debere
2999 2393 3121 2432 esse
3147 2419 3161 2442 ,
3189 2377 3277 2447 qui
3321 2375 3558 2431 secunda
3588 2391 3721 2432 con-

2117 2478 2264 2547 jugia
2311 2473 2534 2530 sortitus
2581 2473 2672 2528 sit.
2723 2469 3006 2537 Quomodo
3047 2469 3190 2525 enim
3239 2476 3414 2538 potest
3453 2470 3722 2524 consolari

2127 2566 2363 2632 viduam,
2391 2566 2683 2630 honorare,
2717 2561 2990 2618 cohortari
3015 2561 3080 2617 ad
3109 2559 3518 2615 custodiendam
3549 2560 3722 2615 vidui-

2125 2669 2324 2723 tatem,
2365 2657 2686 2721 servandam
2733 2655 2928 2710 marito
2971 2653 3133 2709 [idem
3157 2693 3173 2719 ,
3207 2668 3366 2724 quam
3407 2653 3522 2721 ipse
3553 2651 3722 2720 priori

2121 2753 2371 2822 coniugio
2399 2766 2505 2806 non
2538 2747 2933 2804 reservaverit?
2964 2749 3072 2800 Aut
3095 2745 3223 2816 quid
3252 2746 3539 2802 interesset
3578 2743 3719 2798 inter

2124 2846 2374 2914 pupulum
2403 2842 2828 2906 etsacerdotem,
2858 2837 2903 2892 si
2923 2837 3116 2892 iisdem
3137 2837 3570 2906 astringerentur
3590 2832 3724 2904 legi-

2124 2936 2255 2991 bus?
2282 2933 2452 2989 Debet
2478 2931 2893 3002 praeponderare
2923 2928 3028 2982 vita
3054 2927 3381 2990 sacerdotis,
3412 2926 3552 2980 sicut
3581 2939 3722 2994 pra:-

2123 3028 2386 3098 ponderat
2411 3025 2621 3095 gratia;
2657 3037 2780 3078 nam
2808 3020 2898 3091 qui
2928 3019 3066 3074 alios
3098 3020 3384 3088 praeceptis
3413 3019 3528 3072 suis
3558 3016 3720 3086 ligat,

423 3119 602 3174 cludat
633 3121 867 3189 coniugii
902 3121 1048 3190 (nam
1081 3119 1184 3174 hoc
1207 3134 1371 3190 supra
1401 3119 1572 3189 legem
1601 3119 1856 3188 praecepti
1885 3117 2016 3188 est),
2047 3130 2092 3193 α
2121 3119 2287 3174 debet
2315 3120 2430 3188 ipse
2458 3117 2691 3188 legitima
2722 3122 2990 3186 praecepta
3019 3112 3072 3166 in
3096 3127 3154 3166 se
3177 3110 3468 3165 custodire.

424 3213 518 3267 sed
553 3221 609 3267 ut
647 3214 919 3283 eonjugali
945 3213 1263 3268 castimonia
1299 3224 1478 3267 servet
1524 3211 1551 3249 δ
1581 3211 1876 3266 ablutiouis
1905 3227 2017 3266 sua:

423 3304 651 3372 gratiam
682 3320 696 3356 :
727 3319 900 3373 neque
928 3304 1126 3358 iterum
1151 3304 1356 3375 1037
1384 3314 1438 3358 ut
1459 3303 1600 3358 ﬁlios
1630 3305 1683 3358 in
1711 3303 2016 3360 sacerdotio

423 3410 608 3450 creare
620 3395 931 3466 Apostolica
947 3396 1204 3451 invitetur
1216 3397 1556 3461 auctoritate;
1574 3396 1857 3452 habentem
1873 3397 2016 3450 enim

497 3535 522 3563 α
553 3523 630 3581 Ita
662 3533 852 3582 omnes
896 3541 1055 3592 mss.,
1085 3536 1136 3580 at
1173 3535 1358 3581 contra
1393 3529 1581 3582 omnes
1613 3527 1743 3582 edit.
1764 3569 1778 3593 ,
1824 3533 2020 3600 raptari

425 3598 599 3664 furore
615 3639 629 3662 ,
664 3613 764 3652 non
791 3600 928 3652 norit
952 3613 1241 3652 assuescere
1264 3599 1487 3652 clamore
1507 3640 1521 3663 ,
1551 3613 1653 3652 non
1677 3613 1841 3654 serere
1861 3598 1891 3665 ,⁷
1908 3609 2014 3656 etc.

497 3668 522 3707 δ
552 3669 733 3724 Codex
765 3669 929 3736 νειμ,
955 3669 1289 3723 absolutionis
1318 3671 1558 3738 gratiam.

500 3751 521 3776 ο
555 3739 666 3810 Big.
699 3740 820 3793 cod.
840 3779 854 3801 ,
885 3741 1038 3794 unius
1069 3743 1245 3794 uxoris
1275 3742 1374 3795 dici
1407 3750 1568 3807 potest
1599 3739 1902 3808 baptismum
1934 3743 2020 3795 Ita-

428 3809 572 3879 bitaz,
606 3811 808 3864 rectius
831 3811 951 3872 alii,
979 3819 1034 3862 ιιι
1064 3826 1161 3864 nos
1193 3812 1242 3865 in
1275 3818 1444 3867 textu.
1469 3810 1658 3878 Opera:
1681 3821 1858 3864 autem
1893 3827 2015 3879 pre-

429 3878 557 3932 tium
599 3880 794 3951 luerit,
827 3895 948 3950 quae
991 3880 1078 3933 hic
1122 3881 1188 3934 de
1220 3884 1560 3951 monogamia
1593 3890 1648 3935 et
1689 3878 2016 3936 Continentia

427 3950 750 4020 sacerdotali
781 3951 1093 4013 traduntur,
1119 3967 1240 4006 cum
1273 3955 1334 4007 iis
1363 3950 1483 4020 quae
1511 3950 1854 4020 disputantur
1880 3953 1974 4007 lib.
2004 3968 2020 4005 1

427 4017 584 4076 Ollio.
614 4034 736 4088 cap.
781 4022 851 4077 ΒΟ
875 4062 890 4084 ,
925 4038 1073 4075 nutu.
1102 4021 1208 4076 257
1248 4035 1302 4079 et
1346 4017 1453 4078 258
1476 4065 1491 4087 ,
1521 4017 1848 4090 componere
1871 4069 1883 4089 ,
1922 4038 2022 4078 nec

428 4106 534 4162 non
556 4091 997 4162 observationem
1027 4106 1055 4143 a
1087 4093 1242 4145 nobis
1265 4094 1374 4149 illic
1394 4093 2016 4162 subjectamiconsulere.

498 4158 523 4197 ά
554 4161 710 4216 Rom.
742 4162 874 4218 edit.
908 4170 964 4217 et
991 4163 1143 4230 pauci
1172 4179 1328 4229 mss.,
1358 4167 1410 4218 in
1437 4158 1638 4217 concilii
1668 4161 1872 4218 Nicwni
1916 4173 2021 4217 tra-

428 4243 564 4304 ctatu
582 4232 718 4304 ,[alii
745 4246 875 4287 mss.
907 4233 1134 4304 aliquot,
1163 4235 1217 4288 in
1246 4235 1460 4304 concilio
1492 4233 1708 4289 Nicwno
1736 4245 2020 4300 tractatus;

431 4303 646 4369 reliqui,
664 4317 717 4358 et
737 4313 844 4358 vet.
869 4303 1024 4368 edit.’,
1051 4303 1104 4357 in
1126 4307 1345 4359 concilio
1381 4303 1580 4358 Nicwni
1605 4314 1883 4370 tractatus;
1914 4306 2020 4359 sic-

431 4385 486 4427 ut
515 4375 674 4429 etiam
720 4374 913 4444 legitur
959 4377 1011 4429 in
1049 4385 1163 4434 aut.
1195 4376 1327 4432 edit.
1359 4375 1641 4440 Gratiani,
1671 4384 1725 4430 et
1765 4376 2014 4429 aliorum.

433 4445 497 4499 At
527 4461 653 4501 vero
679 4461 896 4516 quoquo
920 4445 1080 4517 modo
1105 4445 1343 4517 legamus
1372 4451 1513 4501 hunc
1541 4447 1718 4500 locum
1744 4487 1757 4509 ,
1791 4445 2020 4500 dil'licul-

430 4525 538 4570 tate
555 4534 650 4571 sua
681 4535 785 4570 non
813 4516 1040 4572 carebit.
1071 4516 1277 4572 Etenim
1301 4534 1424 4573 cum
1441 4532 1677 4572 canones
1699 4517 1912 4571 concilii
1930 4517 2019 4572 Ni-

429 4589 561 4641 caeui
588 4597 796 4642 tantum
825 4590 893 4642 20
915 4589 1236 4654 habeantur,
1263 4591 1316 4643 in
1346 4604 1574 4656 quorum
1607 4587 1754 4641 nullo
1779 4587 1846 4656 de
1877 4587 2022 4656 biga-

431 4657 533 4710 tuis
555 4657 620 4711 ad
649 4660 961 4712 elericatum
988 4674 1094 4711 nou
1118 4655 1468 4714 admittendis
1487 4659 1778 4726 quidquam
1801 4655 2019 4723 dicithr,

431 4727 553 4794 quid
583 4729 662 4781 bis
688 4727 867 4784 verbis
892 4727 1093 4782 indicet
1119 4731 1435 4784 Ambrosius
1457 4769 1471 4790 ,
1505 4732 1768 4783 incertum
1799 4738 1901 4782 est.
1925 4729 2024 4782 lia-

434 4797 618 4850 ronius
649 4797 704 4852 et
730 4801 818 4868 qui
849 4813 970 4852 eum
1018 4811 1340 4867 sequuntur,
1367 4815 1596 4854 cuneum
1630 4799 1729 4852 sibi
1776 4797 2026 4853 videntur

433 4867 558 4920 huic
587 4868 726 4922 nodo
752 4867 1022 4922 invenisse
1044 4911 1056 4931 ,
1083 4873 1210 4924 dum
1238 4878 1431 4938 praeter
1459 4869 1559 4923 hos
1587 4869 1657 4925 20
1681 4885 1918 4924 canones
1943 4869 2026 4923 di-

433 4943 561 5010 cunt
587 4937 720 5010 alios
747 4938 1007 5008 quosdam
1038 4940 1104 4993 ah
1134 4937 1323 4996 eadem
1353 4941 1562 5010 synodo
1592 4940 1840 5010 conditos
1865 4955 1987 4995 esse
2009 4981 2022 5003 ,

432 5009 523 5076 qui
563 5005 630 5060 ad
669 5005 882 5063 aetatem
917 5019 1154 5065 nostram
1194 5027 1300 5065 non
1335 5005 1699 5078 pervenerint.
1741 5009 2025 5062 Verumta-

434 5094 593 5142 men,
645 5093 773 5144 pace
818 5088 1090 5134 tantorum
1133 5077 1402 5142 virorum,
1446 5080 1721 5148 inquisitio
1774 5077 2024 5134 Alrorum

431 5149 727 5202 antistitum
755 5150 843 5218 qui
877 5152 1208 5219 temporibus
1249 5151 1506 5204 Bonitacii
1539 5163 1601 5204 ac
1632 5148 1834 5203 Zozimi
1856 5189 1869 5212 ,
1899 5148 2029 5203 mis—

433 5221 507 5273 sis
559 5219 944 5274 Alexandriam
993 5233 1156 5289 atque
1203 5220 1543 5275 Antiochiam
1591 5221 1655 5273 ad
1708 5219 2028 5289 quaerendos

433 5290 651 5360 eosdem
679 5303 917 5360 canones
950 5290 1141 5360 legatis
1161 5331 1176 5357 ,
1205 5303 1410 5344 tantum
1439 5290 1508 5344 20
1540 5298 1864 5358 receperunt
1893 5307 1904 5341 :
1941 5305 2031 5344 ve—

436 5371 545 5413 tera
577 5355 818 5427 ejusdem
851 5355 1040 5430 synodi
1087 5355 1414 5429 exemplaria
1435 5403 1449 5425 ,
1481 5362 1531 5414 in
1564 5355 1761 5430 quibus
1807 5359 2026 5414 totidem

436 5433 784 5483 inveniuntur
811 5472 824 5495 ,
851 5448 972 5484 nam
1000 5436 1140 5498 quod
1167 5431 1238 5484 2'2
1264 5431 1424 5484 habet
1451 5433 1673 5486 Rufinus
1694 5472 1709 5498 ,
1745 5431 1874 5484 nihil
1906 5440 2025 5495 est,

436 5515 558 5553 cum
592 5500 680 5572 ille
692 5499 742 5572 ῥ
770 5516 800 5555 e
840 5495 1050 5572 duobus
1080 5495 1266 5555 divisis
1297 5500 1571 5556 eliecerit:
1605 5495 1899 5572 posuerim
1924 5510 2031 5572 tes-

439 5571 660 5625 timonia
691 5569 1019 5626 Theodoreti
1052 5573 1144 5624 lib.
1172 5586 1224 5633 t,
1255 5585 1372 5638 cap.
1405 5571 1459 5634 8,
1489 5585 1542 5626 et
1575 5569 1848 5628 Hittcutari
1883 5570 2029 5624 lihe-

441 5643 642 5696 tnensis
673 5641 832 5708 epist.
863 5642 929 5694 ad
961 5640 1373 5712 Lauduueusem
1423 5658 1527 5695 non
1562 5645 1739 5712 plures
1783 5639 2031 5695 Nicaznos

441 5727 679 5790 canones
698 5711 867 5769 luissc
881 5729 1042 5785 quam
1063 5710 1134 5768 90
1155 5711 1326 5784 palatn
1351 5708 1575 5768 faciunt:
1594 5715 1768 5782 Quare
1789 5713 2033 5766 nonnulli

2051 4558 2098 4615 D

2195 3215 2284 3268 65.
2314 3212 2484 3279 Quam
2511 3211 2828 3266 resisteham
2861 3222 2926 3262 ne
2950 3205 3264 3261 ordinarer!
3290 3204 3572 3259 Postremo
3597 3216 3721 3256 cum

2121 3319 2385 3374 cogerer,
2439 3303 2628 3358 saltem
2685 3299 2953 3355 ordinatio
3007 3296 3392 3367 protelareturl
3450 3293 3555 3348 Sed
3612 3309 3718 3347 non

2125 3398 2294 3451 valuit
2325 3406 2347 3433 θ
2383 3394 2749 3466 praescriptio,
2776 3391 3055 3463 praevaluit
3081 3389 3386 3460 impressio.
3410 3386 3611 3441 Tamen
3633 3400 3723 3440 or-

2123 3533 2338 3603 quidem
2367 3531 2433 3588 de
2459 3547 2686 3588 numero
2713 3545 2900 3587 eorum
2929 3545 3037 3603 non
3062 3527 3413 3590 dissentiunt,
3445 3526 3540 3580 sed
3568 3525 3598 3577 ii
3625 3539 3718 3580 ne-

2121 3601 2247 3675 gant
2293 3607 2375 3672 agi
2421 3604 2488 3658 de
2536 3603 2834 3675 canonibus
2864 3601 3156 3675 angelore
3187 3606 3720 3675 nostrohqnemnra-

2120 3665 2295 3730 ctatus
2325 3665 2549 3734 tantum.
2583 3675 2680 3726 hac
2715 3672 2784 3726 de
2812 3688 2870 3724 re
2897 3672 2949 3723 in
2970 3669 3192 3724 Nicaeno
3215 3667 3446 3721 concilio
3473 3665 3718 3730 habitos,

2124 3763 2228 3800 non
2259 3755 2438 3798 autem
2470 3758 2704 3796 canones
2736 3741 2983 3793 conditos
3013 3738 3198 3792 testari
3225 3738 3428 3790 dicunt.
3474 3737 3542 3788 At
3587 3749 3718 3788 vero

2125 3830 2244 3869 cum
2273 3814 2595 3882 praemiserit
2624 3811 2940 3866 Ambrosius
2965 3850 2979 3872 ,
3000 3806 3150 3882 quid
3175 3805 3466 3882 Apostolus
3507 3805 3572 3856 de.
3599 3805 3717 3871 epi-

2126 3875 2288 3951 scopi}
2329 3894 2383 3937 et
2431 3883 2745 3950 presbytero
2791 3875 3558 3951 statuerit,manifestumest
3588 3888 3712 3928 eum

2125 3945 2250 4024 quid
2280 3953 2333 4006 in
2363 3945 2655 4024 memoratu
2700 3950 2907 4024 synodo
2935 3949 3006 4001 de
3031 3949 3259 4024 diacono
3285 3955 3341 3999 et
3377 3945 3713 4024 subdiacono

2127 4015 2401 4080 decretum
2435 4022 2589 4076 fuerit
2609 4061 2624 4085 ,
2656 4015 2988 4089 subjecisse;
3020 4016 3363 4089 nequehunc
3404 4016 3578 4089 locum
3606 4015 3715 4089 alio

2128 4110 2288 4148 sensu
2323 4107 2478 4162 posse
2508 4086 2947 4162 intelligi§Nnbis
2970 4087 3129 4157 igitur
3161 4086 3544 4162 nihiloccurrit
3576 4088 3717 4162 reri-

2129 4156 2389 4228 similius,
2420 4178 2578 4230 quam
2622 4156 3255 4230 si'idicamuscanonetn
3294 4156 3446 4210 illum
3493 4173 3556 4208 ex
3609 4158 3714 4230 alio

2127 4237 2354 4290 concilio
2378 4225 2612 4306 Nicasius
2638 4229 3019 4306 canonihusin
3048 4242 3114 4282 eu
3136 4225 3326 4282 codice
3350 4265 3365 4290 ,
3393 4241 3500 4293 quo
3527 4228 3719 4306 uteba-

2129 4316 2214 4360 tur
2268 4314 2483 4375 sanctus
2528 4303 2820 4375 Antistes,
2862 4299 3104 4375 additum
3155 4311 3342 4375 esse_,__
3369 4311 3476 4364 quo
3505 4295 3616 4375 ille
3663 4295 3718 4348 in

2127 4377 2367 4430 fraudem
2398 4374 2647 4429 inductus
2690 4371 2847 4426 fuerit
2869 4410 2882 4434 ,
2914 4371 3053 4424 sicut
3083 4371 3134 4422 in
3184 4367 3345 4421 simili
3380 4381 3440 4420 re
3470 4365 3558 4419 alii
3606 4381 3717 4420 non

2129 4447 2306 4516 pauci.
2330 4447 2434 4500 Sed
2462 4458 2636 4513 neque
2659 4443 2824 4498 ullum
2849 4454 3069 4495 movere
3091 4438 3276 4502 debet,
3295 4436 3438 4506 quod
3453 4437 3712 4516 iubetur,

2126 4505 2286 4587 neque
2327 4505 2568 4572 clericum
2607 4527 2944 4587 quentquam,
2987 4519 3126 4574 etc.;
3160 4505 3348 4587 vocem
3379 4509 3521 4587 enim
3567 4505 3718 4559 cleri-

2123 4579 2240 4641 cum
2265 4629 2281 4652 ,
2313 4589 2378 4642 ad
2405 4579 2666 4641 diaconus
2701 4579 3156 4656 et'suhdiaconos
3185 4579 3434 4656 restringi
3470 4587 3712 4656 constat,

2123 4649 2578 4727 quemadmodum
2609 4655 2769 4709 verba
2790 4668 3014 4727 quoque
3036 4649 3518 4727 Leonisblaguiex
3550 4649 3714 4715 epist.

2129 4717 2230 4795 l2,
2257 4731 2322 4784 ad
2352 4729 2602 4784 Auastas.
2631 4765 2644 4789 ,
2696 4717 2823 4792 cap:
2856 4717 2934 4784 4:
2967 4723 3054 4797 ubi
3095 4717 3387 4797 scribitur}
3421 4717 3560 4771 Nam
3601 4733 3718 4797 cum

2126 4791 2268 4854 extra
2294 4801 2593 4854 clericorum
2620 4791 2851 4850 ordinem
2893 4793 3179 4848 Constitutis
3225 4791 3520 4858 nuptiarum
3559 4791 3718 4841 socie-

2127 4872 2313 4924 tati
2346 4887 2435 4924 nec
2457 4867 2781 4922 subdiacunis
2803 4866 3003 4933 quidem
3025 4862 3330 4916 connubium
3353 4859 3558 4933 carnale
3587 4874 3716 4912 con-

2127 4943 2344 4994 ceditur.
2375 4941 2578 5008 Quibus
2607 4937 2784 4991 verbis
2810 4931 3169 5008 subdiaconos
3197 4947 3260 5008 ac
3288 4931 3598 5008 superiores
3623 4944 3719 5008 or.

2127 5012 2282 5064 diues
2337 5000 2472 5066 inira
2544 5009 2864 5062 clericorum
2919 5005 3146 5060 classem
3205 5001 3483 5055 includere
3550 5000 3720 5052 voluit

2129 5092 2345 5137 sanctus
2367 5084 2531 5149 Papa,
2556 5095 2662 5132 nun
2691 5087 2867 5130 autem
2897 5074 3203 5137 inferiores;
3227 5085 3349 5126 cum
3379 5071 3462 5126 his
3487 5085 3719 5124 uxorum

2128 5153 2317 5222 c0pula
2352 5151 2850 5222 permitterentur._
3328 5211 3339 5222 I
3410 5211 3420 5222 .
3497 5213 3525 5222 Α,

2206 5211 2588 5290 ἱῬηὲειγὶριίο
2619 5219 2758 5290 idem
2802 5217 2888 5290 hic
2927 5223 3083 5290 sonat
3125 5229 3186 5267 ac
3229 5211 3592 5290 ecclesiastica
3622 5224 3722 5264 seu

2129 5294 2388 5346 canonica
2432 5283 2746 5346 constitutio
2781 5304 2792 5339 :
2823 5287 3090 5356 impressio
3134 5295 3312 5356 autem
3343 5283 3423 5356 vis
3449 5290 3532 5356 est
3559 5291 3724 5350 atque

2132 5364 2364 5429 impetus
2389 5362 2683 5431 popularis.
2711 5353 3040 5431 Frequenter
3064 5354 3313 5431 porrqde
3338 5353 3602 5431 electione
3622 5365 3722 5431 sua

2129 5421 2405 5499 conqueri
2435 5421 2574 5486 solet
2617 5421 2966 5499 Ambrosius,
3007 5421 3241 5499 exempli
3271 5437 3434 5499 causa
3477 5421 3571 5476 lih.
3607 5421 3724 5499 t_d_e

2131 5490 2288 5555 orné.
2314 5516 2428 5568 Cap.
2460 5505 2511 5562 1,
2533 5499 2748 5563 ιιυιιι.4,
2766 5499 2858 5552 lib.
2885 5513 2918 5550 tl
2933 5497 3000 5551 de
3023 5490 3350 5568 Pinttilxap.
3379 5493 3434 5555 8,
3458 5508 3600 5544 nutu.
3630 5490 3721 5568 72,

2132 5581 2186 5626 et
2215 5570 2362 5625 alibi.
2384 5561 2538 5638 Quod
2567 5561 2745 5624 autem
2773 5569 3011 5637 adjungit
3042 5561 3438 5638 ordinationem
3463 5578 3614 5638 suam
3655 5561 3724 5615 ab

2135 5632 2488 5696 orientalibus
2515 5641 2784 5709 episcopis
2810 5632 3060 5704 exemplo
3093 5637 3262 5709 luiSse
3283 5632 3723 5709 comprobatam,

2141 5713 2398 5768 liaronius
2427 5722 2480 5767 et
2509 5702 2598 5766 alii
2641 5702 2762 5780 post
2799 5725 2921 5768 eum
2956 5702 3363 5777 intelligendum
3393 5713 3619 5761 censent
3661 5702 3727 5758 de
