4076 6172
478 228 615 285 1207

1826 235 2070 292 SANCTI
2112 238 2435 296 AMBROSII

3634 253 3772 309 £208

470 346 808 402 dinationem
834 361 1005 402 meam
1024 348 1640 421 occidentalesepiscOpi
1655 349 2072 420 judicio,orien-
2097 361 2151 420 Α
2175 354 2310 410 dura
2341 360 2656 428 prcoptavit
2685 368 2846 432 atque
2875 363 3077 435 elegit,
3108 368 3405 438 eonjuncto
3433 372 3538 429 sibi
3567 383 3769 428 saneta:

472 441 610 494 tales
638 443 802 495 etiam
835 441 1084 510 exemplo
1115 442 1431 510 probarunt.
1463 443 1528 497 Et
1554 453 1731 497 tamen
1763 444 2068 516 necpbytus

470 533 636 605 (Dial.
666 534 728 589 61
751 576 766 600 ,
797 551 914 605 cap.
946 533 1279 606 NeOphytus)
1321 536 1635 605 prohibetur
1667 538 1879 610 1038
1922 539 2069 594 ordi-

467 627 619 691 nari,
664 641 733 680 ne
781 626 1073 682 extollatur
1103 628 1378 698 superbia.
1423 629 1482 684 Si
1508 629 1695 684 dilatio
1741 630 2066 684 ordinatimii

467 717 642 774 defuit
660 759 674 783 ,
699 718 779 772 vis
805 722 1048 790 cogentis
1072 732 1184 785 est;
1219 722 1262 775 si
1297 737 1404 776 non
1434 721 1591 777 deest
1615 722 1894 778 humilitas
1919 736 2067 778 com-

463 817 658 877 petens
689 811 995 866 sacerdotio
1015 855 1030 879 ,
1066 814 1154 868 ubi
1177 827 1339 868 causa
1367 828 1472 869 non
1505 813 1676 869 lueret
1697 855 1712 880 ,
1741 815 1929 868 vitium
1958 829 2063 868 non

469 901 790 970 imputatur.

539 989 627 1044 66.
655 990 809 1056 Quod
841 993 884 1047 si
915 995 966 1047 in
1005 995 1126 1050 aliis
1155 995 1417 1051 Ecclesiis
1452 1004 1602 1051 tanta
1641 998 1879 1066 suppetit
1916 997 2063 1052 ordi-

465 1084 628 1139 nandi
658 1086 958 1140 sacerdotis
988 1087 1376 1155 consideratio,
1406 1099 1607 1158 quanta
1635 1102 1767 1143 cura
1793 1091 2065 1158 expetitur

461 1179 517 1233 in
543 1179 872 1234 Vercellensi
901 1179 1146 1235 Ecclesia
1165 1223 1181 1247 ,
1211 1181 1300 1236 ubi
1335 1182 1442 1236 duo
1473 1183 1677 1252 pariter
1703 1184 1843 1253 exigi
1874 1183 2065 1238 viden-

464 1283 553 1327 tur
585 1273 652 1327 ab
676 1273 953 1342 episcopo,
969 1275 1294 1329 monasterii
1321 1275 1675 1341 continentia,
1699 1285 1752 1330 et
1779 1275 2062 1345 disciplina

466 1365 768 1421 Ecclesiae?
822 1376 846 1401 ει
894 1367 1019 1421 Hzec
1057 1368 1202 1422 enim
1253 1369 1456 1437 primus
1501 1370 1552 1422 in
1607 1369 1910 1424 occidentis
1944 1385 2064 1439 par-

465 1458 607 1513 tibus
627 1459 839 1514 diversa
864 1460 1007 1515 inter
1032 1475 1091 1515 se
1117 1461 1385 1516 Eusebius
1407 1472 1610 1517 sancta:
1635 1464 1911 1518 memoria:
1938 1479 2067 1518 eon-

457 1549 672 1619 junxit;
700 1558 759 1604 ut
782 1562 836 1605 et
865 1552 916 1605 in
943 1552 1158 1607 civitate
1185 1553 1392 1622 positus
1418 1554 1670 1633 instituta
1689 1555 2060 1610 nonachorum

463 1649 712 1709 teneret,
761 1651 817 1697 et
879 1643 1177 1697 Ecclesiam
1233 1657 1446 1714 regeret
1494 1645 1686 1715 jejunii
1740 1647 2060 1702 sobrietate.

2171 450 2446 502 memoriae
2480 448 2496 485 ί
2520 449 2797 520 Dionysio,
2821 455 2908 522 qui
2931 457 3241 524 posthabuit
3270 460 3618 530 imperatoris
3638 464 3771 518 ami-

2169 539 2351 593 citiam
2399 542 2591 596 exsilio
2636 543 2967 602 voluntario.
3023 547 3210 618 Itaque
3259 556 3646 611 memorabiles
3669 556 3768 610 viri

2168 630 2484 687 circumdati
2526 635 2691 688 armis
2715 677 2732 703 ,
2757 637 2935 691 vallati
2974 643 3220 696 exercitu
3243 685 3258 707 ,
3282 658 3406 698 eum
3450 657 3770 716 raperentur

2168 721 2237 777 de
2260 723 2504 779 Ecclesia
2551 727 2786 795 majore,
2819 727 3225 800 triumphabant
3248 735 3317 790 de
3345 738 3610 807 imperio:
3643 741 3766 810 quia

2167 817 2496 871 contumelia
2548 819 2792 874 terrestri
2836 825 3219 880 mercabantur
3249 831 3445 884 mentis
3490 831 3767 887 fortitudi-

2168 921 2292 963 nem
2320 951 2334 975 ,
2369 911 2522 978 regni
2553 914 2845 977 potentiam
2868 955 2883 979 ,
2911 918 3106 986 quibus
3131 929 3157 966 ε
3184 923 3428 978 militaris
3462 941 3653 981 manus
3677 942 3765 981 ar-

2169 1011 2379 1052 morum
2409 1001 2669 1066 strepitus
2689 1011 3020 1074 extorquere
3045 1022 3151 1062 non
3186 1013 3358 1079 potuit
3378 1012 3536 1068 ﬁdem
3553 1057 3568 1080 ,
3600 1016 3763 1073 sube-

2165 1101 2362 1160 gerunt
2389 1091 2635 1148 bestiolis
2663 1095 2829 1151 animi
2859 1096 3157 1169 feritatem,
3189 1118 3311 1168 quae.
3341 1120 3537 1163 nocere
3562 1111 3762 1164 sanctis

2167 1181 2428 1251 nequivit.
2460 1182 2542 1238 Ira
2566 1185 2710 1240 enim
2740 1189 2884 1259 regis
2903 1231 2917 1253 ,
2948 1192 3024 1244 ira
3053 1191 3224 1248 leonis
3243 1236 3256 1258 ,
3293 1205 3350 1250 ut
3379 1197 3431 1251 in
3455 1197 3762 1254 Proverbiis

2167 1271 2336 1327 habes
2359 1273 2544 1345 (Prov.
2569 1292 2682 1344 xtx,
2713 1278 2825 1349 12).

2239 1363 2327 1418 69.
2371 1362 2665 1422 Confessus
2707 1379 2794 1424 est
2831 1372 3033 1428 victum
3061 1389 3122 1429 se
3147 1391 3287 1444 esse,
3316 1380 3409 1449 qui
3442 1380 3665 1452 rogabat
3701 1392 3762 1436 ut

2168 1464 2440 1511 mutarent
2473 1461 2838 1516 sententiam:
2866 1464 2959 1518 sed
3006 1466 3083 1520 illi
3127 1469 3439 1526 validiorem
3487 1472 3754 1528 calamum

2167 1561 2323 1604 suum
2370 1551 2560 1607 ferreis
2603 1554 2799 1624 gladiis
2826 1557 3249 1618 arbitrabantur.
3295 1566 3537 1638 Denique
3563 1569 3753 1625 vulne-

2167 1651 2286 1696 rata
2330 1653 2417 1698 est
2457 1646 2678 1715 perﬁdia
2703 1691 2717 1714 ,
2753 1661 2809 1704 ut
2847 1653 3148 1721 occideret,
3198 1671 3304 1712 non
3353 1670 3439 1714 est
3476 1662 3752 1718 vulnerata

464 1734 691 1788 Multum
721 1735 867 1789 enim
899 1736 1198 1805 adjumenti
1241 1738 1453 1793 accedit
1493 1738 1560 1792 ad
1610 1739 1914 1793 sacerdotis
1944 1755 2063 1810 gra-
2095 1746 2142 1806 Β
2171 1746 2481 1793 sanctorum
2528 1740 2662 1796 ﬁdes
2688 1761 2701 1796 :
2732 1758 2838 1798 non
2870 1745 3251 1804 desiderarunt
3297 1755 3530 1821 patrium
3579 1758 3761 1826 sepul-

461 1824 620 1887 tiam,
650 1826 694 1879 si
723 1825 789 1878 ad
813 1826 1051 1881 studium
1073 1827 1446 1893 absﬁnenlize,
1475 1836 1531 1883 et
1559 1828 1626 1883 ad
1654 1843 1900 1884 normam
1929 1831 2066 1885 inte-

433 1897 671 1987 'gritatis
722 1917 1058 1987 juventutem
1116 1921 1420 1990 astringat,
1479 1927 1536 1974 et
1587 1931 1872 1976 versantes
1925 1923 2065 1977 intra

461 2010 649 2066 urbem
677 2009 704 2047 δ
732 2011 948 2066 abdicet
971 2025 1068 2064 usu
1100 2011 1249 2066 urbis
1273 2021 1329 2066 et
1355 2012 1786 2066 conversatione.

537 2103 626 2158 67.
682 2102 818 2158 Hinc
859 2103 935 2157 illi
984 2114 1368 2172 processerunt
1394 2102 1532 2167 viri,
1577 2102 1753 2169 Elias,
1803 2103 2064 2168 Elisasus,

472 2205 493 2230 ο
525 2192 780 2259 Joannes,
814 2193 1115 2260 Elisabeth,
1143 2194 1232 2263 qui
1259 2193 1504 2263 pelliceis
1528 2193 1726 2248 tunicis
1755 2203 1810 2248 et
1831 2194 2068 2264 caprinis

463 2284 672 2338 exuviis
719 2283 920 2349 induti,
968 2285 1158 2354 inopes
1204 2295 1367 2355 atque
1416 2295 1671 2355 egentes,
1723 2285 1986 2354 angustiis
2014 2297 2068 2341 et

461 2373 745 2430 doloribus
770 2374 980 2442 afﬂicti,
1007 2377 1060 2431 in
1085 2377 1468 2432 solitudinibus
1489 2379 1775 2444 errabant,
1800 2379 1941 2434 inter
1960 2379 2066 2433 alta

465 2476 521 2521 et
547 2466 823 2521 condensa
854 2469 1117 2523 montium
1146 2511 1160 2534 ,
1193 2469 1334 2523 invia
1364 2471 1599 2538 rupium,
1631 2468 1657 2505 ἀ
1685 2471 2066 2540 speluncarum

465 2559 716 2625 horrida,
768 2559 1046 2616 fovearum
1092 2562 1292 2617 vadosa
1321 2605 1336 2628 ,
1389 2577 1615 2631 quorum
1655 2566 2068 2622 conversatione

464 2651 660 2720 dignus
687 2651 859 2720 _orbis
891 2661 1156 2708 terrarum
1205 2670 1313 2708 non
1359 2663 1494 2710 erat.
1542 2655 1681 2712 Hinc
1725 2658 1802 2712 illi
1846 2659 2063 2722 Daniel,

468 2741 706 2794 Ananias
729 2782 743 2805 ,
773 2740 994 2796 Azarias
1017 2785 1031 2807 ,
1061 2743 1247 2798 Misael
1267 2785 1282 2810 ,
1315 2749 1404 2814 qui
1454 2746 1506 2800 in
1535 2749 1655 2801 aula
1689 2750 1836 2819 regia
1883 2765 2069 2819 pasce-

467 2833 686 2901 bantur,
710 2833 920 2905 jejunio
957 2838 1239 2892 alebantur
1261 2847 1532 2908 tamquam
1566 2841 1620 2895 in
1648 2841 1912 2908 desertis,
1945 2844 2069 2900 cibo

467 2940 696 2994 aspero,
727 2934 962 2997 potuque
991 2929 1172 2983 obvio.
1204 2929 1504 3000 Meritoque
1530 2932 1662 3002 regii
1694 2935 1896 2990 servuli
1929 2945 1951 2971 ε
1982 2950 2068 2990 re-

466 3018 588 3089 gnis
636 3019 1070 3088 prtevaluerunt,
1126 3032 1180 3076 et
1236 3025 1602 3092 captivitatem
1654 3025 1888 3083 decusso
1935 3030 2068 3099 jugo

2169 1840 2339 1893 crum,
2369 1831 2564 1899 quibus
2595 1835 2984 1892 reservabatur
3011 1841 3237 1897 eteleste
3267 1843 3616 1900 domicilium.
3663 1848 3760 1902 Er-

2171 1930 2426 1976 raverunt
2449 1933 2561 1978 toto
2592 1927 2746 1992 orbe,
2780 1941 2835 1984 ut
2874 1931 3006 1986 nihil
3034 1933 3318 2002 habentes,
3343 1946 3398 1992 et
3420 1939 3758 2008 possidentes

2169 2015 2348 2068 omnia
2396 2016 2462 2086 (ll
2508 2016 2631 2072 Cor.
2679 2037 2752 2087 vr,
2803 2023 2914 2094 l0).
2963 2024 3316 2099 Quocumque
3358 2031 3507 2086 missi
3550 2045 3752 2100 essent,

2170 2105 2325 2162 locus
2352 2108 2667 2167 deliciarum
2693 2116 3015 2185 putabatur;
3057 2135 3237 2190 neque
3276 2123 3416 2177 enim
3462 2123 3566 2179 illis
3602 2127 3758 2196 quid-

2169 2216 2329 2270 quam
2360 2201 2570 2270 deerat,
2600 2207 2798 2277 quibus
2826 2208 2960 2266 ﬁdes
3001 2212 3244 2283 locuples
3287 2215 3615 2272 abundabat.
3649 2219 3753 2274 De-

2171 2295 2336 2366 nique
2367 2297 2777 2368 locupletabant
2802 2303 2971 2368 alios,
3009 2306 3111 2376 ipsi
3147 2308 3339 2378 inopes
3380 2309 3448 2364 ad
3488 2319 3755 2382 sumptum

2170 2389 2337 2458 opimi
2371 2391 2436 2445 ad
2476 2394 2727 2463 gratiam.
2770 2395 3160 2465 Tentabantur,
3193 2401 3288 2455 sed
3323 2417 3429 2456 non
3461 2405 3753 2461 mortiﬁca-

2172 2480 2386 2548 bantur,
2430 2485 2480 2537 in
2521 2485 2762 2556 jejuniis,
2811 2488 2863 2542 in
2905 2489 3209 2557 laboribus,
3255 2493 3310 2547 in
3358 2496 3656 2563 custodiis,
3701 2498 3752 2552 in

2170 2573 2387 2643 vigiliis.
2410 2574 2712 2632 Evaserunt
2732 2577 2800 2635 de
2823 2579 3134 2637 inﬁrmitate
3157 2583 3523 2658 fortes(flebr.
3546 2604 3622 2653 xt,
3641 2589 3756 2660 54).

2168 2662 2284 2718 Non
2316 2669 2710 2736 exspectabant
2742 2669 3060 2727 deliciarum
3116 2675 3421 2742 illecebras,
3446 2694 3587 2748 quos
3613 2683 3757 2750 sagi-

2172 2755 2334 2811 nabat
2364 2758 2534 2814 fames
2559 2779 2570 2812 :
2602 2777 2706 2816 non
2738 2764 2999 2820 adurebat
3026 2780 3120 2822 eos
3144 2768 3349 2824 torrida
3379 2781 3565 2836 :estas,
3591 2769 3618 2807 ιι
3643 2773 3761 2843 qui-

2171 2845 2274 2900 bus
2319 2847 2671 2920 refrigerabat
2710 2863 2928 2909 aeternae
2967 2871 3093 2925 spes
3134 2861 3362 2929 gratiae:
3392 2877 3498 2918 non
3550 2863 3761 2934 frange-

2170 2937 2300 2990 bant
2338 2940 2580 3008 glacialis
2609 2943 2778 3013 plaga:
2806 2946 3016 3016 frigida,
3049 2949 3246 3018 quibus
3296 2951 3526 3008 ferventi
3569 2957 3760 3025 spiritu

2169 3029 2430 3084 vernabat
2451 3031 2671 3088 devotio
2697 3053 2710 3088 :
2739 3050 2847 3091 non
2874 3037 3199 3096 verebantur
3222 3044 3432 3099 vincula
3456 3045 3760 3115 hominum,

465 3118 946 3179 contempserunt,
979 3120 1277 3180 potestates
1304 3116 1660 3186 subegerunt,
1693 3120 1961 3175 elementa
1992 3122 2069 3175 vi-
2098 3137 2142 3200 ρ
2173 3137 2310 3192 quos
2356 3123 2512 3179 Jesus
2567 3127 2807 3183 solverat
2842 3147 2854 3183 :
2901 3147 3007 3187 non
3059 3133 3440 3191 desiderabant
3487 3138 3676 3194 redimi
3730 3157 3760 3194 a

466 3211 690 3267 cerunt,
717 3212 962 3257 naturam
987 3205 1122 3275 ignis
1144 3207 1538 3277 exstinxerunt,
1572 3210 1895 3268 hebetarunt
1916 3214 2069 3269 llam-

468 3305 618 3356 mas,
656 3290 986 3347 obtuderunt
1031 3297 1201 3350 aciem
1231 3297 1424 3365 gladii,
1467 3302 1802 3357 strinxerunt
1849 3304 2064 3360 leonum

467 3397 600 3447 ora;
630 3391 686 3436 et
717 3382 807 3436 ubi
858 3383 1182 3441 inﬁrmiores
1214 3390 1326 3443 lieri
1367 3392 1804 3459 arstimabantur,
1838 3396 1906 3453 ibi
1955 3395 2064 3451 for-

469 3472 638 3528 tiores
666 3474 1072 3543 reperiebantur
1099 3497 1110 3532 :
1137 3494 1241 3534 non
1270 3483 1605 3552 refugiebant
1625 3486 1852 3541 ludibria
1877 3487 2067 3543 huma-

465 3577 535 3618 na
555 3608 569 3630 ,
602 3565 726 3634 quia
749 3565 994 3622 cmleSIia
1023 3571 1312 3640 sperabant
1339 3575 1560 3643 prtemia
1592 3593 1604 3627 :
1639 3593 1744 3630 non
1772 3577 2066 3636 horrebant

466 3657 719 3712 tenebras
745 3659 1015 3728 carceris,
1050 3663 1247 3731 quibus
1278 3667 1466 3720 aeterni
1512 3667 1734 3723 luminis
1761 3673 1931 3739 gratia
1982 3689 2066 3727 re-

467 3748 728 3820 fulgebat.

536 3840 626 3896 68.
656 3841 764 3897 llos
794 3853 1014 3899 secutus
1058 3845 1328 3903 Eusebius
1365 3859 1586 3906 sanctus
1623 3853 1790 3908 exivit
1822 3854 1890 3911 de
1921 3865 2060 3912 terra

461 3944 593 3996 sua,
626 3939 681 3986 et
707 3932 777 3987 de
802 3936 1125 4004 cognatione
1152 3952 1246 3992 sua
1272 3979 1288 4004 ,
1322 3948 1376 3994 et
1405 3939 1704 3998 domestico
1749 3945 1860 4001 otio
1901 3962 2062 4016 pere-

459 4024 822 4092 grinationem
852 4029 1107 4096 przetulit.
1138 4029 1242 4084 Pro
1273 4031 1376 4088 ﬁde
1403 4049 1617 4105 quoque
1647 4038 1859 4111 1039
1888 4042 2061 4096 exsilii

460 4151 714 4236 Ne‘ctario
739 4153 1367 4236 Constantinopolitano,
1400 4165 1469 4221 de
1493 4182 1600 4236 quo
1628 4171 1763 4225 satis
1787 4172 2004 4230 abunde
2029 4190 2057 4229 a

455 4223 851 4300 nobi_s_dictum
883 4230 948 4283 ad
976 4223 1139 4300 epist.
1175 4233 1264 4297 15,
1299 4223 1448 4290 num.
1480 4223 1533 4290 δ’.

534 4304 569 4369 σιῇ
591 4295 741 4351 Hanc
780 4295 1174 4369 institutionem
1205 4295 1469 4359 Baronius
1499 4310 1563 4362 ad
1590 4323 1682 4362 an.
1715 4311 1818 4368 59.8
1846 4314 1915 4368 ab
1943 4314 2056 4369 Eu-

458 4364 612 4420 sebio
642 4367 978 4452 tumnfaetam
1008 4380 1203 4452 cens-et
1219 4413 1233 4437 ,
1265 4389 1388 4452 cum
1432 4377 1501 4431 ab
1529 4364 1810 4452 Aﬁgypto,
1829 4364 2062 4452 quo—le-

455 4445 613 4514 gatus
657 4451 703 4514 a_
736 4436 1273 4514 RomanoPontiﬁce
1317 4445 1515 4500 missus
1556 4436 2057 4514 fuerataajdﬂsuos

452 4506 638 4595 rediit.
671 4505 930 4595 Se‘d'eum
965 4510 1282 4594 embrosius
1310 4529 1416 4595 non
1443 4505 2056 4595 monachorumﬂﬁgyp:

452 4575 677 4658 tiorum,
697 4583 758 4630 ut
784 4577 1046 4666 Baroni‘us
1073 4584 1305 4666 asserit,
1325 4584 1418 4638 sed
1443 4585 1600 4653 Eliae,
1625 4591 1805 4646 Elisaei
1825 4575 2054 4666 εἷῧᾶᾗ-
2085 4589 2136 4648 D

452 4645 593 4725 tislze
640 4648 904 4725 exemplis
945 4651 1232 4725 Eusebium
1273 4645 1492 4710 ductum
1524 4645 2053 4725 memoretpuvI—miri-

450 4719 710 4805 {ta'sticam
740 4719 907 4800 vitam
938 4721 1287 4805 conjungeret
1315 4741 1435 4780 cum
1459 4729 1696 4805 clericali
1717 4775 1730 4798 ,
1765 4719 1896 4789 nihil
1932 4719 2053 4805 pro-

449 4785 602 4870 hibet
656 4791 945 4876 quominus
991 4785 1428 4863 conju'nctionem
1481 4798 1622 4856 hanc
1667 4785 1730 4858 ea
1767 4785 2050 4876 legatione

449 4857 685 4925 priorem
714 4860 1060 4916 arbitremur.

520 4927 548 4966 δ
579 4929 832 4983 Nonnulli
864 4947 1019 4998 mss.,
1052 4934 1274 4991 abducat
1298 4955 1397 4992 usu
1426 4941 1586 4997 urbis.

524 5009 546 5036 ο
579 4999 978 5078 mss-aliquot,
1010 5016 1065 5059 et
1093 5006 1224 5060 edit.
1258 5009 1416 5065 Rom.
1451 5015 1709 5070 omittunt
1733 5016 1997 5078 Elisabeth
2027 5043 2044 5078 :

443 5076 499 5122 at
536 5071 848 5153 omissionis
890 5089 1105 5154 causam
1140 5088 1390 5154 putamus
1416 5097 1568 5147 esse,
1619 5088 1761 5154 quod
1793 5071 2046 5149 eilia};

444 5154 564 5232 cem
616 5142 676 5222 .in
724 5143 976 5232 gignendi
1025 5142 1152 5232 casu
1207 5151 1434 5232 positam
1491 5142 2037 5232 noynu'adv‘erter'untv;

442 5209 636 5333 phraisli.
655 5209 799 5266 enini
823 5211 1009 5268 Grmca
1037 5209 1267 5285 dicitur,
1293 5221 1558 5279 Johannea
1592 5209 1890 5301 Elisnbet'hv,

442 5294 478 5333 ι)
507 5295 536 5332 e
627 5296 728 5333 ius.

440 5293 536 5348 pte
565 5293 728 5336 unus.

511 5347 538 5386 ἀ
558 5351 698 5428 ﬂes.
733 5354 1000 5428 nonnulli,
1036 5358 1400 5428 speluncarum
1428 5363 1636 5418 horrea.

513 5420 703 5503 enEdit.
721 5425 945 5503 Amerb.
960 5420 1119 5503 atque
1142 5420 1324 5496 Eras.,
1343 5435 1476 5503 regis
1494 5439 1889 5502 xii-(evaluerunt.
1911 5445 2036 5503 Gill.

433 5503 497 5546 ac
513 5492 708 5571 item”
735 5495 844 5571 regi
871 5492 1250 5571 pmori—ligarunt
1271 5514 1291 5554 :
1310 5492 1452 5557 'msvs.
1485 5492 1612 5560 vero
1634 5517 1692 5562 ut
1719 5492 1964 5571 inﬁcit-tri.

511 5561 542 5644 f_
561 5561 1051 5644 Quemadmodum
1077 5568 1348 5626 Eusebius
1398 5561 1770 5644 vereellensis
1797 5561 2038 5644 {£330-

427 5635 613 5712 n_ysius
660 5632 1084 5712 Mediolancnsis
1127 5652 1415 5712 propterea
1458 5643 1511 5698 in
1556 5632 1880 5708 exsiliumﬂa

421 5702 564 5756 elnte
587 5704 918 5770 imperatore
945 5707 1085 5775 pulsi
1120 5702 1343 5777 fuerint,
1374 5715 1514 5782 quod
1546 5717 1596 5770 in
1632 5702 2025 5784 Mediolaﬁnen‘si

2177 3223 2372 3281 morte,
2399 3215 2493 3285 qui
2523 3219 2924 3286 praesumebant
2951 3238 2984 3277 a
3006 3220 3224 3280 Christo
3254 3229 3584 3284 resuscitari.

2248 3307 2335 3362 70.
2380 3308 2622 3380 Denique
2652 3323 2873 3368 sanctus
2901 3316 3186 3388 Dionysius
3217 3321 3398 3389 exegit
3428 3323 3586 3390 votis,
3617 3333 3674 3379 ut
3702 3325 3757 3380 in

2173 3399 2368 3454 exsilio
2394 3402 2558 3455 vitam
2590 3415 2849 3472 poneret;
2880 3421 2950 3462 ne
2977 3423 3258 3479 regressus
3282 3413 3508 3468 confusa
3550 3416 3763 3472 institu-

2171 3491 2241 3546 tis
2267 3508 2362 3548 seu
2401 3510 2498 3548 usu
2534 3495 2832 3552 inﬁdelium
2865 3500 3044 3554 studia
3075 3502 3248 3571 plebis
3276 3514 3368 3560 aut
3393 3507 3523 3562 cleri
3553 3507 3765 3566 inveni-

2169 3593 2253 3638 ret
2296 3603 2307 3636 :
2353 3587 2658 3656 meruitque
2703 3587 2842 3644 hanc
2890 3591 3150 3662 gratiam;
3203 3606 3260 3648 ut
3311 3611 3494 3666 pacem
3549 3599 3760 3657 Domini

2171 3678 2460 3748 tranquillo
2481 3679 2680 3736 all‘ectu
2706 3696 2890 3738 secum
2922 3684 3169 3742 referret.
3202 3687 3385 3758 Itaque
3411 3700 3468 3745 ut
3493 3690 3761 3750 Eusebius

2168 3780 2389 3824 sanctus
2419 3771 2569 3841 prior
2597 3773 2796 3828 levavit
2820 3776 3080 3832 vexillum
3113 3777 3501 3847 confessionis;
3533 3783 3606 3838 ita
3636 3785 3761 3841 bea-

2169 3869 2255 3916 tus
2276 3861 2566 3934 Dionysius
2588 3865 2640 3920 in
2663 3868 2844 3923 exsilii
2868 3869 3000 3924 locis
3028 3867 3041 3906 ί
3067 3871 3232 3940 priori
3258 3875 3584 3944 martyribus
3607 3877 3758 3932 titulo

2169 3954 2330 4008 vitam
2359 3955 2652 4012 exhalavit.

2239 4051 2327 4105 7l.
2375 4051 2500 4108 Hazc
2539 4054 2701 4124 igitur
2742 4056 3000 4126 patientia
3043 4059 3098 4114 in
3139 4069 3329 4116 sancto
3368 4061 3601 4119 Eusebio
3640 4079 3754 4119 mo-

2164 4183 2401 4238 concilio
2423 4191 2796 4244 recusaverint
2818 4190 3098 4248 Athanasii
3126 4193 3472 4252 subscribere
3495 4198 3752 4253 condem-

2165 4254 2654 4335 nationi,_explicat
2683 4261 3008 4335 Athanasius
3038 4264 3240 4335 ipsein
3271 4268 3432 4335 epist.
3462 4267 3529 4321 ad
3558 4268 3756 4325 Solita—

2162 4323 2296 4406 :ios,
2328 4323 2826 4406 llilariushextrema
2854 4334 3012 4400 epist.
3045 4323 3112 4388 ad
3142 4323 3449 4405 Const-am,
3479 4323 3752 4406 Socrates,

2160 4390 2516 4469 Sozomenus,
2546 4399 2694 4469 Sulp.
2729 4390 2984 4469 Severus,
3013 4413 3069 4458 et
3097 4405 3208 4460 alii.

2233 4474 2257 4510 8
2289 4465 2364 4520 Ita
2407 4484 2536 4523 mss.
2584 4465 2750 4539 prope
2795 4471 2860 4526 ad
2905 4465 3068 4530 unum
3095 4494 3109 4529 :
3135 4477 3268 4532 edit.
3298 4493 3430 4534 vero
3459 4480 3746 4536 dictionem

2160 4550 2343 4608 manus
2375 4553 2479 4592 non
2508 4541 2890 4608 agnoscebant.

2232 4604 2258 4642 ¹¹
2295 4607 2450 4694 Rom.
2495 4604 2624 4664 edit.
2665 4622 2728 4694 et
2759 4629 2891 4694 mss.
2941 4616 3164 4694 aliquot,
3212 4635 3428 4689 (φησι...
3472 4624 3743 4694 gloria...

2157 4677 2360 4765 plaga?”
2373 4680 2602 4750 frigora;
2646 4690 2755 4765 vet.
2798 4684 2952 4750 cdit.,
2983 4677 3235 4755 'quos....'
3263 4677 3533 4759 gratim?”
3579 4677 3749 4765 plaga:

2157 4749 2454 4829 [rigiditas.
2485 4767 2612 4807 mss.
2658 4763 2836 4808 autem
2883 4749 3079 4827 magno
3119 4749 3377 4829 numero,
3416 4772 3476 4818 ut
3516 4749 3590 4818 in.
3614 4749 3750 4820 co'u-

2154 4825 2326 4872 textu.

2231 4887 2261 4970 ί.
2276 4889 2482 4977 ριηηεε
2501 4891 2711 4977 edit.“et
2725 4911 2860 4977 mss.
2889 4901 3157 4977 nonnulli,
3176 4903 3407 4977 propiori
3436 4908 3750 4977 martyribus

2150 4955 2411 5045 (quidam,
2428 4962 2684 5045 martyrii)
2697 4967 2881 5045 titulo:
2896 4969 2985 5045 alii
3007 4955 3399 5045 multo'plu'res,
3410 4955 3597 5045 priori:
3608 4955 3742 5044 etc:

2153 5029 2297 5112 quod
2329 5034 2500 5112 magis
2528 5029 2739 5112 videtur
2769 5036 2892 5112 huic
2931 5041 3053 5112 loco
3082 5029 3491 5112 congruere','ut
3521 5029 3748 5104 cruento

2151 5099 2246 5176 sed
2265 5099 2440 5176 brevi
2463 5107 2724 5176 martyrio
2752 5108 2992 5164 diuturni
3039 5099 3218 5167 exsilii
3267 5099 3489 5172 labores
3519 5099 3746 5173 Eilis;

2150 5167 2353 5258 ξιξειίιεῖι
2379 5174 2431 5227 in
2459 5167 2654 5243 quibus
2684 5179 2848 5258 vitam
2879 5180 3053 5258 ﬁnivit
3092 5167 3408 5258 Dionysius,
3429 5167 3743 5258 Errabat]-

2150 5242 2422 5314 tur._Ejus
2455 5242 2617 5312 porro
2661 5247 2865 5306 obitum
2908 5251 2958 5304 in
3001 5242 3577 5313 civitate'Retroi'ensi
3618 5242 3740 5314 nro-

2151 5276 2260 5295 .υι.
2297 5276 2422 5313 [qua
2457 5276 2617 5312 νυιιυ
2661 5276 2865 5306 υυιιυιιι
2909 5276 2958 5304 ιιι
3001 5276 3219 5310 t'tvuate
3264 5276 3577 5313 netrorenm
3656 5276 3736 5314 ro-

2147 5311 2340 5385 vincia:
2371 5313 2725 5383 Cappadocia:
2755 5335 2898 5375 anno
2940 5323 3034 5377 571
3091 5325 3170 5378 vel
3218 5325 3324 5379 574
3351 5343 3447 5382 vm
3473 5329 3579 5383 kal.
3612 5276 3736 5385 fuit.

2147 5383 2763 5471 contigisselnemor‘ant
2787 5391 3132 5471 Baroniusad
3154 5409 3354 5450 annum
3383 5398 3514 5471 .575,
3542 5383 3740 5471 Ugrbﬁel-r

2149 5450 2531 5536 lu_s_tomo.lV,
2563 5469 2615 5536 e_t
2647 5459 2884 5536 Dollandi
2914 5464 3339 5536 continuatores.
3370 5450 3525 5536 Quod

2143 5523 2208 5596 ad
2239 5523 2551 5596 Eusebium,
2583 5528 2628 5581 is
2659 5530 2708 5582 in
2737 5535 3080 5589 sermonibus
3103 5537 3313 5590 duobus
3339 5523 3735 5596 Ambrosii—tio;

2141 5595 2284 5646 mine
2308 5593 2570 5650 hactenus
2593 5603 2875 5676 evulgatis.
2906 5619 3042 5672 quos
3075 5605 3331 5676 Ughellus
3357 5622 3429 5663 ex
3449 5593 3730 5666 animi}-

2135 5671 2224 5732 gat
2254 5673 2582 5752 an‘tegannos
2615 5670 2776 5752 1.009,
2797 5681 2864 5752 ⁸ιιι
2884 5670 3070 5752 putat,
3091 5670 3327 5752 scripto,
3357 5679 3562 5752 dicitur
3592 5684 3730 5752 inter

2133 5735 2402 5791 cruciatus
2448 5738 2513 5792 ab
2549 5737 2768 5795 Arianis
2796 5735 3189 5811 ipsi'adbibitos
3215 5735 3547 5818 'exs'pirasse.
3576 5735 3728 5807 Attil—
