  <div class='ocr_page' id='page_1' title='image "/cluster/home/n/w/nwhite01/storage/ocr_20150623/16/uva.x000826550/612.png"; bbox 0 0 4076 6172; ppageno 0'>
   <div class='ocr_carea' id='block_1_1' title="bbox 248 287 394 345">
    <p class='ocr_par' dir='ltr' id='par_1_1' title="bbox 248 287 394 345">
     <span class='ocr_line' id='line_1_1' title="bbox 248 287 394 345; baseline 0.014 -2"><span class='ocrx_word' id='word_1_1' title='bbox 248 287 394 345; x_wconf 76' lang='grc' dir='ltr'><strong>1ἓο9</strong></span> 
     </span>
    </p>
   </div>
   <div class='ocr_carea' id='block_1_2' title="bbox 1401 284 2286 346">
    <p class='ocr_par' dir='ltr' id='par_1_2' title="bbox 1401 284 2286 346">
     <span class='ocr_line' id='line_1_2' title="bbox 1401 284 2286 346; baseline 0.002 -4"><span class='ocrx_word' id='word_1_2' title='bbox 1401 284 1884 344; x_wconf 68' lang='grc' dir='ltr'><strong>ιεριετοιΑιιυΜ</strong></span> <span class='ocrx_word' id='word_1_3' title='bbox 1922 287 2206 346; x_wconf 84' lang='lat' dir='ltr'><strong>CLASSIS</strong></span> <span class='ocrx_word' id='word_1_4' title='bbox 2244 289 2286 344; x_wconf 88' lang='lat' dir='ltr'><strong>l.</strong></span> 
     </span>
    </p>
   </div>
   <div class='ocr_carea' id='block_1_3' title="bbox 3404 283 3544 341">
    <p class='ocr_par' dir='ltr' id='par_1_3' title="bbox 3404 283 3544 341">
     <span class='ocr_line' id='line_1_3' title="bbox 3404 283 3544 341; baseline -0.007 0"><span class='ocrx_word' id='word_1_5' title='bbox 3404 283 3544 341; x_wconf 71' lang='grc'><strong>1210</strong></span> 
     </span>
    </p>
   </div>
   <div class='ocr_carea' id='block_1_4' title="bbox 244 393 3550 472">
    <p class='ocr_par' dir='ltr' id='par_1_4' title="bbox 244 393 3550 472">
     <span class='ocr_line' id='line_1_4' title="bbox 244 393 3550 472; baseline 0.001 -20"><span class='ocrx_word' id='word_1_6' title='bbox 244 398 471 453; x_wconf 83' lang='lat' dir='ltr'><strong>nasterii</strong></span> <span class='ocrx_word' id='word_1_7' title='bbox 502 399 706 455; x_wconf 98' lang='lat' dir='ltr'><strong>coaluit</strong></span> <span class='ocrx_word' id='word_1_8' title='bbox 740 414 874 467; x_wconf 89' lang='lat' dir='ltr'><strong>usu,</strong></span> <span class='ocrx_word' id='word_1_9' title='bbox 910 393 966 455; x_wconf 87' lang='lat' dir='ltr'><strong>et</strong></span> <span class='ocrx_word' id='word_1_10' title='bbox 1005 399 1245 455; x_wconf 83' lang='lat' dir='ltr'><strong>durioris</strong></span> <span class='ocrx_word' id='word_1_11' title='bbox 1279 397 1678 454; x_wconf 74' lang='lat' dir='ltr'><strong>observationis</strong></span> <span class='ocrx_word' id='word_1_12' title='bbox 1711 411 1840 453; x_wconf 92' lang='lat' dir='ltr'><strong>con-</strong></span> <span class='ocrx_word' id='word_1_13' title='bbox 1876 401 1919 462; x_wconf 64' lang='grc' dir='ltr'><strong>Δ</strong></span> <span class='ocrx_word' id='word_1_14' title='bbox 1945 409 2002 456; x_wconf 93' lang='lat' dir='ltr'><strong>et</strong></span> <span class='ocrx_word' id='word_1_15' title='bbox 2027 401 2298 469; x_wconf 89' lang='lat' dir='ltr'><strong>requievit</strong></span> <span class='ocrx_word' id='word_1_16' title='bbox 2324 399 2432 465; x_wconf 90' lang='lat' dir='ltr'><strong>ibi;</strong></span> <span class='ocrx_word' id='word_1_17' title='bbox 2463 409 2518 455; x_wconf 91' lang='lat' dir='ltr'><strong>et</strong></span> <span class='ocrx_word' id='word_1_18' title='bbox 2545 400 2624 456; x_wconf 92' lang='lat' dir='ltr'><strong>sic</strong></span> <span class='ocrx_word' id='word_1_19' title='bbox 2654 410 2842 472; x_wconf 89' lang='lat' dir='ltr'><strong>postea</strong></span> <span class='ocrx_word' id='word_1_20' title='bbox 2866 401 3066 456; x_wconf 87' lang='lat' dir='ltr'><strong>missus</strong></span> <span class='ocrx_word' id='word_1_21' title='bbox 3096 408 3204 469; x_wconf 89' lang='lat' dir='ltr'><strong>est,</strong></span> <span class='ocrx_word' id='word_1_22' title='bbox 3235 408 3292 456; x_wconf 91' lang='lat' dir='ltr'><strong>ut</strong></span> <span class='ocrx_word' id='word_1_23' title='bbox 3321 410 3550 471; x_wconf 91' lang='lat' dir='ltr'><strong>ungeret</strong></span> 
     </span>
    </p>
   </div>
   <div class='ocr_carea' id='block_1_5' title="bbox 244 487 1842 559">
    <p class='ocr_par' dir='ltr' id='par_1_5' title="bbox 244 487 1842 559">
     <span class='ocr_line' id='line_1_5' title="bbox 244 487 1842 559; baseline 0.001 -16"><span class='ocrx_word' id='word_1_24' title='bbox 244 489 536 544; x_wconf 73' lang='lat' dir='ltr'><strong>suetudine</strong></span> <span class='ocrx_word' id='word_1_25' title='bbox 563 489 742 545; x_wconf 89' lang='lat' dir='ltr'><strong>hausit</strong></span> <span class='ocrx_word' id='word_1_26' title='bbox 769 491 1012 546; x_wconf 88' lang='lat' dir='ltr'><strong>laborum</strong></span> <span class='ocrx_word' id='word_1_27' title='bbox 1047 490 1410 546; x_wconf 90' lang='lat' dir='ltr'><strong>tolerantiam.</strong></span> <span class='ocrx_word' id='word_1_28' title='bbox 1451 487 1694 559; x_wconf 84' lang='lat' dir='ltr'><strong>Namque</strong></span> <span class='ocrx_word' id='word_1_29' title='bbox 1725 489 1842 544; x_wconf 68' lang='lat' dir='ltr'><strong>haec</strong></span> 
     </span>
    </p>
   </div>
   <div class='ocr_carea' id='block_1_6' title="bbox 245 581 1841 652">
    <p class='ocr_par' dir='ltr' id='par_1_6' title="bbox 245 581 1841 652">
     <span class='ocr_line' id='line_1_6' title="bbox 245 581 1841 652; baseline -0.001 -15"><span class='ocrx_word' id='word_1_30' title='bbox 245 581 360 638; x_wconf 88' lang='lat' dir='ltr'><strong>duo</strong></span> <span class='ocrx_word' id='word_1_31' title='bbox 388 583 440 637; x_wconf 92' lang='lat' dir='ltr'><strong>in</strong></span> <span class='ocrx_word' id='word_1_32' title='bbox 466 585 760 639; x_wconf 88' lang='lat' dir='ltr'><strong>attentiore</strong></span> <span class='ocrx_word' id='word_1_33' title='bbox 788 583 1210 640; x_wconf 88' lang='lat' dir='ltr'><strong>christianorum</strong></span> <span class='ocrx_word' id='word_1_34' title='bbox 1255 583 1547 639; x_wconf 86' lang='lat' dir='ltr'><strong>devotione</strong></span> <span class='ocrx_word' id='word_1_35' title='bbox 1574 593 1841 652; x_wconf 67' lang='lat' dir='ltr'><strong>praestan-</strong></span> 
     </span>
    </p>
   </div>
   <div class='ocr_carea' id='block_1_7' title="bbox 248 675 1841 748">
    <p class='ocr_par' dir='ltr' id='par_1_7' title="bbox 248 675 1841 748">
     <span class='ocr_line' id='line_1_7' title="bbox 248 675 1841 748; baseline -0.001 -18"><span class='ocrx_word' id='word_1_36' title='bbox 248 676 387 731; x_wconf 87' lang='lat' dir='ltr'><strong>tiora</strong></span> <span class='ocrx_word' id='word_1_37' title='bbox 416 689 539 731; x_wconf 91' lang='lat' dir='ltr'><strong>esse</strong></span> <span class='ocrx_word' id='word_1_38' title='bbox 565 677 687 746; x_wconf 89' lang='lat' dir='ltr'><strong>quis</strong></span> <span class='ocrx_word' id='word_1_39' title='bbox 717 677 974 748; x_wconf 79' lang='lat' dir='ltr'><strong>ambigat,</strong></span> <span class='ocrx_word' id='word_1_40' title='bbox 1001 677 1325 733; x_wconf 89' lang='lat' dir='ltr'><strong>clericorum</strong></span> <span class='ocrx_word' id='word_1_41' title='bbox 1353 675 1548 741; x_wconf 89' lang='lat' dir='ltr'><strong>officia,</strong></span> <span class='ocrx_word' id='word_1_42' title='bbox 1573 685 1628 730; x_wconf 91' lang='lat' dir='ltr'><strong>et</strong></span> <span class='ocrx_word' id='word_1_43' title='bbox 1658 690 1841 729; x_wconf 88' lang='lat' dir='ltr'><strong>mona-</strong></span> 
     </span>
    </p>
   </div>
   <div class='ocr_carea' id='block_1_8' title="bbox 249 767 1842 825">
    <p class='ocr_par' dir='ltr' id='par_1_8' title="bbox 249 767 1842 825">
     <span class='ocr_line' id='line_1_8' title="bbox 249 767 1842 825; baseline 0.001 -2"><span class='ocrx_word' id='word_1_44' title='bbox 249 767 476 823; x_wconf 86' lang='lat' dir='ltr'><strong>chorum</strong></span> <span class='ocrx_word' id='word_1_45' title='bbox 508 767 790 823; x_wconf 91' lang='lat' dir='ltr'><strong>instituta?</strong></span> <span class='ocrx_word' id='word_1_46' title='bbox 818 779 843 806; x_wconf 70' lang='grc' dir='ltr'><strong>α</strong></span> <span class='ocrx_word' id='word_1_47' title='bbox 873 769 976 822; x_wconf 88' lang='lat' dir='ltr'><strong>Ista</strong></span> <span class='ocrx_word' id='word_1_48' title='bbox 1015 769 1081 824; x_wconf 87' lang='lat' dir='ltr'><strong>ad</strong></span> <span class='ocrx_word' id='word_1_49' title='bbox 1113 770 1556 825; x_wconf 86' lang='lat' dir='ltr'><strong>commoditatem</strong></span> <span class='ocrx_word' id='word_1_50' title='bbox 1583 779 1637 824; x_wconf 91' lang='lat' dir='ltr'><strong>et</strong></span> <span class='ocrx_word' id='word_1_51' title='bbox 1663 783 1842 824; x_wconf 88' lang='lat' dir='ltr'><strong>mora-</strong></span> 
     </span>
    </p>
   </div>
   <div class='ocr_carea' id='block_1_9' title="bbox 249 859 1840 930">
    <p class='ocr_par' dir='ltr' id='par_1_9' title="bbox 249 859 1840 930">
     <span class='ocr_line' id='line_1_9' title="bbox 249 859 1840 930; baseline -0.001 -16"><span class='ocrx_word' id='word_1_52' title='bbox 249 859 456 915; x_wconf 89' lang='lat' dir='ltr'><strong>litatem</strong></span> <span class='ocrx_word' id='word_1_53' title='bbox 506 859 815 930; x_wconf 89' lang='lat' dir='ltr'><strong>disciplina,</strong></span> <span class='ocrx_word' id='word_1_54' title='bbox 854 861 943 916; x_wconf 90' lang='lat' dir='ltr'><strong>illa</strong></span> <span class='ocrx_word' id='word_1_55' title='bbox 991 862 1057 915; x_wconf 87' lang='lat' dir='ltr'><strong>ad</strong></span> <span class='ocrx_word' id='word_1_56' title='bbox 1105 861 1490 918; x_wconf 86' lang='lat' dir='ltr'><strong>abstinentiam</strong></span> <span class='ocrx_word' id='word_1_57' title='bbox 1539 859 1840 915; x_wconf 88' lang='lat' dir='ltr'><strong>assuefacta</strong></span> 
     </span>
    </p>
   </div>
   <div class='ocr_carea' id='block_1_10' title="bbox 252 953 1844 1025">
    <p class='ocr_par' dir='ltr' id='par_1_10' title="bbox 252 953 1844 1025">
     <span class='ocr_line' id='line_1_10' title="bbox 252 953 1844 1025; baseline 0.001 -19"><span class='ocrx_word' id='word_1_58' title='bbox 252 961 416 1024; x_wconf 85' lang='lat' dir='ltr'><strong>atque</strong></span> <span class='ocrx_word' id='word_1_59' title='bbox 442 953 758 1023; x_wconf 82' lang='lat' dir='ltr'><strong>patientiam</strong></span> <span class='ocrx_word' id='word_1_60' title='bbox 786 971 797 1006; x_wconf 90' lang='lat'><strong>:</strong></span> <span class='ocrx_word' id='word_1_61' title='bbox 829 953 945 1009; x_wconf 69' lang='lat' dir='ltr'><strong>haec</strong></span> <span class='ocrx_word' id='word_1_62' title='bbox 971 955 1121 1011; x_wconf 90' lang='lat' dir='ltr'><strong>velut</strong></span> <span class='ocrx_word' id='word_1_63' title='bbox 1149 955 1201 1009; x_wconf 92' lang='lat' dir='ltr'><strong>in</strong></span> <span class='ocrx_word' id='word_1_64' title='bbox 1231 954 1462 1025; x_wconf 91' lang='lat' dir='ltr'><strong>quodam</strong></span> <span class='ocrx_word' id='word_1_65' title='bbox 1491 953 1723 1018; x_wconf 89' lang='lat' dir='ltr'><strong>theatro,</strong></span> <span class='ocrx_word' id='word_1_66' title='bbox 1756 953 1844 1008; x_wconf 91' lang='lat' dir='ltr'><strong>illa</strong></span> 
     </span>
    </p>
   </div>
   <div class='ocr_carea' id='block_1_11' title="bbox 252 1044 1846 1117">
    <p class='ocr_par' dir='ltr' id='par_1_11' title="bbox 252 1044 1846 1117">
     <span class='ocr_line' id='line_1_11' title="bbox 252 1044 1846 1117; baseline 0.002 -18"><span class='ocrx_word' id='word_1_67' title='bbox 252 1045 306 1099; x_wconf 93' lang='lat' dir='ltr'><strong>in</strong></span> <span class='ocrx_word' id='word_1_68' title='bbox 353 1055 566 1101; x_wconf 89' lang='lat' dir='ltr'><strong>secreto</strong></span> <span class='ocrx_word' id='word_1_69' title='bbox 605 1064 617 1098; x_wconf 91' lang='lat'><strong>:</strong></span> <span class='ocrx_word' id='word_1_70' title='bbox 659 1056 942 1117; x_wconf 88' lang='lat' dir='ltr'><strong>spectatur</strong></span> <span class='ocrx_word' id='word_1_71' title='bbox 977 1048 1114 1113; x_wconf 90' lang='lat' dir='ltr'><strong>ista,</strong></span> <span class='ocrx_word' id='word_1_72' title='bbox 1158 1048 1247 1102; x_wconf 92' lang='lat' dir='ltr'><strong>illa</strong></span> <span class='ocrx_word' id='word_1_73' title='bbox 1299 1044 1667 1103; x_wconf 86' lang='lat' dir='ltr'><strong>absconditur.</strong></span> <span class='ocrx_word' id='word_1_74' title='bbox 1718 1044 1846 1102; x_wconf 89' lang='lat' dir='ltr'><strong>Ideo</strong></span> 
     </span>
    </p>
   </div>
   <div class='ocr_carea' id='block_1_12' title="bbox 260 1137 1847 1216">
    <p class='ocr_par' dir='ltr' id='par_1_12' title="bbox 260 1137 1847 1216">
     <span class='ocr_line' id='line_1_12' title="bbox 260 1137 1847 1216; baseline -0.001 -22"><span class='ocrx_word' id='word_1_75' title='bbox 260 1137 470 1210; x_wconf 75' lang='grc' dir='ltr'><strong>ιοω</strong></span> <span class='ocrx_word' id='word_1_76' title='bbox 497 1138 672 1194; x_wconf 87' lang='lat' dir='ltr'><strong>bonus</strong></span> <span class='ocrx_word' id='word_1_77' title='bbox 700 1138 908 1195; x_wconf 85' lang='lat' dir='ltr'><strong>athleta</strong></span> <span class='ocrx_word' id='word_1_78' title='bbox 942 1140 1019 1194; x_wconf 92' lang='lat' dir='ltr'><strong>ait</strong></span> <span class='ocrx_word' id='word_1_79' title='bbox 1048 1158 1060 1193; x_wconf 93' lang='lat'><strong>:</strong></span> <span class='ocrx_word' id='word_1_80' title='bbox 1096 1139 1462 1211; x_wconf 86' lang='lat' dir='ltr'><strong>Spectaculum</strong></span> <span class='ocrx_word' id='word_1_81' title='bbox 1499 1139 1625 1209; x_wconf 87' lang='lat' dir='ltr'><strong>facti</strong></span> <span class='ocrx_word' id='word_1_82' title='bbox 1667 1154 1847 1216; x_wconf 82' lang='lat' dir='ltr'><strong>sumus</strong></span> 
     </span>
    </p>
   </div>
   <div class='ocr_carea' id='block_1_13' title="bbox 253 1229 1845 1302">
    <p class='ocr_par' dir='ltr' id='par_1_13' title="bbox 253 1229 1845 1302">
     <span class='ocr_line' id='line_1_13' title="bbox 253 1229 1845 1302; baseline 0.001 -19"><span class='ocrx_word' id='word_1_83' title='bbox 253 1229 371 1284; x_wconf 77' lang='lat' dir='ltr'><strong>huic</strong></span> <span class='ocrx_word' id='word_1_84' title='bbox 400 1231 593 1284; x_wconf 85' lang='lat' dir='ltr'><strong>mundo</strong></span> <span class='ocrx_word' id='word_1_85' title='bbox 616 1238 663 1284; x_wconf 90' lang='lat' dir='ltr'><strong>et</strong></span> <span class='ocrx_word' id='word_1_86' title='bbox 687 1229 886 1302; x_wconf 77' lang='lat' dir='ltr'><strong>angelis</strong></span> <span class='ocrx_word' id='word_1_87' title='bbox 916 1231 961 1302; x_wconf 92' lang='grc'><strong>(1</strong></span> <span class='ocrx_word' id='word_1_88' title='bbox 992 1229 1110 1285; x_wconf 89' lang='lat' dir='ltr'><strong>Cor.</strong></span> <span class='ocrx_word' id='word_1_89' title='bbox 1143 1247 1216 1295; x_wconf 83' lang='lat' dir='ltr'><strong>tv,</strong></span> <span class='ocrx_word' id='word_1_90' title='bbox 1248 1231 1327 1301; x_wconf 91' lang='lat'><strong>9).</strong></span> <span class='ocrx_word' id='word_1_91' title='bbox 1365 1231 1571 1302; x_wconf 85' lang='lat' dir='ltr'><strong>Dignus</strong></span> <span class='ocrx_word' id='word_1_92' title='bbox 1599 1246 1729 1285; x_wconf 92' lang='lat' dir='ltr'><strong>sane</strong></span> <span class='ocrx_word' id='word_1_93' title='bbox 1756 1231 1845 1300; x_wconf 91' lang='lat' dir='ltr'><strong>qui</strong></span> 
     </span>
    </p>
   </div>
   <div class='ocr_carea' id='block_1_14' title="bbox 250 1323 1846 1393">
    <p class='ocr_par' dir='ltr' id='par_1_14' title="bbox 250 1323 1846 1393">
     <span class='ocr_line' id='line_1_14' title="bbox 250 1323 1846 1393; baseline 0.001 -17"><span class='ocrx_word' id='word_1_94' title='bbox 250 1331 592 1393; x_wconf 90' lang='lat' dir='ltr'><strong>spectaretur</strong></span> <span class='ocrx_word' id='word_1_95' title='bbox 621 1323 690 1378; x_wconf 93' lang='lat' dir='ltr'><strong>ab</strong></span> <span class='ocrx_word' id='word_1_96' title='bbox 715 1325 945 1393; x_wconf 82' lang='lat' dir='ltr'><strong>angelis,</strong></span> <span class='ocrx_word' id='word_1_97' title='bbox 976 1339 1096 1379; x_wconf 92' lang='lat' dir='ltr'><strong>cum</strong></span> <span class='ocrx_word' id='word_1_98' title='bbox 1121 1324 1436 1389; x_wconf 90' lang='lat' dir='ltr'><strong>luctaretur,</strong></span> <span class='ocrx_word' id='word_1_99' title='bbox 1470 1335 1528 1378; x_wconf 93' lang='lat' dir='ltr'><strong>ut</strong></span> <span class='ocrx_word' id='word_1_100' title='bbox 1555 1325 1620 1379; x_wconf 90' lang='lat' dir='ltr'><strong>ad</strong></span> <span class='ocrx_word' id='word_1_101' title='bbox 1649 1323 1846 1380; x_wconf 89' lang='lat' dir='ltr'><strong>Christi</strong></span> 
     </span>
    </p>
   </div>
   <div class='ocr_carea' id='block_1_15' title="bbox 252 1414 1847 1485">
    <p class='ocr_par' dir='ltr' id='par_1_15' title="bbox 252 1414 1847 1485">
     <span class='ocr_line' id='line_1_15' title="bbox 252 1414 1847 1485; baseline 0 -15"><span class='ocrx_word' id='word_1_102' title='bbox 252 1414 496 1470; x_wconf 87' lang='lat' dir='ltr'><strong>hravium</strong></span> <span class='ocrx_word' id='word_1_103' title='bbox 529 1417 867 1485; x_wconf 88' lang='lat' dir='ltr'><strong>perveniret;</strong></span> <span class='ocrx_word' id='word_1_104' title='bbox 895 1431 1020 1471; x_wconf 90' lang='lat' dir='ltr'><strong>cum</strong></span> <span class='ocrx_word' id='word_1_105' title='bbox 1043 1425 1306 1482; x_wconf 82' lang='lat' dir='ltr'><strong>certaret,</strong></span> <span class='ocrx_word' id='word_1_106' title='bbox 1331 1427 1386 1470; x_wconf 92' lang='lat' dir='ltr'><strong>ut</strong></span> <span class='ocrx_word' id='word_1_107' title='bbox 1412 1415 1466 1470; x_wconf 92' lang='lat' dir='ltr'><strong>in</strong></span> <span class='ocrx_word' id='word_1_108' title='bbox 1500 1416 1658 1472; x_wconf 86' lang='lat' dir='ltr'><strong>terris</strong></span> <span class='ocrx_word' id='word_1_109' title='bbox 1685 1417 1847 1470; x_wconf 88' lang='lat' dir='ltr'><strong>vitam</strong></span> 
     </span>
    </p>
   </div>
   <div class='ocr_carea' id='block_1_16' title="bbox 253 1506 1847 1579">
    <p class='ocr_par' dir='ltr' id='par_1_16' title="bbox 253 1506 1847 1579">
     <span class='ocr_line' id='line_1_16' title="bbox 253 1506 1847 1579; baseline 0.002 -19"><span class='ocrx_word' id='word_1_110' title='bbox 253 1506 572 1576; x_wconf 75' lang='lat' dir='ltr'><strong>angelorum</strong></span> <span class='ocrx_word' id='word_1_111' title='bbox 600 1507 934 1573; x_wconf 88' lang='lat' dir='ltr'><strong>institueret,</strong></span> <span class='ocrx_word' id='word_1_112' title='bbox 968 1510 1020 1563; x_wconf 92' lang='lat' dir='ltr'><strong>in</strong></span> <span class='ocrx_word' id='word_1_113' title='bbox 1043 1509 1184 1565; x_wconf 64' lang='lat' dir='ltr'><strong>caelo</strong></span> <span class='ocrx_word' id='word_1_114' title='bbox 1209 1508 1504 1579; x_wconf 89' lang='lat' dir='ltr'><strong>nequitiam</strong></span> <span class='ocrx_word' id='word_1_115' title='bbox 1529 1508 1847 1578; x_wconf 84' lang='lat' dir='ltr'><strong>angelorum</strong></span> 
     </span>
    </p>
   </div>
   <div class='ocr_carea' id='block_1_17' title="bbox 253 1596 1849 1671">
    <p class='ocr_par' dir='ltr' id='par_1_17' title="bbox 253 1596 1849 1671">
     <span class='ocr_line' id='line_1_17' title="bbox 253 1596 1849 1671; baseline 0 -19"><span class='ocrx_word' id='word_1_116' title='bbox 253 1596 532 1653; x_wconf 86' lang='lat' dir='ltr'><strong>refelleret</strong></span> <span class='ocrx_word' id='word_1_117' title='bbox 557 1615 573 1656; x_wconf 91' lang='lat'><strong>:</strong></span> <span class='ocrx_word' id='word_1_118' title='bbox 601 1598 997 1654; x_wconf 90' lang='lat' dir='ltr'><strong>colluctabatur</strong></span> <span class='ocrx_word' id='word_1_119' title='bbox 1026 1600 1167 1654; x_wconf 91' lang='lat' dir='ltr'><strong>enim</strong></span> <span class='ocrx_word' id='word_1_120' title='bbox 1197 1601 1452 1671; x_wconf 90' lang='lat' dir='ltr'><strong>nequitiis</strong></span> <span class='ocrx_word' id='word_1_121' title='bbox 1493 1599 1849 1670; x_wconf 86' lang='lat' dir='ltr'><strong>spiritalibus.</strong></span> 
     </span>
    </p>
   </div>
   <div class='ocr_carea' id='block_1_18' title="bbox 257 1687 1850 1761">
    <p class='ocr_par' dir='ltr' id='par_1_18' title="bbox 257 1687 1850 1761">
     <span class='ocr_line' id='line_1_18' title="bbox 257 1687 1850 1761; baseline 0.001 -18"><span class='ocrx_word' id='word_1_122' title='bbox 257 1687 451 1744; x_wconf 82' lang='lat' dir='ltr'><strong>Merito</strong></span> <span class='ocrx_word' id='word_1_123' title='bbox 491 1688 727 1745; x_wconf 90' lang='lat' dir='ltr'><strong>mundus</strong></span> <span class='ocrx_word' id='word_1_124' title='bbox 773 1705 896 1746; x_wconf 89' lang='lat' dir='ltr'><strong>eum</strong></span> <span class='ocrx_word' id='word_1_125' title='bbox 936 1691 1234 1761; x_wconf 88' lang='lat' dir='ltr'><strong>spectabat,</strong></span> <span class='ocrx_word' id='word_1_126' title='bbox 1287 1703 1343 1746; x_wconf 93' lang='lat' dir='ltr'><strong>ut</strong></span> <span class='ocrx_word' id='word_1_127' title='bbox 1391 1691 1624 1747; x_wconf 89' lang='lat' dir='ltr'><strong>mundus</strong></span> <span class='ocrx_word' id='word_1_128' title='bbox 1673 1693 1850 1746; x_wconf 89' lang='lat' dir='ltr'><strong>imita-</strong></span> 
     </span>
    </p>
   </div>
   <div class='ocr_carea' id='block_1_19' title="bbox 256 1787 428 1836">
    <p class='ocr_par' dir='ltr' id='par_1_19' title="bbox 256 1787 428 1836">
     <span class='ocr_line' id='line_1_19' title="bbox 256 1787 428 1836; baseline 0.012 -2"><span class='ocrx_word' id='word_1_129' title='bbox 256 1787 428 1836; x_wconf 82' lang='lat' dir='ltr'><strong>retur.</strong></span> 
     </span>
    </p>
   </div>
   <div class='ocr_carea' id='block_1_20' title="bbox 332 1873 1851 1948">
    <p class='ocr_par' dir='ltr' id='par_1_20' title="bbox 332 1873 1851 1948">
     <span class='ocr_line' id='line_1_20' title="bbox 332 1873 1851 1948; baseline 0.004 -22"><span class='ocrx_word' id='word_1_130' title='bbox 332 1873 420 1928; x_wconf 77' lang='grc'><strong>72.</strong></span> <span class='ocrx_word' id='word_1_131' title='bbox 465 1873 592 1929; x_wconf 64' lang='lat' dir='ltr'><strong>ﬂare</strong></span> <span class='ocrx_word' id='word_1_132' title='bbox 617 1889 747 1946; x_wconf 88' lang='lat' dir='ltr'><strong>ergo</strong></span> <span class='ocrx_word' id='word_1_133' title='bbox 774 1875 880 1931; x_wconf 90' lang='lat' dir='ltr'><strong>vita</strong></span> <span class='ocrx_word' id='word_1_134' title='bbox 911 1877 964 1931; x_wconf 92' lang='lat' dir='ltr'><strong>in</strong></span> <span class='ocrx_word' id='word_1_135' title='bbox 987 1876 1184 1944; x_wconf 90' lang='lat' dir='ltr'><strong>stadio,</strong></span> <span class='ocrx_word' id='word_1_136' title='bbox 1210 1877 1301 1933; x_wconf 88' lang='lat' dir='ltr'><strong>illa</strong></span> <span class='ocrx_word' id='word_1_137' title='bbox 1326 1879 1379 1934; x_wconf 93' lang='lat' dir='ltr'><strong>in</strong></span> <span class='ocrx_word' id='word_1_138' title='bbox 1406 1877 1664 1948; x_wconf 90' lang='lat' dir='ltr'><strong>spelunca</strong></span> <span class='ocrx_word' id='word_1_139' title='bbox 1693 1895 1704 1931; x_wconf 89' lang='lat'><strong>:</strong></span> <span class='ocrx_word' id='word_1_140' title='bbox 1735 1877 1851 1932; x_wconf 86' lang='lat' dir='ltr'><strong>haec</strong></span> 
     </span>
    </p>
   </div>
   <div class='ocr_carea' id='block_1_21' title="bbox 257 1963 1853 2036">
    <p class='ocr_par' dir='ltr' id='par_1_21' title="bbox 257 1963 1853 2036">
     <span class='ocr_line' id='line_1_21' title="bbox 257 1963 1853 2036; baseline 0.004 -18"><span class='ocrx_word' id='word_1_141' title='bbox 257 1963 520 2020; x_wconf 88' lang='lat' dir='ltr'><strong>adversus</strong></span> <span class='ocrx_word' id='word_1_142' title='bbox 565 1966 944 2024; x_wconf 82' lang='lat' dir='ltr'><strong>confusionem</strong></span> <span class='ocrx_word' id='word_1_143' title='bbox 988 1970 1204 2036; x_wconf 65' lang='lat' dir='ltr'><strong>saeculi,</strong></span> <span class='ocrx_word' id='word_1_144' title='bbox 1246 1970 1333 2025; x_wconf 91' lang='lat' dir='ltr'><strong>illa</strong></span> <span class='ocrx_word' id='word_1_145' title='bbox 1373 1970 1633 2025; x_wconf 89' lang='lat' dir='ltr'><strong>adversus</strong></span> <span class='ocrx_word' id='word_1_146' title='bbox 1672 1969 1853 2025; x_wconf 91' lang='lat' dir='ltr'><strong>carnis</strong></span> 
     </span>
    </p>
   </div>
   <div class='ocr_carea' id='block_1_22' title="bbox 259 2059 1855 2133">
    <p class='ocr_par' dir='ltr' id='par_1_22' title="bbox 259 2059 1855 2133">
     <span class='ocr_line' id='line_1_22' title="bbox 259 2059 1855 2133; baseline 0.004 -23"><span class='ocrx_word' id='word_1_147' title='bbox 259 2060 626 2128; x_wconf 89' lang='lat' dir='ltr'><strong>appetentiam</strong></span> <span class='ocrx_word' id='word_1_148' title='bbox 654 2078 664 2112; x_wconf 94' lang='lat'><strong>:</strong></span> <span class='ocrx_word' id='word_1_149' title='bbox 701 2059 814 2116; x_wconf 63' lang='lat' dir='ltr'><strong>haec</strong></span> <span class='ocrx_word' id='word_1_150' title='bbox 842 2061 1158 2132; x_wconf 86' lang='lat' dir='ltr'><strong>subiiciens,</strong></span> <span class='ocrx_word' id='word_1_151' title='bbox 1190 2063 1279 2117; x_wconf 87' lang='lat' dir='ltr'><strong>illa</strong></span> <span class='ocrx_word' id='word_1_152' title='bbox 1313 2063 1585 2133; x_wconf 75' lang='lat' dir='ltr'><strong>refugiens</strong></span> <span class='ocrx_word' id='word_1_153' title='bbox 1609 2062 1855 2132; x_wconf 89' lang='lat' dir='ltr'><strong>corporis</strong></span> 
     </span>
    </p>
   </div>
   <div class='ocr_carea' id='block_1_23' title="bbox 257 2149 1854 2225">
    <p class='ocr_par' dir='ltr' id='par_1_23' title="bbox 257 2149 1854 2225">
     <span class='ocr_line' id='line_1_23' title="bbox 257 2149 1854 2225; baseline 0.004 -23"><span class='ocrx_word' id='word_1_154' title='bbox 257 2149 573 2219; x_wconf 80' lang='lat' dir='ltr'><strong>voluptates</strong></span> <span class='ocrx_word' id='word_1_155' title='bbox 603 2168 615 2203; x_wconf 94' lang='lat'><strong>:</strong></span> <span class='ocrx_word' id='word_1_156' title='bbox 652 2152 769 2206; x_wconf 73' lang='lat' dir='ltr'><strong>haec</strong></span> <span class='ocrx_word' id='word_1_157' title='bbox 809 2155 1034 2224; x_wconf 88' lang='lat' dir='ltr'><strong>gratior,</strong></span> <span class='ocrx_word' id='word_1_158' title='bbox 1070 2155 1164 2209; x_wconf 92' lang='lat' dir='ltr'><strong>illa</strong></span> <span class='ocrx_word' id='word_1_159' title='bbox 1196 2155 1401 2210; x_wconf 86' lang='lat' dir='ltr'><strong>tutior:</strong></span> <span class='ocrx_word' id='word_1_160' title='bbox 1434 2155 1550 2211; x_wconf 84' lang='lat' dir='ltr'><strong>haec</strong></span> <span class='ocrx_word' id='word_1_161' title='bbox 1595 2170 1654 2211; x_wconf 91' lang='lat' dir='ltr'><strong>se</strong></span> <span class='ocrx_word' id='word_1_162' title='bbox 1684 2156 1854 2225; x_wconf 89' lang='lat' dir='ltr'><strong>ipsam</strong></span> 
     </span>
    </p>
   </div>
   <div class='ocr_carea' id='block_1_24' title="bbox 258 2243 1854 2317">
    <p class='ocr_par' dir='ltr' id='par_1_24' title="bbox 258 2243 1854 2317">
     <span class='ocr_line' id='line_1_24' title="bbox 258 2243 1854 2317; baseline 0.004 -22"><span class='ocrx_word' id='word_1_163' title='bbox 258 2255 474 2312; x_wconf 82' lang='lat' dir='ltr'><strong>regens,</strong></span> <span class='ocrx_word' id='word_1_164' title='bbox 517 2243 607 2298; x_wconf 90' lang='lat' dir='ltr'><strong>illa</strong></span> <span class='ocrx_word' id='word_1_165' title='bbox 648 2255 819 2299; x_wconf 88' lang='lat' dir='ltr'><strong>semet</strong></span> <span class='ocrx_word' id='word_1_166' title='bbox 862 2247 1030 2315; x_wconf 90' lang='lat' dir='ltr'><strong>ipsam</strong></span> <span class='ocrx_word' id='word_1_167' title='bbox 1079 2262 1375 2303; x_wconf 87' lang='lat' dir='ltr'><strong>coercens:</strong></span> <span class='ocrx_word' id='word_1_168' title='bbox 1411 2257 1634 2317; x_wconf 85' lang='lat' dir='ltr'><strong>utraque</strong></span> <span class='ocrx_word' id='word_1_169' title='bbox 1677 2257 1854 2302; x_wconf 87' lang='lat' dir='ltr'><strong>tamen</strong></span> 
     </span>
    </p>
   </div>
   <div class='ocr_carea' id='block_1_25' title="bbox 259 2338 1853 2410">
    <p class='ocr_par' dir='ltr' id='par_1_25' title="bbox 259 2338 1853 2410">
     <span class='ocr_line' id='line_1_25' title="bbox 259 2338 1853 2410; baseline 0.001 -22"><span class='ocrx_word' id='word_1_170' title='bbox 259 2349 321 2390; x_wconf 89' lang='lat' dir='ltr'><strong>se</strong></span> <span class='ocrx_word' id='word_1_171' title='bbox 361 2338 657 2407; x_wconf 86' lang='lat' dir='ltr'><strong>abnegans,</strong></span> <span class='ocrx_word' id='word_1_172' title='bbox 690 2349 748 2392; x_wconf 92' lang='lat' dir='ltr'><strong>ut</strong></span> <span class='ocrx_word' id='word_1_173' title='bbox 788 2340 878 2393; x_wconf 86' lang='lat' dir='ltr'><strong>fiat</strong></span> <span class='ocrx_word' id='word_1_174' title='bbox 920 2339 1157 2404; x_wconf 87' lang='lat' dir='ltr'><strong>Christi;</strong></span> <span class='ocrx_word' id='word_1_175' title='bbox 1191 2341 1312 2410; x_wconf 86' lang='lat' dir='ltr'><strong>quia</strong></span> <span class='ocrx_word' id='word_1_176' title='bbox 1357 2342 1608 2409; x_wconf 82' lang='lat' dir='ltr'><strong>perfectis</strong></span> <span class='ocrx_word' id='word_1_177' title='bbox 1652 2341 1853 2393; x_wconf 85' lang='lat' dir='ltr'><strong>dictum</strong></span> 
     </span>
    </p>
   </div>
   <div class='ocr_carea' id='block_1_26' title="bbox 261 2427 1855 2501">
    <p class='ocr_par' dir='ltr' id='par_1_26' title="bbox 261 2427 1855 2501">
     <span class='ocr_line' id='line_1_26' title="bbox 261 2427 1855 2501; baseline 0.001 -22"><span class='ocrx_word' id='word_1_178' title='bbox 261 2435 346 2480; x_wconf 90' lang='lat' dir='ltr'><strong>est</strong></span> <span class='ocrx_word' id='word_1_179' title='bbox 376 2444 389 2479; x_wconf 90' lang='lat'><strong>:</strong></span> <span class='ocrx_word' id='word_1_180' title='bbox 424 2427 524 2494; x_wconf 85' lang='lat' dir='ltr'><strong>Qui</strong></span> <span class='ocrx_word' id='word_1_181' title='bbox 551 2430 660 2482; x_wconf 80' lang='lat' dir='ltr'><strong>vult</strong></span> <span class='ocrx_word' id='word_1_182' title='bbox 700 2440 814 2500; x_wconf 84' lang='lat' dir='ltr'><strong>post</strong></span> <span class='ocrx_word' id='word_1_183' title='bbox 843 2447 924 2484; x_wconf 88' lang='lat' dir='ltr'><strong>me</strong></span> <span class='ocrx_word' id='word_1_184' title='bbox 949 2431 1153 2494; x_wconf 86' lang='lat' dir='ltr'><strong>venire,</strong></span> <span class='ocrx_word' id='word_1_185' title='bbox 1183 2431 1396 2500; x_wconf 82' lang='lat' dir='ltr'><strong>abneget</strong></span> <span class='ocrx_word' id='word_1_186' title='bbox 1435 2446 1488 2484; x_wconf 86' lang='lat' dir='ltr'><strong>se</strong></span> <span class='ocrx_word' id='word_1_187' title='bbox 1528 2431 1696 2501; x_wconf 86' lang='lat' dir='ltr'><strong>ipsum</strong></span> <span class='ocrx_word' id='word_1_188' title='bbox 1739 2428 1855 2494; x_wconf 88' lang='lat' dir='ltr'><strong>sibi,</strong></span> 
     </span>
    </p>
   </div>
   <div class='ocr_carea' id='block_1_27' title="bbox 176 2519 1852 2592">
    <p class='ocr_par' dir='ltr' id='par_1_27' title="bbox 176 2519 1852 2592">
     <span class='ocr_line' id='line_1_27' title="bbox 176 2519 1852 2592; baseline 0 -19"><span class='ocrx_word' id='word_1_189' title='bbox 176 2566 178 2568; x_wconf 44' lang='grc' dir='ltr'><strong><em>τ</em></strong></span> <span class='ocrx_word' id='word_1_190' title='bbox 263 2529 310 2573; x_wconf 91' lang='lat' dir='ltr'><strong>et</strong></span> <span class='ocrx_word' id='word_1_191' title='bbox 336 2521 483 2574; x_wconf 81' lang='lat' dir='ltr'><strong>tollat</strong></span> <span class='ocrx_word' id='word_1_192' title='bbox 501 2537 706 2576; x_wconf 85' lang='lat' dir='ltr'><strong>crucem</strong></span> <span class='ocrx_word' id='word_1_193' title='bbox 729 2539 896 2588; x_wconf 87' lang='lat' dir='ltr'><strong>suam,</strong></span> <span class='ocrx_word' id='word_1_194' title='bbox 921 2533 968 2578; x_wconf 90' lang='lat' dir='ltr'><strong>et</strong></span> <span class='ocrx_word' id='word_1_195' title='bbox 985 2533 1236 2592; x_wconf 79' lang='lat' dir='ltr'><strong>sequatur</strong></span> <span class='ocrx_word' id='word_1_196' title='bbox 1255 2539 1332 2577; x_wconf 87' lang='lat' dir='ltr'><strong>me</strong></span> <span class='ocrx_word' id='word_1_197' title='bbox 1353 2521 1568 2590; x_wconf 78' lang='lat' dir='ltr'><strong>(Matth.</strong></span> <span class='ocrx_word' id='word_1_198' title='bbox 1597 2537 1714 2588; x_wconf 76' lang='lat' dir='ltr'><strong>xvr,</strong></span> <span class='ocrx_word' id='word_1_199' title='bbox 1736 2519 1852 2590; x_wconf 75' lang='grc'>25).</span> 
     </span>
    </p>
   </div>
   <div class='ocr_carea' id='block_1_28' title="bbox 262 2612 1858 2686">
    <p class='ocr_par' dir='ltr' id='par_1_28' title="bbox 262 2612 1858 2686">
     <span class='ocr_line' id='line_1_28' title="bbox 262 2612 1858 2686; baseline -0.001 -18"><span class='ocrx_word' id='word_1_200' title='bbox 262 2612 517 2682; x_wconf 89' lang='lat' dir='ltr'><strong>Sequitur</strong></span> <span class='ocrx_word' id='word_1_201' title='bbox 543 2629 673 2686; x_wconf 91' lang='lat' dir='ltr'><strong>ergo</strong></span> <span class='ocrx_word' id='word_1_202' title='bbox 699 2614 994 2681; x_wconf 87' lang='lat' dir='ltr'><strong>Christum,</strong></span> <span class='ocrx_word' id='word_1_203' title='bbox 1027 2615 1117 2685; x_wconf 92' lang='lat' dir='ltr'><strong>qui</strong></span> <span class='ocrx_word' id='word_1_204' title='bbox 1146 2623 1324 2684; x_wconf 81' lang='lat' dir='ltr'><strong>potest</strong></span> <span class='ocrx_word' id='word_1_205' title='bbox 1354 2614 1536 2669; x_wconf 89' lang='lat' dir='ltr'><strong>dicere</strong></span> <span class='ocrx_word' id='word_1_206' title='bbox 1562 2632 1574 2667; x_wconf 90' lang='lat'><strong>:</strong></span> <span class='ocrx_word' id='word_1_207' title='bbox 1612 2613 1741 2668; x_wconf 84' lang='lat' dir='ltr'><strong>Vivo</strong></span> <span class='ocrx_word' id='word_1_208' title='bbox 1766 2629 1858 2666; x_wconf 88' lang='lat' dir='ltr'><strong>au-</strong></span> 
     </span>
    </p>
   </div>
   <div class='ocr_carea' id='block_1_29' title="bbox 262 2705 1856 2780">
    <p class='ocr_par' dir='ltr' id='par_1_29' title="bbox 262 2705 1856 2780">
     <span class='ocr_line' id='line_1_29' title="bbox 262 2705 1856 2780; baseline 0.001 -23"><span class='ocrx_word' id='word_1_209' title='bbox 262 2713 360 2758; x_wconf 86' lang='lat' dir='ltr'><strong>tem</strong></span> <span class='ocrx_word' id='word_1_210' title='bbox 374 2709 490 2777; x_wconf 87' lang='lat' dir='ltr'><strong>jam</strong></span> <span class='ocrx_word' id='word_1_211' title='bbox 513 2725 616 2762; x_wconf 87' lang='lat' dir='ltr'><strong>non</strong></span> <span class='ocrx_word' id='word_1_212' title='bbox 638 2725 754 2780; x_wconf 85' lang='lat' dir='ltr'><strong>ego,</strong></span> <span class='ocrx_word' id='word_1_213' title='bbox 777 2709 898 2762; x_wconf 81' lang='lat' dir='ltr'><strong>vivit</strong></span> <span class='ocrx_word' id='word_1_214' title='bbox 921 2723 1040 2762; x_wconf 88' lang='lat' dir='ltr'><strong>vero</strong></span> <span class='ocrx_word' id='word_1_215' title='bbox 1056 2709 1110 2761; x_wconf 89' lang='lat' dir='ltr'><strong>in</strong></span> <span class='ocrx_word' id='word_1_216' title='bbox 1133 2725 1214 2762; x_wconf 89' lang='lat' dir='ltr'><strong>me</strong></span> <span class='ocrx_word' id='word_1_217' title='bbox 1234 2705 1470 2762; x_wconf 78' lang='lat' dir='ltr'><strong>Christus</strong></span> <span class='ocrx_word' id='word_1_218' title='bbox 1495 2705 1636 2777; x_wconf 83' lang='lat' dir='ltr'><strong>(Gal.</strong></span> <span class='ocrx_word' id='word_1_219' title='bbox 1658 2722 1715 2772; x_wconf 90' lang='grc' dir='ltr'><strong>ιι,</strong></span> <span class='ocrx_word' id='word_1_220' title='bbox 1739 2705 1856 2774; x_wconf 76' lang='grc'>20).</span> 
     </span>
    </p>
   </div>
   <div class='ocr_carea' id='block_1_30' title="bbox 337 2796 1858 2867">
    <p class='ocr_par' dir='ltr' id='par_1_30' title="bbox 337 2796 1858 2867">
     <span class='ocr_line' id='line_1_30' title="bbox 337 2796 1858 2867; baseline 0 -18"><span class='ocrx_word' id='word_1_221' title='bbox 337 2797 429 2851; x_wconf 78' lang='lat'><strong>75.</strong></span> <span class='ocrx_word' id='word_1_222' title='bbox 466 2796 704 2867; x_wconf 85' lang='lat' dir='ltr'><strong>Negabat</strong></span> <span class='ocrx_word' id='word_1_223' title='bbox 738 2813 797 2852; x_wconf 91' lang='lat' dir='ltr'><strong>se</strong></span> <span class='ocrx_word' id='word_1_224' title='bbox 840 2799 1056 2864; x_wconf 88' lang='lat' dir='ltr'><strong>Paulus,</strong></span> <span class='ocrx_word' id='word_1_225' title='bbox 1100 2813 1222 2853; x_wconf 91' lang='lat' dir='ltr'><strong>cum</strong></span> <span class='ocrx_word' id='word_1_226' title='bbox 1265 2799 1443 2853; x_wconf 90' lang='lat' dir='ltr'><strong>sciens</strong></span> <span class='ocrx_word' id='word_1_227' title='bbox 1482 2797 1606 2866; x_wconf 88' lang='lat' dir='ltr'><strong>quia</strong></span> <span class='ocrx_word' id='word_1_228' title='bbox 1646 2796 1858 2851; x_wconf 83' lang='lat' dir='ltr'><strong>vincula</strong></span> 
     </span>
    </p>
   </div>
   <div class='ocr_carea' id='block_1_31' title="bbox 263 2879 1860 2954">
    <p class='ocr_par' dir='ltr' id='par_1_31' title="bbox 263 2879 1860 2954">
     <span class='ocr_line' id='line_1_31' title="bbox 263 2879 1860 2954; baseline -0.002 -11"><span class='ocrx_word' id='word_1_229' title='bbox 263 2896 317 2943; x_wconf 89' lang='lat' dir='ltr'><strong>et</strong></span> <span class='ocrx_word' id='word_1_230' title='bbox 342 2888 716 2946; x_wconf 86' lang='lat' dir='ltr'><strong>tribulationes</strong></span> <span class='ocrx_word' id='word_1_231' title='bbox 735 2905 859 2946; x_wconf 88' lang='lat' dir='ltr'><strong>eum</strong></span> <span class='ocrx_word' id='word_1_232' title='bbox 883 2899 1168 2946; x_wconf 91' lang='lat' dir='ltr'><strong>manerent</strong></span> <span class='ocrx_word' id='word_1_233' title='bbox 1193 2892 1246 2945; x_wconf 93' lang='lat' dir='ltr'><strong>in</strong></span> <span class='ocrx_word' id='word_1_234' title='bbox 1279 2889 1638 2954; x_wconf 89' lang='lat' dir='ltr'><strong>llierusalem,</strong></span> <span class='ocrx_word' id='word_1_235' title='bbox 1669 2879 1860 2942; x_wconf 86' lang='lat' dir='ltr'><strong>volun-</strong></span> 
     </span>
    </p>
   </div>
   <div class='ocr_carea' id='block_1_32' title="bbox 262 2979 1859 3052">
    <p class='ocr_par' dir='ltr' id='par_1_32' title="bbox 262 2979 1859 3052">
     <span class='ocr_line' id='line_1_32' title="bbox 262 2979 1859 3052; baseline 0 -20"><span class='ocrx_word' id='word_1_236' title='bbox 262 2979 433 3034; x_wconf 91' lang='lat' dir='ltr'><strong>tarius</strong></span> <span class='ocrx_word' id='word_1_237' title='bbox 458 2995 517 3034; x_wconf 89' lang='lat' dir='ltr'><strong>se</strong></span> <span class='ocrx_word' id='word_1_238' title='bbox 541 2980 761 3037; x_wconf 75' lang='lat' dir='ltr'><strong>offerret</strong></span> <span class='ocrx_word' id='word_1_239' title='bbox 784 2983 1059 3052; x_wconf 89' lang='lat' dir='ltr'><strong>periculis,</strong></span> <span class='ocrx_word' id='word_1_240' title='bbox 1085 2983 1272 3038; x_wconf 89' lang='lat' dir='ltr'><strong>dicens</strong></span> <span class='ocrx_word' id='word_1_241' title='bbox 1297 3000 1309 3035; x_wconf 88' lang='lat'><strong>:</strong></span> <span class='ocrx_word' id='word_1_242' title='bbox 1341 2981 1394 3035; x_wconf 81' lang='grc' dir='ltr'><em>Ν</em></span> <span class='ocrx_word' id='word_1_243' title='bbox 1399 2998 1452 3035; x_wconf 90' lang='lat' dir='ltr'><strong>ec</strong></span> <span class='ocrx_word' id='word_1_244' title='bbox 1474 2982 1608 3052; x_wconf 77' lang='lat' dir='ltr'><strong>facio</strong></span> <span class='ocrx_word' id='word_1_245' title='bbox 1635 2982 1859 3034; x_wconf 80' lang='lat' dir='ltr'><strong>animant</strong></span> 
     </span>
    </p>
   </div>
   <div class='ocr_carea' id='block_1_33' title="bbox 263 3073 1860 3138">
    <p class='ocr_par' dir='ltr' id='par_1_33' title="bbox 263 3073 1860 3138">
     <span class='ocr_line' id='line_1_33' title="bbox 263 3073 1860 3138; baseline 0.001 -15"><span class='ocrx_word' id='word_1_246' title='bbox 263 3086 429 3123; x_wconf 89' lang='lat' dir='ltr'><strong>meam</strong></span> <span class='ocrx_word' id='word_1_247' title='bbox 459 3073 743 3128; x_wconf 71' lang='lat' dir='ltr'><strong>clrariorem</strong></span> <span class='ocrx_word' id='word_1_248' title='bbox 773 3074 929 3138; x_wconf 85' lang='lat' dir='ltr'><strong>mihi,</strong></span> <span class='ocrx_word' id='word_1_249' title='bbox 962 3074 1239 3129; x_wconf 79' lang='lat' dir='ltr'><strong>dummodo</strong></span> <span class='ocrx_word' id='word_1_250' title='bbox 1276 3088 1619 3128; x_wconf 86' lang='lat' dir='ltr'><strong>consummem</strong></span> <span class='ocrx_word' id='word_1_251' title='bbox 1651 3088 1860 3126; x_wconf 80' lang='lat' dir='ltr'><strong>cursum</strong></span> 
     </span>
    </p>
   </div>
   <div class='ocr_carea' id='block_1_34' title="bbox 1944 491 3553 564">
    <p class='ocr_par' dir='ltr' id='par_1_34' title="bbox 1944 491 3553 564">
     <span class='ocr_line' id='line_1_34' title="bbox 1944 491 3553 564; baseline -0.001 -17"><span class='ocrx_word' id='word_1_252' title='bbox 1944 507 2102 563; x_wconf 88' lang='lat' dir='ltr'><strong>reges</strong></span> <span class='ocrx_word' id='word_1_253' title='bbox 2133 491 2226 564; x_wconf 87' lang='lat' dir='ltr'><strong>(Ill</strong></span> <span class='ocrx_word' id='word_1_254' title='bbox 2249 491 2377 563; x_wconf 86' lang='lat' dir='ltr'><strong>Reg.</strong></span> <span class='ocrx_word' id='word_1_255' title='bbox 2413 509 2528 558; x_wconf 79' lang='lat' dir='ltr'><strong>xix,</strong></span> <span class='ocrx_word' id='word_1_256' title='bbox 2562 493 2617 558; x_wconf 93' lang='lat'><strong>8,</strong></span> <span class='ocrx_word' id='word_1_257' title='bbox 2650 492 2730 564; x_wconf 91' lang='lat'><strong>9).</strong></span> <span class='ocrx_word' id='word_1_258' title='bbox 2772 494 3006 549; x_wconf 89' lang='lat' dir='ltr'><strong>Duratus</strong></span> <span class='ocrx_word' id='word_1_259' title='bbox 3045 492 3211 564; x_wconf 90' lang='lat' dir='ltr'><strong>igitur</strong></span> <span class='ocrx_word' id='word_1_260' title='bbox 3245 491 3311 547; x_wconf 89' lang='lat' dir='ltr'><strong>ad</strong></span> <span class='ocrx_word' id='word_1_261' title='bbox 3341 493 3553 564; x_wconf 81' lang='lat' dir='ltr'><strong>patien.</strong></span> 
     </span>
    </p>
   </div>
   <div class='ocr_carea' id='block_1_35' title="bbox 1946 582 3552 656">
    <p class='ocr_par' dir='ltr' id='par_1_35' title="bbox 1946 582 3552 656">
     <span class='ocr_line' id='line_1_35' title="bbox 1946 582 3552 656; baseline 0.002 -19"><span class='ocrx_word' id='word_1_262' title='bbox 1946 583 2073 638; x_wconf 91' lang='lat' dir='ltr'><strong>tiam</strong></span> <span class='ocrx_word' id='word_1_263' title='bbox 2100 591 2186 638; x_wconf 90' lang='lat' dir='ltr'><strong>est</strong></span> <span class='ocrx_word' id='word_1_264' title='bbox 2208 582 2566 638; x_wconf 86' lang='lat' dir='ltr'><strong>solitudinum</strong></span> <span class='ocrx_word' id='word_1_265' title='bbox 2599 585 2861 651; x_wconf 90' lang='lat' dir='ltr'><strong>incolatu,</strong></span> <span class='ocrx_word' id='word_1_266' title='bbox 2891 595 2945 640; x_wconf 92' lang='lat' dir='ltr'><strong>et</strong></span> <span class='ocrx_word' id='word_1_267' title='bbox 2971 595 3244 656; x_wconf 91' lang='lat' dir='ltr'><strong>tamquam</strong></span> <span class='ocrx_word' id='word_1_268' title='bbox 3272 594 3458 656; x_wconf 88' lang='lat' dir='ltr'><strong>pastus</strong></span> <span class='ocrx_word' id='word_1_269' title='bbox 3486 585 3552 640; x_wconf 93' lang='lat' dir='ltr'><strong>ad</strong></span> 
     </span>
    </p>
   </div>
   <div class='ocr_carea' id='block_1_36' title="bbox 1947 675 3547 748">
    <p class='ocr_par' dir='ltr' id='par_1_36' title="bbox 1947 675 3547 748">
     <span class='ocr_line' id='line_1_36' title="bbox 1947 675 3547 748; baseline 0.004 -22"><span class='ocrx_word' id='word_1_270' title='bbox 1947 675 2161 729; x_wconf 91' lang='lat' dir='ltr'><strong>virtutis</strong></span> <span class='ocrx_word' id='word_1_271' title='bbox 2207 675 2475 744; x_wconf 89' lang='lat' dir='ltr'><strong>adipalem</strong></span> <span class='ocrx_word' id='word_1_272' title='bbox 2513 677 2709 746; x_wconf 88' lang='lat' dir='ltr'><strong>agresti</strong></span> <span class='ocrx_word' id='word_1_273' title='bbox 2741 677 3000 733; x_wconf 90' lang='lat' dir='ltr'><strong>alimento</strong></span> <span class='ocrx_word' id='word_1_274' title='bbox 3028 680 3291 748; x_wconf 88' lang='lat' dir='ltr'><strong>processit</strong></span> <span class='ocrx_word' id='word_1_275' title='bbox 3328 677 3547 734; x_wconf 87' lang='lat' dir='ltr'><strong>fortior.</strong></span> 
     </span>
    </p>
   </div>
   <div class='ocr_carea' id='block_1_37' title="bbox 2017 767 3554 839">
    <p class='ocr_par' dir='ltr' id='par_1_37' title="bbox 2017 767 3554 839">
     <span class='ocr_line' id='line_1_37' title="bbox 2017 767 3554 839; baseline 0.002 -18"><span class='ocrx_word' id='word_1_276' title='bbox 2017 767 2107 823; x_wconf 95' lang='lat'><strong>76.</strong></span> <span class='ocrx_word' id='word_1_277' title='bbox 2141 767 2379 823; x_wconf 81' lang='lat' dir='ltr'><strong>Joannes</strong></span> <span class='ocrx_word' id='word_1_278' title='bbox 2408 784 2628 839; x_wconf 91' lang='lat' dir='ltr'><strong>quoque</strong></span> <span class='ocrx_word' id='word_1_279' title='bbox 2659 768 2713 824; x_wconf 93' lang='lat' dir='ltr'><strong>in</strong></span> <span class='ocrx_word' id='word_1_280' title='bbox 2752 769 2972 826; x_wconf 90' lang='lat' dir='ltr'><strong>deserto</strong></span> <span class='ocrx_word' id='word_1_281' title='bbox 2998 770 3273 836; x_wconf 88' lang='lat' dir='ltr'><strong>adolevit,</strong></span> <span class='ocrx_word' id='word_1_282' title='bbox 3309 781 3331 808; x_wconf 77' lang='grc' dir='ltr'><strong>ο</strong></span> <span class='ocrx_word' id='word_1_283' title='bbox 3364 779 3417 825; x_wconf 89' lang='lat' dir='ltr'><strong>et</strong></span> <span class='ocrx_word' id='word_1_284' title='bbox 3445 769 3554 824; x_wconf 80' lang='lat' dir='ltr'><strong>Do-</strong></span> 
     </span>
    </p>
   </div>
   <div class='ocr_carea' id='block_1_38' title="bbox 1947 860 3550 932">
    <p class='ocr_par' dir='ltr' id='par_1_38' title="bbox 1947 860 3550 932">
     <span class='ocr_line' id='line_1_38' title="bbox 1947 860 3550 932; baseline 0.001 -17"><span class='ocrx_word' id='word_1_285' title='bbox 1947 861 2149 916; x_wconf 91' lang='lat' dir='ltr'><strong>minum</strong></span> <span class='ocrx_word' id='word_1_286' title='bbox 2180 860 2473 930; x_wconf 87' lang='lat' dir='ltr'><strong>baptizavit</strong></span> <span class='ocrx_word' id='word_1_287' title='bbox 2508 862 2525 932; x_wconf 94' lang='lat'><strong>(</strong></span> <span class='ocrx_word' id='word_1_288' title='bbox 2551 860 2685 916; x_wconf 87' lang='lat' dir='ltr'><strong>Luc.</strong></span> <span class='ocrx_word' id='word_1_289' title='bbox 2714 877 2803 928; x_wconf 93' lang='grc' dir='ltr'><strong>ιιι,</strong></span> <span class='ocrx_word' id='word_1_290' title='bbox 2832 861 2888 930; x_wconf 76' lang='lat'><strong>2,</strong></span> <span class='ocrx_word' id='word_1_291' title='bbox 2919 863 2986 918; x_wconf 83' lang='grc'><strong>19</strong></span> <span class='ocrx_word' id='word_1_292' title='bbox 3009 863 3060 932; x_wconf 90' lang='grc'>);</span> <span class='ocrx_word' id='word_1_293' title='bbox 3089 872 3145 918; x_wconf 93' lang='lat' dir='ltr'><strong>et</strong></span> <span class='ocrx_word' id='word_1_294' title='bbox 3189 863 3550 918; x_wconf 89' lang='lat' dir='ltr'><strong>constantiam</strong></span> 
     </span>
    </p>
   </div>
   <div class='ocr_carea' id='block_1_39' title="bbox 1947 954 3421 1027">
    <p class='ocr_par' dir='ltr' id='par_1_39' title="bbox 1947 954 3421 1027">
     <span class='ocr_line' id='line_1_39' title="bbox 1947 954 3421 1027; baseline 0.001 -18"><span class='ocrx_word' id='word_1_295' title='bbox 1947 954 2059 1010; x_wconf 92' lang='lat' dir='ltr'><strong>illic</strong></span> <span class='ocrx_word' id='word_1_296' title='bbox 2088 955 2241 1024; x_wconf 90' lang='lat' dir='ltr'><strong>prius</strong></span> <span class='ocrx_word' id='word_1_297' title='bbox 2270 956 2537 1024; x_wconf 87' lang='lat' dir='ltr'><strong>exercuit,</strong></span> <span class='ocrx_word' id='word_1_298' title='bbox 2572 965 2633 1012; x_wconf 93' lang='lat' dir='ltr'><strong>ut</strong></span> <span class='ocrx_word' id='word_1_299' title='bbox 2659 964 2847 1027; x_wconf 85' lang='lat' dir='ltr'><strong>postea</strong></span> <span class='ocrx_word' id='word_1_300' title='bbox 2878 971 3062 1027; x_wconf 89' lang='lat' dir='ltr'><strong>regem</strong></span> <span class='ocrx_word' id='word_1_301' title='bbox 3092 958 3421 1026; x_wconf 90' lang='lat' dir='ltr'><strong>increparet.</strong></span> 
     </span>
    </p>
   </div>
   <div class='ocr_carea' id='block_1_40' title="bbox 2020 1047 3548 1119">
    <p class='ocr_par' dir='ltr' id='par_1_40' title="bbox 2020 1047 3548 1119">
     <span class='ocr_line' id='line_1_40' title="bbox 2020 1047 3548 1119; baseline 0.001 -17"><span class='ocrx_word' id='word_1_302' title='bbox 2020 1049 2108 1102; x_wconf 87' lang='lat'><strong>77.</strong></span> <span class='ocrx_word' id='word_1_303' title='bbox 2151 1049 2220 1103; x_wconf 86' lang='lat' dir='ltr'><strong>Et</strong></span> <span class='ocrx_word' id='word_1_304' title='bbox 2265 1051 2390 1119; x_wconf 91' lang='lat' dir='ltr'><strong>quia</strong></span> <span class='ocrx_word' id='word_1_305' title='bbox 2434 1048 2503 1105; x_wconf 92' lang='lat' dir='ltr'><strong>de</strong></span> <span class='ocrx_word' id='word_1_306' title='bbox 2547 1049 2719 1105; x_wconf 87' lang='lat' dir='ltr'><strong>sancti</strong></span> <span class='ocrx_word' id='word_1_307' title='bbox 2773 1047 2910 1105; x_wconf 63' lang='lat' dir='ltr'><strong>Elite</strong></span> <span class='ocrx_word' id='word_1_308' title='bbox 2959 1050 3292 1106; x_wconf 90' lang='lat' dir='ltr'><strong>habitatione</strong></span> <span class='ocrx_word' id='word_1_309' title='bbox 3343 1049 3548 1106; x_wconf 86' lang='lat' dir='ltr'><strong>deserti</strong></span> 
     </span>
    </p>
   </div>
   <div class='ocr_carea' id='block_1_41' title="bbox 1948 1140 3548 1212">
    <p class='ocr_par' dir='ltr' id='par_1_41' title="bbox 1948 1140 3548 1212">
     <span class='ocr_line' id='line_1_41' title="bbox 1948 1140 3548 1212; baseline 0 -18"><span class='ocrx_word' id='word_1_310' title='bbox 1948 1141 2166 1195; x_wconf 89' lang='lat' dir='ltr'><strong>nomina</strong></span> <span class='ocrx_word' id='word_1_311' title='bbox 2212 1140 2454 1196; x_wconf 89' lang='lat' dir='ltr'><strong>locorum</strong></span> <span class='ocrx_word' id='word_1_312' title='bbox 2486 1156 2592 1196; x_wconf 92' lang='lat' dir='ltr'><strong>non</strong></span> <span class='ocrx_word' id='word_1_313' title='bbox 2623 1143 2797 1197; x_wconf 84' lang='lat' dir='ltr'><strong>otiosa</strong></span> <span class='ocrx_word' id='word_1_314' title='bbox 2827 1143 2981 1212; x_wconf 89' lang='lat' dir='ltr'><strong>quasi</strong></span> <span class='ocrx_word' id='word_1_315' title='bbox 3029 1141 3202 1198; x_wconf 86' lang='lat' dir='ltr'><strong>feriati</strong></span> <span class='ocrx_word' id='word_1_316' title='bbox 3245 1142 3548 1212; x_wconf 66' lang='lat' dir='ltr'><strong>prmterivi-</strong></span> 
     </span>
    </p>
   </div>
   <div class='ocr_carea' id='block_1_42' title="bbox 1949 1233 3550 1305">
    <p class='ocr_par' dir='ltr' id='par_1_42' title="bbox 1949 1233 3550 1305">
     <span class='ocr_line' id='line_1_42' title="bbox 1949 1233 3550 1305; baseline -0.001 -17"><span class='ocrx_word' id='word_1_317' title='bbox 1949 1250 2094 1299; x_wconf 91' lang='lat' dir='ltr'><strong>mus,</strong></span> <span class='ocrx_word' id='word_1_318' title='bbox 2125 1233 2254 1304; x_wconf 91' lang='lat' dir='ltr'><strong>quid</strong></span> <span class='ocrx_word' id='word_1_319' title='bbox 2301 1234 2612 1305; x_wconf 90' lang='lat' dir='ltr'><strong>significent</strong></span> <span class='ocrx_word' id='word_1_320' title='bbox 2662 1235 3018 1305; x_wconf 88' lang='lat' dir='ltr'><strong>repetendum</strong></span> <span class='ocrx_word' id='word_1_321' title='bbox 3066 1234 3304 1290; x_wconf 91' lang='lat' dir='ltr'><strong>videtur.</strong></span> <span class='ocrx_word' id='word_1_322' title='bbox 3351 1233 3550 1289; x_wconf 83' lang='lat' dir='ltr'><strong>Missus</strong></span> 
     </span>
    </p>
   </div>
   <div class='ocr_carea' id='block_1_43' title="bbox 1951 1325 3554 1393">
    <p class='ocr_par' dir='ltr' id='par_1_43' title="bbox 1951 1325 3554 1393">
     <span class='ocr_line' id='line_1_43' title="bbox 1951 1325 3554 1393; baseline -0.002 -10"><span class='ocrx_word' id='word_1_323' title='bbox 1951 1337 2036 1383; x_wconf 88' lang='lat' dir='ltr'><strong>est</strong></span> <span class='ocrx_word' id='word_1_324' title='bbox 2062 1329 2211 1384; x_wconf 89' lang='lat' dir='ltr'><strong>Elias</strong></span> <span class='ocrx_word' id='word_1_325' title='bbox 2258 1328 2324 1383; x_wconf 90' lang='lat' dir='ltr'><strong>ad</strong></span> <span class='ocrx_word' id='word_1_326' title='bbox 2373 1337 2670 1384; x_wconf 78' lang='lat' dir='ltr'><strong>torrentem</strong></span> <span class='ocrx_word' id='word_1_327' title='bbox 2715 1327 2977 1393; x_wconf 85' lang='lat' dir='ltr'><strong>Chorath,</strong></span> <span class='ocrx_word' id='word_1_328' title='bbox 3013 1328 3083 1384; x_wconf 92' lang='lat' dir='ltr'><strong>ibi</strong></span> <span class='ocrx_word' id='word_1_329' title='bbox 3111 1343 3236 1383; x_wconf 90' lang='lat' dir='ltr'><strong>eum</strong></span> <span class='ocrx_word' id='word_1_330' title='bbox 3268 1326 3416 1384; x_wconf 88' lang='lat' dir='ltr'><strong>corvi</strong></span> <span class='ocrx_word' id='word_1_331' title='bbox 3441 1325 3554 1380; x_wconf 79' lang='lat' dir='ltr'><strong>ale-</strong></span> 
     </span>
    </p>
   </div>
   <div class='ocr_carea' id='block_1_44' title="bbox 1952 1418 3546 1493">
    <p class='ocr_par' dir='ltr' id='par_1_44' title="bbox 1952 1418 3546 1493">
     <span class='ocr_line' id='line_1_44' title="bbox 1952 1418 3546 1493; baseline -0.001 -18"><span class='ocrx_word' id='word_1_332' title='bbox 1952 1419 2102 1487; x_wconf 86' lang='lat' dir='ltr'><strong>bant,</strong></span> <span class='ocrx_word' id='word_1_333' title='bbox 2128 1435 2287 1476; x_wconf 89' lang='lat' dir='ltr'><strong>mane</strong></span> <span class='ocrx_word' id='word_1_334' title='bbox 2313 1435 2505 1491; x_wconf 90' lang='lat' dir='ltr'><strong>panem</strong></span> <span class='ocrx_word' id='word_1_335' title='bbox 2551 1419 2876 1487; x_wconf 83' lang='lat' dir='ltr'><strong>afferebant,</strong></span> <span class='ocrx_word' id='word_1_336' title='bbox 2913 1418 3121 1493; x_wconf 59' lang='lat'><strong>105.1</strong></span> <span class='ocrx_word' id='word_1_337' title='bbox 3151 1420 3218 1476; x_wconf 90' lang='lat' dir='ltr'><strong>ad</strong></span> <span class='ocrx_word' id='word_1_338' title='bbox 3260 1434 3546 1490; x_wconf 86' lang='lat' dir='ltr'><strong>vesperam</strong></span> 
     </span>
    </p>
   </div>
   <div class='ocr_carea' id='block_1_45' title="bbox 1952 1510 3552 1582">
    <p class='ocr_par' dir='ltr' id='par_1_45' title="bbox 1952 1510 3552 1582">
     <span class='ocr_line' id='line_1_45' title="bbox 1952 1510 3552 1582; baseline -0.003 -15"><span class='ocrx_word' id='word_1_339' title='bbox 1952 1525 2166 1567; x_wconf 92' lang='lat' dir='ltr'><strong>carnes.</strong></span> <span class='ocrx_word' id='word_1_340' title='bbox 2201 1511 2318 1567; x_wconf 82' lang='lat' dir='ltr'><strong>Non</strong></span> <span class='ocrx_word' id='word_1_341' title='bbox 2364 1513 2638 1567; x_wconf 92' lang='lat' dir='ltr'><strong>immerito</strong></span> <span class='ocrx_word' id='word_1_342' title='bbox 2668 1527 2829 1567; x_wconf 86' lang='lat' dir='ltr'><strong>mane</strong></span> <span class='ocrx_word' id='word_1_343' title='bbox 2859 1511 3015 1582; x_wconf 88' lang='lat' dir='ltr'><strong>panis</strong></span> <span class='ocrx_word' id='word_1_344' title='bbox 3039 1510 3396 1577; x_wconf 81' lang='lat' dir='ltr'><strong>aff‘erebatur;</strong></span> <span class='ocrx_word' id='word_1_345' title='bbox 3427 1510 3552 1580; x_wconf 90' lang='lat' dir='ltr'><strong>quia</strong></span> 
     </span>
    </p>
   </div>
   <div class='ocr_carea' id='block_1_46' title="bbox 1953 1601 3549 1672">
    <p class='ocr_par' dir='ltr' id='par_1_46' title="bbox 1953 1601 3549 1672">
     <span class='ocr_line' id='line_1_46' title="bbox 1953 1601 3549 1672; baseline -0.004 -13"><span class='ocrx_word' id='word_1_346' title='bbox 1953 1604 2242 1659; x_wconf 84' lang='lat' dir='ltr'><strong>confirmat</strong></span> <span class='ocrx_word' id='word_1_347' title='bbox 2285 1617 2381 1658; x_wconf 92' lang='lat' dir='ltr'><strong>cor</strong></span> <span class='ocrx_word' id='word_1_348' title='bbox 2421 1602 2656 1658; x_wconf 91' lang='lat' dir='ltr'><strong>hominis</strong></span> <span class='ocrx_word' id='word_1_349' title='bbox 2705 1601 2874 1671; x_wconf 88' lang='lat' dir='ltr'><strong>(Psat.</strong></span> <span class='ocrx_word' id='word_1_350' title='bbox 2919 1617 3031 1669; x_wconf 87' lang='lat' dir='ltr'><strong>cm,</strong></span> <span class='ocrx_word' id='word_1_351' title='bbox 3087 1603 3201 1672; x_wconf 80' lang='grc'><strong>15).</strong></span> <span class='ocrx_word' id='word_1_352' title='bbox 3248 1602 3366 1670; x_wconf 84' lang='lat' dir='ltr'><strong>Quo</strong></span> <span class='ocrx_word' id='word_1_353' title='bbox 3405 1601 3549 1656; x_wconf 90' lang='lat' dir='ltr'><strong>enim</strong></span> 
     </span>
    </p>
   </div>
   <div class='ocr_carea' id='block_1_47' title="bbox 1955 1692 3551 1766">
    <p class='ocr_par' dir='ltr' id='par_1_47' title="bbox 1955 1692 3551 1766">
     <span class='ocr_line' id='line_1_47' title="bbox 1955 1692 3551 1766; baseline -0.002 -17"><span class='ocrx_word' id='word_1_354' title='bbox 1955 1695 2077 1749; x_wconf 91' lang='lat' dir='ltr'><strong>cibo</strong></span> <span class='ocrx_word' id='word_1_355' title='bbox 2124 1695 2223 1749; x_wconf 87' lang='lat' dir='ltr'><strong>nisi</strong></span> <span class='ocrx_word' id='word_1_356' title='bbox 2269 1694 2499 1766; x_wconf 86' lang='lat' dir='ltr'><strong>mystico</strong></span> <span class='ocrx_word' id='word_1_357' title='bbox 2527 1695 2768 1749; x_wconf 89' lang='lat' dir='ltr'><strong>aleretur</strong></span> <span class='ocrx_word' id='word_1_358' title='bbox 2801 1693 3109 1765; x_wconf 85' lang='lat' dir='ltr'><strong>propheta?</strong></span> <span class='ocrx_word' id='word_1_359' title='bbox 3137 1692 3220 1748; x_wconf 88' lang='lat' dir='ltr'><strong>Ad</strong></span> <span class='ocrx_word' id='word_1_360' title='bbox 3261 1706 3551 1762; x_wconf 90' lang='lat' dir='ltr'><strong>vesperam</strong></span> 
     </span>
    </p>
   </div>
   <div class='ocr_carea' id='block_1_48' title="bbox 1878 1781 3556 1856">
    <p class='ocr_par' dir='ltr' id='par_1_48' title="bbox 1878 1781 3556 1856">
     <span class='ocr_line' id='line_1_48' title="bbox 1878 1781 3556 1856; baseline -0.005 -11"><span class='ocrx_word' id='word_1_361' title='bbox 1878 1785 1924 1845; x_wconf 87' lang='grc' dir='ltr'><strong>Β</strong></span> <span class='ocrx_word' id='word_1_362' title='bbox 1952 1800 2081 1841; x_wconf 89' lang='lat' dir='ltr'><strong>caro</strong></span> <span class='ocrx_word' id='word_1_363' title='bbox 2114 1785 2547 1840; x_wconf 89' lang='lat' dir='ltr'><strong>ministrabatur.</strong></span> <span class='ocrx_word' id='word_1_364' title='bbox 2580 1784 2829 1856; x_wconf 83' lang='lat' dir='ltr'><strong>intellige</strong></span> <span class='ocrx_word' id='word_1_365' title='bbox 2857 1800 2977 1855; x_wconf 84' lang='lat' dir='ltr'><strong>quae</strong></span> <span class='ocrx_word' id='word_1_366' title='bbox 3018 1785 3179 1856; x_wconf 87' lang='lat' dir='ltr'><strong>legis,</strong></span> <span class='ocrx_word' id='word_1_367' title='bbox 3209 1786 3334 1855; x_wconf 89' lang='lat' dir='ltr'><strong>quia</strong></span> <span class='ocrx_word' id='word_1_368' title='bbox 3356 1781 3382 1820; x_wconf 75' lang='grc' dir='ltr'><em>ά</em></span> <span class='ocrx_word' id='word_1_369' title='bbox 3411 1784 3556 1839; x_wconf 88' lang='lat' dir='ltr'><strong>Cho-</strong></span> 
     </span>
    </p>
   </div>
   <div class='ocr_carea' id='block_1_49' title="bbox 1956 1875 3560 1945">
    <p class='ocr_par' dir='ltr' id='par_1_49' title="bbox 1956 1875 3560 1945">
     <span class='ocr_line' id='line_1_49' title="bbox 1956 1875 3560 1945; baseline -0.003 -11"><span class='ocrx_word' id='word_1_370' title='bbox 1956 1877 2078 1934; x_wconf 88' lang='lat' dir='ltr'><strong>rath</strong></span> <span class='ocrx_word' id='word_1_371' title='bbox 2107 1878 2413 1934; x_wconf 90' lang='lat' dir='ltr'><strong>intellectus</strong></span> <span class='ocrx_word' id='word_1_372' title='bbox 2441 1887 2558 1942; x_wconf 91' lang='lat' dir='ltr'><strong>est;</strong></span> <span class='ocrx_word' id='word_1_373' title='bbox 2587 1875 2807 1932; x_wconf 89' lang='lat' dir='ltr'><strong>Choreb</strong></span> <span class='ocrx_word' id='word_1_374' title='bbox 2836 1891 2998 1931; x_wconf 90' lang='lat' dir='ltr'><strong>omne</strong></span> <span class='ocrx_word' id='word_1_375' title='bbox 3025 1890 3144 1942; x_wconf 91' lang='lat' dir='ltr'><strong>cor,</strong></span> <span class='ocrx_word' id='word_1_376' title='bbox 3175 1876 3258 1930; x_wconf 90' lang='lat' dir='ltr'><strong>vel</strong></span> <span class='ocrx_word' id='word_1_377' title='bbox 3282 1875 3436 1945; x_wconf 90' lang='lat' dir='ltr'><strong>quasi</strong></span> <span class='ocrx_word' id='word_1_378' title='bbox 3465 1887 3560 1930; x_wconf 92' lang='lat' dir='ltr'><strong>cor</strong></span> 
     </span>
    </p>
   </div>
   <div class='ocr_carea' id='block_1_50' title="bbox 1957 1966 3559 2038">
    <p class='ocr_par' dir='ltr' id='par_1_50' title="bbox 1957 1966 3559 2038">
     <span class='ocr_line' id='line_1_50' title="bbox 1957 1966 3559 2038; baseline -0.003 -13"><span class='ocrx_word' id='word_1_379' title='bbox 1957 1969 2178 2035; x_wconf 91' lang='lat' dir='ltr'><strong>dicitur,</strong></span> <span class='ocrx_word' id='word_1_380' title='bbox 2211 1968 2482 2023; x_wconf 89' lang='lat' dir='ltr'><strong>Bersabee</strong></span> <span class='ocrx_word' id='word_1_381' title='bbox 2519 1982 2735 2038; x_wconf 85' lang='lat' dir='ltr'><strong>quoque</strong></span> <span class='ocrx_word' id='word_1_382' title='bbox 2778 1975 2972 2036; x_wconf 90' lang='lat' dir='ltr'><strong>puteus</strong></span> <span class='ocrx_word' id='word_1_383' title='bbox 3008 1966 3246 2036; x_wconf 87' lang='lat' dir='ltr'><strong>septimi,</strong></span> <span class='ocrx_word' id='word_1_384' title='bbox 3280 1975 3372 2019; x_wconf 89' lang='lat' dir='ltr'><strong>aut</strong></span> <span class='ocrx_word' id='word_1_385' title='bbox 3408 1967 3559 2034; x_wconf 90' lang='lat' dir='ltr'><strong>jura-</strong></span> 
     </span>
    </p>
   </div>
   <div class='ocr_carea' id='block_1_51' title="bbox 1958 2060 2880 2128">
    <p class='ocr_par' dir='ltr' id='par_1_51' title="bbox 1958 2060 2880 2128">
     <span class='ocr_line' id='line_1_51' title="bbox 1958 2060 2880 2128; baseline -0.003 -14"><span class='ocrx_word' id='word_1_386' title='bbox 1958 2060 2126 2116; x_wconf 90' lang='lat' dir='ltr'><strong>menti</strong></span> <span class='ocrx_word' id='word_1_387' title='bbox 2158 2061 2344 2114; x_wconf 88' lang='lat' dir='ltr'><strong>Latina</strong></span> <span class='ocrx_word' id='word_1_388' title='bbox 2377 2060 2750 2128; x_wconf 91' lang='lat' dir='ltr'><strong>interpretatio</strong></span> <span class='ocrx_word' id='word_1_389' title='bbox 2777 2068 2880 2114; x_wconf 91' lang='lat' dir='ltr'><strong>est.</strong></span> 
     </span>
    </p>
   </div>
   <div class='ocr_carea' id='block_1_52' title="bbox 2029 2152 3556 2209">
    <p class='ocr_par' dir='ltr' id='par_1_52' title="bbox 2029 2152 3556 2209">
     <span class='ocr_line' id='line_1_52' title="bbox 2029 2152 3556 2209; baseline 0.001 -3"><span class='ocrx_word' id='word_1_390' title='bbox 2029 2153 2118 2208; x_wconf 90' lang='grc'>78.</span> <span class='ocrx_word' id='word_1_391' title='bbox 2162 2153 2400 2208; x_wconf 86' lang='lat' dir='ltr'><strong>Primum</strong></span> <span class='ocrx_word' id='word_1_392' title='bbox 2425 2153 2569 2208; x_wconf 89' lang='lat' dir='ltr'><strong>Elias</strong></span> <span class='ocrx_word' id='word_1_393' title='bbox 2596 2154 2649 2207; x_wconf 93' lang='lat' dir='ltr'><strong>in</strong></span> <span class='ocrx_word' id='word_1_394' title='bbox 2673 2152 2944 2208; x_wconf 89' lang='lat' dir='ltr'><strong>Bersabee</strong></span> <span class='ocrx_word' id='word_1_395' title='bbox 2968 2154 3240 2209; x_wconf 88' lang='lat' dir='ltr'><strong>concessit</strong></span> <span class='ocrx_word' id='word_1_396' title='bbox 3262 2153 3328 2208; x_wconf 91' lang='lat' dir='ltr'><strong>ad</strong></span> <span class='ocrx_word' id='word_1_397' title='bbox 3354 2161 3556 2208; x_wconf 72' lang='lat' dir='ltr'><strong>sancta:</strong></span> 
     </span>
    </p>
   </div>
   <div class='ocr_carea' id='block_1_53' title="bbox 1963 2245 3558 2316">
    <p class='ocr_par' dir='ltr' id='par_1_53' title="bbox 1963 2245 3558 2316">
     <span class='ocr_line' id='line_1_53' title="bbox 1963 2245 3558 2316; baseline 0.001 -17"><span class='ocrx_word' id='word_1_398' title='bbox 1963 2247 2094 2313; x_wconf 81' lang='lat' dir='ltr'><strong>legis</strong></span> <span class='ocrx_word' id='word_1_399' title='bbox 2139 2247 2420 2316; x_wconf 80' lang='lat' dir='ltr'><strong>mysteria,</strong></span> <span class='ocrx_word' id='word_1_400' title='bbox 2452 2245 2732 2315; x_wconf 80' lang='lat' dir='ltr'><strong>divinique</strong></span> <span class='ocrx_word' id='word_1_401' title='bbox 2772 2245 2912 2315; x_wconf 89' lang='lat' dir='ltr'><strong>juris</strong></span> <span class='ocrx_word' id='word_1_402' title='bbox 2953 2257 3336 2301; x_wconf 86' lang='lat' dir='ltr'><strong>sacramenta:</strong></span> <span class='ocrx_word' id='word_1_403' title='bbox 3371 2256 3558 2316; x_wconf 83' lang='lat' dir='ltr'><strong>postea</strong></span> 
     </span>
    </p>
   </div>
   <div class='ocr_carea' id='block_1_54' title="bbox 1961 2337 3557 2408">
    <p class='ocr_par' dir='ltr' id='par_1_54' title="bbox 1961 2337 3557 2408">
     <span class='ocr_line' id='line_1_54' title="bbox 1961 2337 3557 2408; baseline 0.001 -17"><span class='ocrx_word' id='word_1_404' title='bbox 1961 2338 2026 2391; x_wconf 85' lang='lat' dir='ltr'><strong>atl</strong></span> <span class='ocrx_word' id='word_1_405' title='bbox 2062 2348 2358 2392; x_wconf 87' lang='lat' dir='ltr'><strong>torrentem</strong></span> <span class='ocrx_word' id='word_1_406' title='bbox 2405 2338 2655 2399; x_wconf 90' lang='lat' dir='ltr'><strong>mittitur,</strong></span> <span class='ocrx_word' id='word_1_407' title='bbox 2690 2337 2757 2392; x_wconf 85' lang='lat' dir='ltr'><strong>ad</strong></span> <span class='ocrx_word' id='word_1_408' title='bbox 2787 2337 2936 2392; x_wconf 92' lang='lat' dir='ltr'><strong>illum</strong></span> <span class='ocrx_word' id='word_1_409' title='bbox 2979 2337 3219 2393; x_wconf 89' lang='lat' dir='ltr'><strong>fluminis</strong></span> <span class='ocrx_word' id='word_1_410' title='bbox 3269 2340 3557 2408; x_wconf 88' lang='lat' dir='ltr'><strong>impetum,</strong></span> 
     </span>
    </p>
   </div>
   <div class='ocr_carea' id='block_1_55' title="bbox 1960 2427 3563 2501">
    <p class='ocr_par' dir='ltr' id='par_1_55' title="bbox 1960 2427 3563 2501">
     <span class='ocr_line' id='line_1_55' title="bbox 1960 2427 3563 2501; baseline 0 -17"><span class='ocrx_word' id='word_1_411' title='bbox 1960 2431 2050 2499; x_wconf 94' lang='lat' dir='ltr'><strong>qui</strong></span> <span class='ocrx_word' id='word_1_412' title='bbox 2079 2428 2319 2483; x_wconf 70' lang='lat' dir='ltr'><strong>laetificat</strong></span> <span class='ocrx_word' id='word_1_413' title='bbox 2343 2429 2618 2483; x_wconf 83' lang='lat' dir='ltr'><strong>civitatem</strong></span> <span class='ocrx_word' id='word_1_414' title='bbox 2653 2428 2747 2484; x_wconf 90' lang='lat' dir='ltr'><strong>Dei</strong></span> <span class='ocrx_word' id='word_1_415' title='bbox 2782 2427 2952 2499; x_wconf 84' lang='lat' dir='ltr'><strong>(Psat.</strong></span> <span class='ocrx_word' id='word_1_416' title='bbox 2984 2444 3112 2494; x_wconf 78' lang='grc' dir='ltr'><strong>ην,</strong></span> <span class='ocrx_word' id='word_1_417' title='bbox 3141 2428 3220 2499; x_wconf 84' lang='grc'><strong>5).</strong></span> <span class='ocrx_word' id='word_1_418' title='bbox 3259 2428 3563 2501; x_wconf 91' lang='lat' dir='ltr'><strong>Utrumque</strong></span> 
     </span>
    </p>
   </div>
   <div class='ocr_carea' id='block_1_56' title="bbox 1961 2511 3559 2592">
    <p class='ocr_par' dir='ltr' id='par_1_56' title="bbox 1961 2511 3559 2592">
     <span class='ocr_line' id='line_1_56' title="bbox 1961 2511 3559 2592; baseline 0.001 -16"><span class='ocrx_word' id='word_1_419' title='bbox 1961 2511 2199 2576; x_wconf 84' lang='lat' dir='ltr'><strong>advertis</strong></span> <span class='ocrx_word' id='word_1_420' title='bbox 2241 2520 2400 2575; x_wconf 82' lang='lat' dir='ltr'><strong>unius</strong></span> <span class='ocrx_word' id='word_1_421' title='bbox 2435 2521 2673 2576; x_wconf 85' lang='lat' dir='ltr'><strong>auctoris</strong></span> <span class='ocrx_word' id='word_1_422' title='bbox 2705 2521 3113 2577; x_wconf 81' lang='lat' dir='ltr'><strong>Testamentum</strong></span> <span class='ocrx_word' id='word_1_423' title='bbox 3140 2542 3152 2576; x_wconf 91' lang='lat'><strong>:</strong></span> <span class='ocrx_word' id='word_1_424' title='bbox 3182 2531 3338 2578; x_wconf 89' lang='lat' dir='ltr'><strong>vetus</strong></span> <span class='ocrx_word' id='word_1_425' title='bbox 3372 2523 3559 2592; x_wconf 81' lang='lat' dir='ltr'><strong>Scrip-</strong></span> 
     </span>
    </p>
   </div>
   <div class='ocr_carea' id='block_1_57' title="bbox 1963 2613 3563 2684">
    <p class='ocr_par' dir='ltr' id='par_1_57' title="bbox 1963 2613 3563 2684">
     <span class='ocr_line' id='line_1_57' title="bbox 1963 2613 3563 2684; baseline 0.001 -17"><span class='ocrx_word' id='word_1_426' title='bbox 1963 2621 2081 2667; x_wconf 90' lang='lat' dir='ltr'><strong>tura</strong></span> <span class='ocrx_word' id='word_1_427' title='bbox 2128 2613 2283 2682; x_wconf 91' lang='lat' dir='ltr'><strong>quasi</strong></span> <span class='ocrx_word' id='word_1_428' title='bbox 2331 2622 2526 2683; x_wconf 89' lang='lat' dir='ltr'><strong>puteus</strong></span> <span class='ocrx_word' id='word_1_429' title='bbox 2571 2613 2833 2682; x_wconf 65' lang='lat' dir='ltr'><strong>[,ll&#39;llfllnda</strong></span> <span class='ocrx_word' id='word_1_430' title='bbox 2875 2622 3038 2684; x_wconf 91' lang='lat' dir='ltr'><strong>atque</strong></span> <span class='ocrx_word' id='word_1_431' title='bbox 3080 2613 3386 2680; x_wconf 87' lang='lat' dir='ltr'><strong>obscurior,</strong></span> <span class='ocrx_word' id='word_1_432' title='bbox 3419 2614 3563 2669; x_wconf 87' lang='lat' dir='ltr'><strong>unde</strong></span> 
     </span>
    </p>
   </div>
   <div class='ocr_carea' id='block_1_58' title="bbox 1961 2703 3562 2777">
    <p class='ocr_par' dir='ltr' id='par_1_58' title="bbox 1961 2703 3562 2777">
     <span class='ocr_line' id='line_1_58' title="bbox 1961 2703 3562 2777; baseline 0.001 -18"><span class='ocrx_word' id='word_1_433' title='bbox 1961 2718 2083 2759; x_wconf 91' lang='lat' dir='ltr'><strong>cum</strong></span> <span class='ocrx_word' id='word_1_434' title='bbox 2117 2703 2302 2759; x_wconf 90' lang='lat' dir='ltr'><strong>labore</strong></span> <span class='ocrx_word' id='word_1_435' title='bbox 2333 2706 2548 2759; x_wconf 88' lang='lat' dir='ltr'><strong>haurias</strong></span> <span class='ocrx_word' id='word_1_436' title='bbox 2576 2723 2588 2758; x_wconf 92' lang='lat'><strong>:</strong></span> <span class='ocrx_word' id='word_1_437' title='bbox 2620 2721 2727 2759; x_wconf 93' lang='lat' dir='ltr'><strong>non</strong></span> <span class='ocrx_word' id='word_1_438' title='bbox 2761 2706 2952 2774; x_wconf 89' lang='lat' dir='ltr'><strong>plena;</strong></span> <span class='ocrx_word' id='word_1_439' title='bbox 2986 2707 3109 2776; x_wconf 91' lang='lat' dir='ltr'><strong>quia</strong></span> <span class='ocrx_word' id='word_1_440' title='bbox 3135 2705 3310 2762; x_wconf 91' lang='lat' dir='ltr'><strong>adhuc</strong></span> <span class='ocrx_word' id='word_1_441' title='bbox 3338 2707 3428 2777; x_wconf 91' lang='lat' dir='ltr'><strong>qui</strong></span> <span class='ocrx_word' id='word_1_442' title='bbox 3461 2707 3562 2760; x_wconf 91' lang='lat' dir='ltr'><strong>im—</strong></span> 
     </span>
    </p>
   </div>
   <div class='ocr_carea' id='block_1_59' title="bbox 1963 2797 3561 2868">
    <p class='ocr_par' dir='ltr' id='par_1_59' title="bbox 1963 2797 3561 2868">
     <span class='ocr_line' id='line_1_59' title="bbox 1963 2797 3561 2868; baseline 0 -16"><span class='ocrx_word' id='word_1_443' title='bbox 1963 2798 2140 2868; x_wconf 87' lang='lat' dir='ltr'><strong>pleret</strong></span> <span class='ocrx_word' id='word_1_444' title='bbox 2176 2812 2318 2864; x_wconf 91' lang='lat' dir='ltr'><strong>eam,</strong></span> <span class='ocrx_word' id='word_1_445' title='bbox 2354 2813 2458 2852; x_wconf 93' lang='lat' dir='ltr'><strong>non</strong></span> <span class='ocrx_word' id='word_1_446' title='bbox 2493 2806 2736 2852; x_wconf 89' lang='lat' dir='ltr'><strong>venerat.</strong></span> <span class='ocrx_word' id='word_1_447' title='bbox 2786 2799 3023 2868; x_wconf 76' lang='lat' dir='ltr'><strong>Denique</strong></span> <span class='ocrx_word' id='word_1_448' title='bbox 3063 2807 3250 2868; x_wconf 86' lang='lat' dir='ltr'><strong>postea</strong></span> <span class='ocrx_word' id='word_1_449' title='bbox 3289 2799 3403 2853; x_wconf 88' lang='lat' dir='ltr'><strong>ait:</strong></span> <span class='ocrx_word' id='word_1_450' title='bbox 3439 2797 3561 2854; x_wconf 84' lang='lat' dir='ltr'><strong>Non</strong></span> 
     </span>
    </p>
   </div>
   <div class='ocr_carea' id='block_1_60' title="bbox 1962 2890 3563 2964">
    <p class='ocr_par' dir='ltr' id='par_1_60' title="bbox 1962 2890 3563 2964">
     <span class='ocr_line' id='line_1_60' title="bbox 1962 2890 3563 2964; baseline 0 -20"><span class='ocrx_word' id='word_1_451' title='bbox 1962 2893 2074 2944; x_wconf 81' lang='lat' dir='ltr'><strong>veni</strong></span> <span class='ocrx_word' id='word_1_452' title='bbox 2113 2890 2300 2962; x_wconf 83' lang='lat' dir='ltr'><strong>Legem</strong></span> <span class='ocrx_word' id='word_1_453' title='bbox 2328 2891 2544 2958; x_wconf 83' lang='lat' dir='ltr'><strong>solvere,</strong></span> <span class='ocrx_word' id='word_1_454' title='bbox 2573 2894 2662 2946; x_wconf 85' lang='lat' dir='ltr'><strong>sed</strong></span> <span class='ocrx_word' id='word_1_455' title='bbox 2692 2893 2904 2963; x_wconf 85' lang='lat' dir='ltr'><strong>implere</strong></span> <span class='ocrx_word' id='word_1_456' title='bbox 2931 2891 3153 2964; x_wconf 80' lang='lat' dir='ltr'><strong>(Matth.</strong></span> <span class='ocrx_word' id='word_1_457' title='bbox 3198 2908 3253 2956; x_wconf 91' lang='lat' dir='ltr'><strong>v,</strong></span> <span class='ocrx_word' id='word_1_458' title='bbox 3290 2892 3401 2961; x_wconf 82' lang='lat' dir='ltr'><strong>l7).</strong></span> <span class='ocrx_word' id='word_1_459' title='bbox 3436 2891 3563 2946; x_wconf 87' lang='lat' dir='ltr'><strong>Ideo</strong></span> 
     </span>
    </p>
   </div>
   <div class='ocr_carea' id='block_1_61' title="bbox 1963 2981 3562 3054">
    <p class='ocr_par' dir='ltr' id='par_1_61' title="bbox 1963 2981 3562 3054">
     <span class='ocr_line' id='line_1_61' title="bbox 1963 2981 3562 3054; baseline 0 -18"><span class='ocrx_word' id='word_1_460' title='bbox 1963 2982 2030 3037; x_wconf 92' lang='lat' dir='ltr'><strong>ad</strong></span> <span class='ocrx_word' id='word_1_461' title='bbox 2055 2982 2274 3038; x_wconf 84' lang='lat' dir='ltr'><strong>fluvium</strong></span> <span class='ocrx_word' id='word_1_462' title='bbox 2298 2982 2532 3037; x_wconf 88' lang='lat' dir='ltr'><strong>transire</strong></span> <span class='ocrx_word' id='word_1_463' title='bbox 2549 2993 2812 3038; x_wconf 90' lang='lat' dir='ltr'><strong>sanctusa</strong></span> <span class='ocrx_word' id='word_1_464' title='bbox 2835 2982 3299 3053; x_wconf 88' lang='lat' dir='ltr'><strong>Dominojubetur</strong></span> <span class='ocrx_word' id='word_1_465' title='bbox 3317 2982 3409 3054; x_wconf 92' lang='lat' dir='ltr'><strong>(Ill</strong></span> <span class='ocrx_word' id='word_1_466' title='bbox 3429 2981 3562 3054; x_wconf 86' lang='lat' dir='ltr'><strong>Reg.</strong></span> 
     </span>
    </p>
   </div>
   <div class='ocr_carea' id='block_1_62' title="bbox 1966 3074 3562 3148">
    <p class='ocr_par' dir='ltr' id='par_1_62' title="bbox 1966 3074 3562 3148">
     <span class='ocr_line' id='line_1_62' title="bbox 1966 3074 3562 3148; baseline -0.001 -18"><span class='ocrx_word' id='word_1_467' title='bbox 1966 3091 2101 3143; x_wconf 84' lang='lat' dir='ltr'><strong>xvu,</strong></span> <span class='ocrx_word' id='word_1_468' title='bbox 2133 3075 2222 3148; x_wconf 75' lang='lat'><strong>3);</strong></span> <span class='ocrx_word' id='word_1_469' title='bbox 2265 3075 2520 3147; x_wconf 90' lang='lat' dir='ltr'><strong>quoniam</strong></span> <span class='ocrx_word' id='word_1_470' title='bbox 2552 3077 2644 3148; x_wconf 91' lang='lat' dir='ltr'><strong>qui</strong></span> <span class='ocrx_word' id='word_1_471' title='bbox 2676 3077 2744 3132; x_wconf 93' lang='lat' dir='ltr'><strong>de</strong></span> <span class='ocrx_word' id='word_1_472' title='bbox 2781 3091 2920 3130; x_wconf 90' lang='lat' dir='ltr'><strong>novo</strong></span> <span class='ocrx_word' id='word_1_473' title='bbox 2962 3075 3312 3131; x_wconf 88' lang='lat' dir='ltr'><strong>Testamento</strong></span> <span class='ocrx_word' id='word_1_474' title='bbox 3342 3074 3562 3141; x_wconf 90' lang='lat' dir='ltr'><strong>biberit,</strong></span> 
     </span>
    </p>
   </div>
   <div class='ocr_carea' id='block_1_63' title="bbox 263 3161 3566 3237">
    <p class='ocr_par' dir='ltr' id='par_1_63' title="bbox 263 3161 3566 3237">
     <span class='ocr_line' id='line_1_63' title="bbox 263 3161 3566 3237; baseline 0.003 -23"><span class='ocrx_word' id='word_1_475' title='bbox 263 3179 453 3230; x_wconf 78' lang='lat' dir='ltr'><strong>nteant,</strong></span> <span class='ocrx_word' id='word_1_476' title='bbox 494 3175 545 3218; x_wconf 87' lang='lat' dir='ltr'><strong>et</strong></span> <span class='ocrx_word' id='word_1_477' title='bbox 587 3166 926 3220; x_wconf 84' lang='lat' dir='ltr'><strong>ministerium</strong></span> <span class='ocrx_word' id='word_1_478' title='bbox 969 3169 1136 3232; x_wconf 80' lang='lat' dir='ltr'><strong>verbi,</strong></span> <span class='ocrx_word' id='word_1_479' title='bbox 1172 3167 1311 3236; x_wconf 82' lang='lat' dir='ltr'><strong>quod</strong></span> <span class='ocrx_word' id='word_1_480' title='bbox 1350 3167 1520 3234; x_wconf 84' lang='lat' dir='ltr'><strong>accepi</strong></span> <span class='ocrx_word' id='word_1_481' title='bbox 1560 3183 1591 3218; x_wconf 91' lang='lat' dir='ltr'><strong>a</strong></span> <span class='ocrx_word' id='word_1_482' title='bbox 1632 3164 1857 3219; x_wconf 87' lang='lat' dir='ltr'><strong>Domino</strong></span> <span class='ocrx_word' id='word_1_483' title='bbox 1887 3161 1931 3220; x_wconf 90' lang='lat' dir='ltr'><strong>C</strong></span> <span class='ocrx_word' id='word_1_484' title='bbox 1965 3183 2072 3223; x_wconf 89' lang='lat' dir='ltr'><strong>non</strong></span> <span class='ocrx_word' id='word_1_485' title='bbox 2100 3169 2276 3223; x_wconf 88' lang='lat' dir='ltr'><strong>solum</strong></span> <span class='ocrx_word' id='word_1_486' title='bbox 2309 3168 2511 3224; x_wconf 88' lang='lat' dir='ltr'><strong>flumen</strong></span> <span class='ocrx_word' id='word_1_487' title='bbox 2551 3180 2666 3237; x_wconf 87' lang='lat' dir='ltr'><strong>est,</strong></span> <span class='ocrx_word' id='word_1_488' title='bbox 2699 3169 2793 3225; x_wconf 86' lang='lat' dir='ltr'><strong>sed</strong></span> <span class='ocrx_word' id='word_1_489' title='bbox 2821 3170 2984 3225; x_wconf 88' lang='lat' dir='ltr'><strong>etiam</strong></span> <span class='ocrx_word' id='word_1_490' title='bbox 3017 3169 3238 3223; x_wconf 89' lang='lat' dir='ltr'><strong>flumina</strong></span> <span class='ocrx_word' id='word_1_491' title='bbox 3267 3171 3336 3223; x_wconf 82' lang='lat' dir='ltr'><strong>de</strong></span> <span class='ocrx_word' id='word_1_492' title='bbox 3374 3175 3566 3223; x_wconf 83' lang='lat' dir='ltr'><strong>ventre</strong></span> 
     </span>
    </p>
   </div>
   <div class='ocr_carea' id='block_1_64' title="bbox 261 3255 1862 3328">
    <p class='ocr_par' dir='ltr' id='par_1_64' title="bbox 261 3255 1862 3328">
     <span class='ocr_line' id='line_1_64' title="bbox 261 3255 1862 3328; baseline 0.001 -19"><span class='ocrx_word' id='word_1_493' title='bbox 261 3255 390 3310; x_wconf 84' lang='lat' dir='ltr'><strong>Jesu</strong></span> <span class='ocrx_word' id='word_1_494' title='bbox 419 3257 560 3327; x_wconf 87' lang='lat' dir='ltr'><strong>(Act.</strong></span> <span class='ocrx_word' id='word_1_495' title='bbox 599 3273 696 3321; x_wconf 78' lang='lat' dir='ltr'><strong>xx,</strong></span> <span class='ocrx_word' id='word_1_496' title='bbox 728 3257 800 3310; x_wconf 73' lang='grc'><strong>24</strong></span> <span class='ocrx_word' id='word_1_497' title='bbox 829 3269 876 3311; x_wconf 88' lang='lat' dir='ltr'><strong>et</strong></span> <span class='ocrx_word' id='word_1_498' title='bbox 913 3257 1068 3328; x_wconf 86' lang='lat' dir='ltr'><strong>seq.).</strong></span> <span class='ocrx_word' id='word_1_499' title='bbox 1105 3259 1348 3327; x_wconf 86' lang='lat' dir='ltr'><strong>Denique</strong></span> <span class='ocrx_word' id='word_1_500' title='bbox 1385 3257 1862 3312; x_wconf 82' lang='lat' dir='ltr'><strong>circumstantibus</strong></span> 
     </span>
    </p>
   </div>
   <div class='ocr_carea' id='block_1_65' title="bbox 263 3348 1866 3419">
    <p class='ocr_par' dir='ltr' id='par_1_65' title="bbox 263 3348 1866 3419">
     <span class='ocr_line' id='line_1_65' title="bbox 263 3348 1866 3419; baseline 0.001 -17"><span class='ocrx_word' id='word_1_501' title='bbox 263 3348 538 3418; x_wconf 88' lang='lat' dir='ltr'><strong>plurimis,</strong></span> <span class='ocrx_word' id='word_1_502' title='bbox 574 3349 912 3419; x_wconf 86' lang='lat' dir='ltr'><strong>plorantibus</strong></span> <span class='ocrx_word' id='word_1_503' title='bbox 945 3359 1001 3404; x_wconf 93' lang='lat' dir='ltr'><strong>et</strong></span> <span class='ocrx_word' id='word_1_504' title='bbox 1027 3351 1457 3416; x_wconf 88' lang='lat' dir='ltr'><strong>obsecrantibus,</strong></span> <span class='ocrx_word' id='word_1_505' title='bbox 1499 3365 1606 3406; x_wconf 91' lang='lat' dir='ltr'><strong>non</strong></span> <span class='ocrx_word' id='word_1_506' title='bbox 1653 3349 1866 3405; x_wconf 83' lang='lat' dir='ltr'><strong>reﬂexit</strong></span> 
     </span>
    </p>
   </div>
   <div class='ocr_carea' id='block_1_66' title="bbox 263 3441 1752 3513">
    <p class='ocr_par' dir='ltr' id='par_1_66' title="bbox 263 3441 1752 3513">
     <span class='ocr_line' id='line_1_66' title="bbox 263 3441 1752 3513; baseline 0 -17"><span class='ocrx_word' id='word_1_507' title='bbox 263 3443 506 3497; x_wconf 89' lang='lat' dir='ltr'><strong>animum</strong></span> <span class='ocrx_word' id='word_1_508' title='bbox 536 3460 548 3496; x_wconf 88' lang='lat'><strong>:</strong></span> <span class='ocrx_word' id='word_1_509' title='bbox 583 3443 655 3497; x_wconf 89' lang='lat' dir='ltr'><strong>ita</strong></span> <span class='ocrx_word' id='word_1_510' title='bbox 688 3441 822 3498; x_wconf 90' lang='lat' dir='ltr'><strong>fides</strong></span> <span class='ocrx_word' id='word_1_511' title='bbox 855 3454 1100 3513; x_wconf 88' lang='lat' dir='ltr'><strong>prompta</strong></span> <span class='ocrx_word' id='word_1_512' title='bbox 1128 3445 1261 3498; x_wconf 90' lang='lat' dir='ltr'><strong>dura</strong></span> <span class='ocrx_word' id='word_1_513' title='bbox 1293 3445 1374 3498; x_wconf 92' lang='lat' dir='ltr'><strong>sui</strong></span> <span class='ocrx_word' id='word_1_514' title='bbox 1413 3459 1607 3500; x_wconf 88' lang='lat' dir='ltr'><strong>censor</strong></span> <span class='ocrx_word' id='word_1_515' title='bbox 1636 3445 1752 3500; x_wconf 89' lang='lat' dir='ltr'><strong>est!</strong></span> 
     </span>
    </p>
   </div>
   <div class='ocr_carea' id='block_1_67' title="bbox 341 3534 1860 3608">
    <p class='ocr_par' dir='ltr' id='par_1_67' title="bbox 341 3534 1860 3608">
     <span class='ocr_line' id='line_1_67' title="bbox 341 3534 1860 3608; baseline 0.002 -19"><span class='ocrx_word' id='word_1_516' title='bbox 341 3534 433 3590; x_wconf 75' lang='grc'><strong>74.</strong></span> <span class='ocrx_word' id='word_1_517' title='bbox 479 3535 602 3591; x_wconf 85' lang='lat' dir='ltr'><strong>Haec</strong></span> <span class='ocrx_word' id='word_1_518' title='bbox 629 3550 762 3608; x_wconf 89' lang='lat' dir='ltr'><strong>ergo</strong></span> <span class='ocrx_word' id='word_1_519' title='bbox 787 3537 1032 3603; x_wconf 90' lang='lat' dir='ltr'><strong>dimicat,</strong></span> <span class='ocrx_word' id='word_1_520' title='bbox 1061 3537 1146 3591; x_wconf 88' lang='lat' dir='ltr'><strong>illa</strong></span> <span class='ocrx_word' id='word_1_521' title='bbox 1175 3552 1236 3593; x_wconf 90' lang='lat' dir='ltr'><strong>se</strong></span> <span class='ocrx_word' id='word_1_522' title='bbox 1278 3546 1557 3594; x_wconf 84' lang='lat' dir='ltr'><strong>removet:</strong></span> <span class='ocrx_word' id='word_1_523' title='bbox 1591 3538 1708 3594; x_wconf 69' lang='lat' dir='ltr'><strong>haec</strong></span> <span class='ocrx_word' id='word_1_524' title='bbox 1738 3537 1860 3593; x_wconf 80' lang='lat' dir='ltr'><strong>ille—</strong></span> 
     </span>
    </p>
   </div>
   <div class='ocr_carea' id='block_1_68' title="bbox 266 3627 1863 3700">
    <p class='ocr_par' dir='ltr' id='par_1_68' title="bbox 266 3627 1863 3700">
     <span class='ocr_line' id='line_1_68' title="bbox 266 3627 1863 3700; baseline 0 -18"><span class='ocrx_word' id='word_1_525' title='bbox 266 3627 459 3684; x_wconf 85' lang='lat' dir='ltr'><strong>cebras</strong></span> <span class='ocrx_word' id='word_1_526' title='bbox 490 3627 675 3695; x_wconf 90' lang='lat' dir='ltr'><strong>vincit,</strong></span> <span class='ocrx_word' id='word_1_527' title='bbox 708 3629 796 3683; x_wconf 90' lang='lat' dir='ltr'><strong>illa</strong></span> <span class='ocrx_word' id='word_1_528' title='bbox 843 3627 1040 3700; x_wconf 87' lang='lat' dir='ltr'><strong>refugit</strong></span> <span class='ocrx_word' id='word_1_529' title='bbox 1069 3647 1081 3684; x_wconf 90' lang='lat'><strong>:</strong></span> <span class='ocrx_word' id='word_1_530' title='bbox 1117 3629 1243 3685; x_wconf 90' lang='lat' dir='ltr'><strong>huic</strong></span> <span class='ocrx_word' id='word_1_531' title='bbox 1283 3629 1512 3685; x_wconf 91' lang='lat' dir='ltr'><strong>mundus</strong></span> <span class='ocrx_word' id='word_1_532' title='bbox 1561 3628 1863 3698; x_wconf 88' lang='lat' dir='ltr'><strong>triumpha-</strong></span> 
     </span>
    </p>
   </div>
   <div class='ocr_carea' id='block_1_69' title="bbox 269 3720 1860 3794">
    <p class='ocr_par' dir='ltr' id='par_1_69' title="bbox 269 3720 1860 3794">
     <span class='ocr_line' id='line_1_69' title="bbox 269 3720 1860 3794; baseline 0 -19"><span class='ocrx_word' id='word_1_533' title='bbox 269 3731 378 3786; x_wconf 90' lang='lat' dir='ltr'><strong>tur,</strong></span> <span class='ocrx_word' id='word_1_534' title='bbox 430 3721 510 3776; x_wconf 92' lang='lat' dir='ltr'><strong>illi</strong></span> <span class='ocrx_word' id='word_1_535' title='bbox 562 3722 828 3778; x_wconf 75' lang='lat' dir='ltr'><strong>exsulat:</strong></span> <span class='ocrx_word' id='word_1_536' title='bbox 876 3723 1000 3778; x_wconf 88' lang='lat' dir='ltr'><strong>huic</strong></span> <span class='ocrx_word' id='word_1_537' title='bbox 1047 3723 1281 3779; x_wconf 88' lang='lat' dir='ltr'><strong>mundus</strong></span> <span class='ocrx_word' id='word_1_538' title='bbox 1326 3723 1660 3794; x_wconf 88' lang='lat' dir='ltr'><strong>crucifigitur</strong></span> <span class='ocrx_word' id='word_1_539' title='bbox 1708 3720 1860 3794; x_wconf 79' lang='lat' dir='ltr'><strong>(Gal.</strong></span> 
     </span>
    </p>
   </div>
   <div class='ocr_carea' id='block_1_70' title="bbox 269 3811 1863 3885">
    <p class='ocr_par' dir='ltr' id='par_1_70' title="bbox 269 3811 1863 3885">
     <span class='ocr_line' id='line_1_70' title="bbox 269 3811 1863 3885; baseline 0.001 -21"><span class='ocrx_word' id='word_1_540' title='bbox 269 3827 344 3878; x_wconf 84' lang='lat' dir='ltr'><strong>vt,</strong></span> <span class='ocrx_word' id='word_1_541' title='bbox 377 3811 484 3882; x_wconf 71' lang='lat' dir='ltr'><strong>l4),</strong></span> <span class='ocrx_word' id='word_1_542' title='bbox 521 3813 610 3867; x_wconf 89' lang='lat' dir='ltr'><strong>vel</strong></span> <span class='ocrx_word' id='word_1_543' title='bbox 654 3815 768 3883; x_wconf 85' lang='lat' dir='ltr'><strong>ipsa</strong></span> <span class='ocrx_word' id='word_1_544' title='bbox 812 3815 1038 3881; x_wconf 91' lang='lat' dir='ltr'><strong>mundo,</strong></span> <span class='ocrx_word' id='word_1_545' title='bbox 1082 3815 1158 3869; x_wconf 94' lang='lat' dir='ltr'><strong>illi</strong></span> <span class='ocrx_word' id='word_1_546' title='bbox 1205 3816 1518 3885; x_wconf 82' lang='lat' dir='ltr'><strong>ignoratur:</strong></span> <span class='ocrx_word' id='word_1_547' title='bbox 1553 3814 1676 3868; x_wconf 90' lang='lat' dir='ltr'><strong>huic</strong></span> <span class='ocrx_word' id='word_1_548' title='bbox 1712 3814 1863 3881; x_wconf 86' lang='lat' dir='ltr'><strong>plura</strong></span> 
     </span>
    </p>
   </div>
   <div class='ocr_carea' id='block_1_71' title="bbox 269 3905 1863 3976">
    <p class='ocr_par' dir='ltr' id='par_1_71' title="bbox 269 3905 1863 3976">
     <span class='ocr_line' id='line_1_71' title="bbox 269 3905 1863 3976; baseline 0.001 -19"><span class='ocrx_word' id='word_1_549' title='bbox 269 3912 626 3970; x_wconf 86' lang='lat' dir='ltr'><strong>tentamcma,</strong></span> <span class='ocrx_word' id='word_1_550' title='bbox 659 3914 715 3960; x_wconf 92' lang='lat' dir='ltr'><strong>et</strong></span> <span class='ocrx_word' id='word_1_551' title='bbox 742 3905 864 3960; x_wconf 87' lang='lat' dir='ltr'><strong>ideo</strong></span> <span class='ocrx_word' id='word_1_552' title='bbox 909 3907 1084 3976; x_wconf 83' lang='lat' dir='ltr'><strong>major</strong></span> <span class='ocrx_word' id='word_1_553' title='bbox 1128 3907 1389 3970; x_wconf 85' lang='lat' dir='ltr'><strong>victoria;</strong></span> <span class='ocrx_word' id='word_1_554' title='bbox 1425 3905 1497 3960; x_wconf 91' lang='lat' dir='ltr'><strong>illi</strong></span> <span class='ocrx_word' id='word_1_555' title='bbox 1547 3905 1863 3974; x_wconf 84' lang='lat' dir='ltr'><strong>infrequen-</strong></span> 
     </span>
    </p>
   </div>
   <div class='ocr_carea' id='block_1_72' title="bbox 273 3994 1148 4064">
    <p class='ocr_par' dir='ltr' id='par_1_72' title="bbox 273 3994 1148 4064">
     <span class='ocr_line' id='line_1_72' title="bbox 273 3994 1148 4064; baseline 0 -15"><span class='ocrx_word' id='word_1_556' title='bbox 273 3995 379 4050; x_wconf 90' lang='lat' dir='ltr'><strong>tior</strong></span> <span class='ocrx_word' id='word_1_557' title='bbox 407 3995 614 4064; x_wconf 88' lang='lat' dir='ltr'><strong>lapsus,</strong></span> <span class='ocrx_word' id='word_1_558' title='bbox 645 3994 860 4051; x_wconf 88' lang='lat' dir='ltr'><strong>facilior</strong></span> <span class='ocrx_word' id='word_1_559' title='bbox 881 3998 1148 4052; x_wconf 88' lang='lat' dir='ltr'><strong>custodia.</strong></span> 
     </span>
    </p>
   </div>
   <div class='ocr_carea' id='block_1_73' title="bbox 342 4085 1864 4158">
    <p class='ocr_par' dir='ltr' id='par_1_73' title="bbox 342 4085 1864 4158">
     <span class='ocr_line' id='line_1_73' title="bbox 342 4085 1864 4158; baseline -0.004 -14"><span class='ocrx_word' id='word_1_560' title='bbox 342 4088 432 4144; x_wconf 82' lang='lat'><strong>75.</strong></span> <span class='ocrx_word' id='word_1_561' title='bbox 481 4089 718 4158; x_wconf 88' lang='lat' dir='ltr'><strong>Denique</strong></span> <span class='ocrx_word' id='word_1_562' title='bbox 739 4089 856 4158; x_wconf 89' lang='lat' dir='ltr'><strong>ipse</strong></span> <span class='ocrx_word' id='word_1_563' title='bbox 883 4090 1050 4154; x_wconf 85' lang='lat' dir='ltr'><strong>Elias,</strong></span> <span class='ocrx_word' id='word_1_564' title='bbox 1073 4089 1100 4127; x_wconf 70' lang='grc' dir='ltr'><strong>ι’</strong></span> <span class='ocrx_word' id='word_1_565' title='bbox 1125 4098 1181 4144; x_wconf 87' lang='grc' dir='ltr'><strong>ιιι</strong></span> <span class='ocrx_word' id='word_1_566' title='bbox 1203 4090 1618 4144; x_wconf 85' lang='lat' dir='ltr'><strong>conﬁrmaretur</strong></span> <span class='ocrx_word' id='word_1_567' title='bbox 1639 4085 1864 4141; x_wconf 89' lang='lat' dir='ltr'><strong>verbum</strong></span> 
     </span>
    </p>
   </div>
   <div class='ocr_carea' id='block_1_74' title="bbox 269 4181 1863 4254">
    <p class='ocr_par' dir='ltr' id='par_1_74' title="bbox 269 4181 1863 4254">
     <span class='ocr_line' id='line_1_74' title="bbox 269 4181 1863 4254; baseline -0.004 -17"><span class='ocrx_word' id='word_1_568' title='bbox 269 4183 382 4238; x_wconf 90' lang='lat' dir='ltr'><strong>oris</strong></span> <span class='ocrx_word' id='word_1_569' title='bbox 412 4183 552 4254; x_wconf 85' lang='lat' dir='ltr'><strong>ejus,</strong></span> <span class='ocrx_word' id='word_1_570' title='bbox 582 4183 780 4238; x_wconf 88' lang='lat' dir='ltr'><strong>missus</strong></span> <span class='ocrx_word' id='word_1_571' title='bbox 805 4191 888 4237; x_wconf 90' lang='lat' dir='ltr'><strong>est</strong></span> <span class='ocrx_word' id='word_1_572' title='bbox 913 4197 941 4236; x_wconf 92' lang='lat' dir='ltr'><strong>a</strong></span> <span class='ocrx_word' id='word_1_573' title='bbox 971 4182 1221 4250; x_wconf 92' lang='lat' dir='ltr'><strong>Domino,</strong></span> <span class='ocrx_word' id='word_1_574' title='bbox 1263 4192 1321 4237; x_wconf 93' lang='lat' dir='ltr'><strong>ut</strong></span> <span class='ocrx_word' id='word_1_575' title='bbox 1350 4197 1410 4238; x_wconf 87' lang='lat' dir='ltr'><strong>se</strong></span> <span class='ocrx_word' id='word_1_576' title='bbox 1451 4181 1518 4236; x_wconf 90' lang='lat' dir='ltr'><strong>ad</strong></span> <span class='ocrx_word' id='word_1_577' title='bbox 1570 4187 1863 4235; x_wconf 88' lang='lat' dir='ltr'><strong>torrentem</strong></span> 
     </span>
    </p>
   </div>
   <div class='ocr_carea' id='block_1_75' title="bbox 269 4271 1868 4348">
    <p class='ocr_par' dir='ltr' id='par_1_75' title="bbox 269 4271 1868 4348">
     <span class='ocr_line' id='line_1_75' title="bbox 269 4271 1868 4348; baseline -0.003 -19"><span class='ocrx_word' id='word_1_578' title='bbox 269 4275 630 4331; x_wconf 85' lang='lat' dir='ltr'><strong>absconderet</strong></span> <span class='ocrx_word' id='word_1_579' title='bbox 669 4271 908 4329; x_wconf 89' lang='lat' dir='ltr'><strong>Chorath</strong></span> <span class='ocrx_word' id='word_1_580' title='bbox 951 4273 1043 4347; x_wconf 90' lang='lat' dir='ltr'><strong>(Ill</strong></span> <span class='ocrx_word' id='word_1_581' title='bbox 1088 4274 1214 4344; x_wconf 85' lang='lat' dir='ltr'><strong>Reg.</strong></span> <span class='ocrx_word' id='word_1_582' title='bbox 1263 4291 1401 4338; x_wconf 83' lang='lat' dir='ltr'><strong>xvn,</strong></span> <span class='ocrx_word' id='word_1_583' title='bbox 1443 4273 1520 4348; x_wconf 81' lang='grc'><strong>5).</strong></span> <span class='ocrx_word' id='word_1_584' title='bbox 1562 4273 1868 4328; x_wconf 84' lang='lat' dir='ltr'><strong>Minabatur</strong></span> 
     </span>
    </p>
   </div>
   <div class='ocr_carea' id='block_1_76' title="bbox 271 4365 1870 4433">
    <p class='ocr_par' dir='ltr' id='par_1_76' title="bbox 271 4365 1870 4433">
     <span class='ocr_line' id='line_1_76' title="bbox 271 4365 1870 4433; baseline -0.004 -11"><span class='ocrx_word' id='word_1_585' title='bbox 271 4367 477 4433; x_wconf 83' lang='lat' dir='ltr'><strong>Achab,</strong></span> <span class='ocrx_word' id='word_1_586' title='bbox 522 4367 828 4422; x_wconf 90' lang='lat' dir='ltr'><strong>minabatur</strong></span> <span class='ocrx_word' id='word_1_587' title='bbox 872 4365 1121 4431; x_wconf 82' lang='lat' dir='ltr'><strong>Jezabel,</strong></span> <span class='ocrx_word' id='word_1_588' title='bbox 1170 4367 1348 4422; x_wconf 88' lang='lat' dir='ltr'><strong>timuit</strong></span> <span class='ocrx_word' id='word_1_589' title='bbox 1392 4367 1538 4421; x_wconf 88' lang='lat' dir='ltr'><strong>Elias</strong></span> <span class='ocrx_word' id='word_1_590' title='bbox 1582 4375 1637 4421; x_wconf 91' lang='lat' dir='ltr'><strong>et</strong></span> <span class='ocrx_word' id='word_1_591' title='bbox 1679 4379 1870 4419; x_wconf 81' lang='lat' dir='ltr'><strong>exsur-</strong></span> 
     </span>
    </p>
   </div>
   <div class='ocr_carea' id='block_1_77' title="bbox 269 4454 1869 4529">
    <p class='ocr_par' dir='ltr' id='par_1_77' title="bbox 269 4454 1869 4529">
     <span class='ocr_line' id='line_1_77' title="bbox 269 4454 1869 4529; baseline -0.003 -15"><span class='ocrx_word' id='word_1_592' title='bbox 269 4460 430 4527; x_wconf 81' lang='lat' dir='ltr'><strong>rexit,</strong></span> <span class='ocrx_word' id='word_1_593' title='bbox 464 4469 518 4515; x_wconf 92' lang='lat' dir='ltr'><strong>et</strong></span> <span class='ocrx_word' id='word_1_594' title='bbox 545 4460 740 4516; x_wconf 92' lang='lat' dir='ltr'><strong>iterum</strong></span> <span class='ocrx_word' id='word_1_595' title='bbox 771 4459 823 4514; x_wconf 93' lang='lat' dir='ltr'><strong>in</strong></span> <span class='ocrx_word' id='word_1_596' title='bbox 850 4459 1051 4514; x_wconf 91' lang='lat' dir='ltr'><strong>virtute</strong></span> <span class='ocrx_word' id='word_1_597' title='bbox 1081 4473 1222 4514; x_wconf 74' lang='lat' dir='ltr'><strong>esca:</strong></span> <span class='ocrx_word' id='word_1_598' title='bbox 1253 4458 1611 4529; x_wconf 88' lang='lat' dir='ltr'><strong>intelligibilis</strong></span> <span class='ocrx_word' id='word_1_599' title='bbox 1635 4454 1869 4527; x_wconf 86' lang='lat' dir='ltr'><strong>quadra-</strong></span> 
     </span>
    </p>
   </div>
   <div class='ocr_carea' id='block_1_78' title="bbox 1965 3261 3568 3334">
    <p class='ocr_par' dir='ltr' id='par_1_78' title="bbox 1965 3261 3568 3334">
     <span class='ocr_line' id='line_1_78' title="bbox 1965 3261 3568 3334; baseline 0.001 -18"><span class='ocrx_word' id='word_1_600' title='bbox 1965 3261 2086 3332; x_wconf 89' lang='lat' dir='ltr'><strong>ejus</strong></span> <span class='ocrx_word' id='word_1_601' title='bbox 2115 3261 2286 3316; x_wconf 89' lang='lat' dir='ltr'><strong>fluent</strong></span> <span class='ocrx_word' id='word_1_602' title='bbox 2315 3277 2471 3333; x_wconf 64' lang='lat' dir='ltr'><strong>aqua:</strong></span> <span class='ocrx_word' id='word_1_603' title='bbox 2502 3262 2636 3318; x_wconf 82' lang='lat' dir='ltr'><strong>vivae</strong></span> <span class='ocrx_word' id='word_1_604' title='bbox 2674 3262 2850 3333; x_wconf 82' lang='lat' dir='ltr'><strong>(Joan.</strong></span> <span class='ocrx_word' id='word_1_605' title='bbox 2883 3279 2977 3330; x_wconf 82' lang='lat' dir='ltr'><strong>vn,</strong></span> <span class='ocrx_word' id='word_1_606' title='bbox 3009 3262 3127 3334; x_wconf 80' lang='lat'><strong>&#39;58),</strong></span> <span class='ocrx_word' id='word_1_607' title='bbox 3158 3263 3374 3318; x_wconf 89' lang='lat' dir='ltr'><strong>flumina</strong></span> <span class='ocrx_word' id='word_1_608' title='bbox 3409 3262 3568 3317; x_wconf 87' lang='lat' dir='ltr'><strong>intel-</strong></span> 
     </span>
    </p>
   </div>
   <div class='ocr_carea' id='block_1_79' title="bbox 1968 3351 3566 3427">
    <p class='ocr_par' dir='ltr' id='par_1_79' title="bbox 1968 3351 3566 3427">
     <span class='ocr_line' id='line_1_79' title="bbox 1968 3351 3566 3427; baseline 0.001 -20"><span class='ocrx_word' id='word_1_609' title='bbox 1968 3351 2169 3417; x_wconf 88' lang='lat' dir='ltr'><strong>lectus,</strong></span> <span class='ocrx_word' id='word_1_610' title='bbox 2216 3362 2240 3390; x_wconf 71' lang='grc' dir='ltr'>θ</span> <span class='ocrx_word' id='word_1_611' title='bbox 2276 3353 2502 3409; x_wconf 88' lang='lat' dir='ltr'><strong>flumina</strong></span> <span class='ocrx_word' id='word_1_612' title='bbox 2555 3355 2934 3426; x_wconf 88' lang='lat' dir='ltr'><strong>cogitationis,</strong></span> <span class='ocrx_word' id='word_1_613' title='bbox 2992 3355 3210 3410; x_wconf 91' lang='lat' dir='ltr'><strong>flumina</strong></span> <span class='ocrx_word' id='word_1_614' title='bbox 3258 3355 3566 3427; x_wconf 88' lang='lat' dir='ltr'><strong>spiritalia:</strong></span> 
     </span>
    </p>
   </div>
   <div class='ocr_carea' id='block_1_80' title="bbox 1967 3446 3571 3518">
    <p class='ocr_par' dir='ltr' id='par_1_80' title="bbox 1967 3446 3571 3518">
     <span class='ocr_line' id='line_1_80' title="bbox 1967 3446 3571 3518; baseline 0.001 -20"><span class='ocrx_word' id='word_1_615' title='bbox 1967 3459 2089 3514; x_wconf 84' lang='lat' dir='ltr'><strong>qua:</strong></span> <span class='ocrx_word' id='word_1_616' title='bbox 2121 3453 2302 3501; x_wconf 88' lang='lat' dir='ltr'><strong>tamen</strong></span> <span class='ocrx_word' id='word_1_617' title='bbox 2333 3446 2572 3515; x_wconf 80' lang='lat' dir='ltr'><strong>perfidia:</strong></span> <span class='ocrx_word' id='word_1_618' title='bbox 2600 3457 2862 3504; x_wconf 89' lang='lat' dir='ltr'><strong>aruerunt</strong></span> <span class='ocrx_word' id='word_1_619' title='bbox 2900 3456 3170 3518; x_wconf 89' lang='lat' dir='ltr'><strong>tempore,</strong></span> <span class='ocrx_word' id='word_1_620' title='bbox 3209 3463 3278 3503; x_wconf 90' lang='lat' dir='ltr'><strong>ne</strong></span> <span class='ocrx_word' id='word_1_621' title='bbox 3317 3447 3571 3518; x_wconf 84' lang='lat' dir='ltr'><strong>sacrilegi</strong></span> 
     </span>
    </p>
   </div>
   <div class='ocr_carea' id='block_1_81' title="bbox 1969 3539 2767 3612">
    <p class='ocr_par' dir='ltr' id='par_1_81' title="bbox 1969 3539 2767 3612">
     <span class='ocr_line' id='line_1_81' title="bbox 1969 3539 2767 3612; baseline 0.004 -18"><span class='ocrx_word' id='word_1_622' title='bbox 1969 3539 2242 3609; x_wconf 90' lang='lat' dir='ltr'><strong>biberent,</strong></span> <span class='ocrx_word' id='word_1_623' title='bbox 2276 3552 2527 3612; x_wconf 82' lang='lat' dir='ltr'><strong>putarent</strong></span> <span class='ocrx_word' id='word_1_624' title='bbox 2555 3543 2767 3612; x_wconf 89' lang='lat' dir='ltr'><strong>perfidi.</strong></span> 
     </span>
    </p>
   </div>
   <div class='ocr_carea' id='block_1_82' title="bbox 2043 3635 3569 3706">
    <p class='ocr_par' dir='ltr' id='par_1_82' title="bbox 2043 3635 3569 3706">
     <span class='ocr_line' id='line_1_82' title="bbox 2043 3635 3569 3706; baseline 0.001 -20"><span class='ocrx_word' id='word_1_625' title='bbox 2043 3635 2131 3690; x_wconf 90' lang='lat'><strong>79.</strong></span> <span class='ocrx_word' id='word_1_626' title='bbox 2176 3635 2249 3691; x_wconf 94' lang='lat' dir='ltr'><strong>lbi</strong></span> <span class='ocrx_word' id='word_1_627' title='bbox 2304 3635 2623 3705; x_wconf 88' lang='lat' dir='ltr'><strong>prophetam</strong></span> <span class='ocrx_word' id='word_1_628' title='bbox 2678 3637 2892 3692; x_wconf 91' lang='lat' dir='ltr'><strong>Domini</strong></span> <span class='ocrx_word' id='word_1_629' title='bbox 2953 3637 3323 3706; x_wconf 89' lang='lat' dir='ltr'><strong>agnoscebant</strong></span> <span class='ocrx_word' id='word_1_630' title='bbox 3371 3637 3569 3701; x_wconf 88' lang='lat' dir='ltr'><strong>corvi,</strong></span> 
     </span>
    </p>
   </div>
   <div class='ocr_carea' id='block_1_83' title="bbox 1967 3728 3566 3798">
    <p class='ocr_par' dir='ltr' id='par_1_83' title="bbox 1967 3728 3566 3798">
     <span class='ocr_line' id='line_1_83' title="bbox 1967 3728 3566 3798; baseline 0.001 -18"><span class='ocrx_word' id='word_1_631' title='bbox 1967 3743 2126 3798; x_wconf 86' lang='lat' dir='ltr'><strong>quem</strong></span> <span class='ocrx_word' id='word_1_632' title='bbox 2151 3745 2259 3783; x_wconf 92' lang='lat' dir='ltr'><strong>non</strong></span> <span class='ocrx_word' id='word_1_633' title='bbox 2283 3729 2652 3797; x_wconf 86' lang='lat' dir='ltr'><strong>agnoscebant</strong></span> <span class='ocrx_word' id='word_1_634' title='bbox 2674 3729 2867 3784; x_wconf 63' lang='lat' dir='ltr'><strong>Judaei.</strong></span> <span class='ocrx_word' id='word_1_635' title='bbox 2889 3729 3188 3784; x_wconf 88' lang='lat' dir='ltr'><strong>Pascebant</strong></span> <span class='ocrx_word' id='word_1_636' title='bbox 3209 3728 3377 3792; x_wconf 91' lang='lat' dir='ltr'><strong>corvi,</strong></span> <span class='ocrx_word' id='word_1_637' title='bbox 3407 3743 3566 3796; x_wconf 86' lang='lat' dir='ltr'><strong>quem</strong></span> 
     </span>
    </p>
   </div>
   <div class='ocr_carea' id='block_1_84' title="bbox 1969 3818 3574 3889">
    <p class='ocr_par' dir='ltr' id='par_1_84' title="bbox 1969 3818 3574 3889">
     <span class='ocr_line' id='line_1_84' title="bbox 1969 3818 3574 3889; baseline -0.001 -15"><span class='ocrx_word' id='word_1_638' title='bbox 1969 3835 2138 3886; x_wconf 81' lang='lat' dir='ltr'><strong>genus</strong></span> <span class='ocrx_word' id='word_1_639' title='bbox 2164 3820 2344 3889; x_wconf 88' lang='lat' dir='ltr'><strong>regale</strong></span> <span class='ocrx_word' id='word_1_640' title='bbox 2384 3819 2513 3873; x_wconf 93' lang='lat' dir='ltr'><strong>illud</strong></span> <span class='ocrx_word' id='word_1_641' title='bbox 2546 3829 2598 3872; x_wconf 93' lang='lat' dir='ltr'><strong>et</strong></span> <span class='ocrx_word' id='word_1_642' title='bbox 2631 3820 2812 3875; x_wconf 91' lang='lat' dir='ltr'><strong>nobile</strong></span> <span class='ocrx_word' id='word_1_643' title='bbox 2845 3819 3290 3888; x_wconf 88' lang='lat' dir='ltr'><strong>persequebatur.</strong></span> <span class='ocrx_word' id='word_1_644' title='bbox 3325 3818 3458 3886; x_wconf 76' lang='lat' dir='ltr'><strong>Qua:</strong></span> <span class='ocrx_word' id='word_1_645' title='bbox 3488 3830 3574 3874; x_wconf 92' lang='lat' dir='ltr'><strong>est</strong></span> 
     </span>
    </p>
   </div>
   <div class='ocr_carea' id='block_1_85' title="bbox 1967 3910 3570 3984">
    <p class='ocr_par' dir='ltr' id='par_1_85' title="bbox 1967 3910 3570 3984">
     <span class='ocr_line' id='line_1_85' title="bbox 1967 3910 3570 3984; baseline -0.002 -15"><span class='ocrx_word' id='word_1_646' title='bbox 1967 3913 2221 3978; x_wconf 83' lang='lat' dir='ltr'><strong>Jezabel,</strong></span> <span class='ocrx_word' id='word_1_647' title='bbox 2268 3928 2390 3984; x_wconf 82' lang='lat' dir='ltr'><strong>quae</strong></span> <span class='ocrx_word' id='word_1_648' title='bbox 2441 3913 2869 3982; x_wconf 89' lang='lat' dir='ltr'><strong>persequebatur</strong></span> <span class='ocrx_word' id='word_1_649' title='bbox 2901 3911 2994 3981; x_wconf 90' lang='lat' dir='ltr'><strong>(lll</strong></span> <span class='ocrx_word' id='word_1_650' title='bbox 3027 3913 3155 3982; x_wconf 82' lang='lat' dir='ltr'><strong>Reg.</strong></span> <span class='ocrx_word' id='word_1_651' title='bbox 3188 3927 3320 3979; x_wconf 83' lang='lat' dir='ltr'><strong>xvu,</strong></span> <span class='ocrx_word' id='word_1_652' title='bbox 3353 3910 3430 3983; x_wconf 87' lang='lat'><strong>6),</strong></span> <span class='ocrx_word' id='word_1_653' title='bbox 3464 3913 3570 3967; x_wconf 89' lang='lat' dir='ltr'><strong>nisi</strong></span> 
     </span>
    </p>
   </div>
   <div class='ocr_carea' id='block_1_86' title="bbox 1971 4000 3570 4075">
    <p class='ocr_par' dir='ltr' id='par_1_86' title="bbox 1971 4000 3570 4075">
     <span class='ocr_line' id='line_1_86' title="bbox 1971 4000 3570 4075; baseline -0.001 -16"><span class='ocrx_word' id='word_1_654' title='bbox 1971 4005 2274 4075; x_wconf 85' lang='lat' dir='ltr'><strong>Synagoga,</strong></span> <span class='ocrx_word' id='word_1_655' title='bbox 2313 4017 2449 4057; x_wconf 90' lang='lat' dir='ltr'><strong>vane</strong></span> <span class='ocrx_word' id='word_1_656' title='bbox 2493 4000 2699 4064; x_wconf 89' lang='lat' dir='ltr'><strong>fluens,</strong></span> <span class='ocrx_word' id='word_1_657' title='bbox 2732 4016 2872 4056; x_wconf 89' lang='lat' dir='ltr'><strong>vane</strong></span> <span class='ocrx_word' id='word_1_658' title='bbox 2920 4001 3199 4056; x_wconf 84' lang='lat' dir='ltr'><strong>abundans</strong></span> <span class='ocrx_word' id='word_1_659' title='bbox 3247 4001 3570 4072; x_wconf 85' lang='lat' dir='ltr'><strong>Scripturis.</strong></span> 
     </span>
    </p>
   </div>
   <div class='ocr_carea' id='block_1_87' title="bbox 1969 4094 3570 4168">
    <p class='ocr_par' dir='ltr' id='par_1_87' title="bbox 1969 4094 3570 4168">
     <span class='ocr_line' id='line_1_87' title="bbox 1969 4094 3570 4168; baseline -0.001 -18"><span class='ocrx_word' id='word_1_660' title='bbox 1969 4113 2103 4168; x_wconf 85' lang='lat' dir='ltr'><strong>quas</strong></span> <span class='ocrx_word' id='word_1_661' title='bbox 2144 4112 2320 4166; x_wconf 91' lang='lat' dir='ltr'><strong>neque</strong></span> <span class='ocrx_word' id='word_1_662' title='bbox 2364 4095 2635 4162; x_wconf 91' lang='lat' dir='ltr'><strong>custodit,</strong></span> <span class='ocrx_word' id='word_1_663' title='bbox 2691 4109 2866 4164; x_wconf 91' lang='lat' dir='ltr'><strong>neque</strong></span> <span class='ocrx_word' id='word_1_664' title='bbox 2921 4094 3214 4163; x_wconf 85' lang='lat' dir='ltr'><strong>intelligit?</strong></span> <span class='ocrx_word' id='word_1_665' title='bbox 3264 4095 3366 4161; x_wconf 85' lang='lat' dir='ltr'><strong>Qui</strong></span> <span class='ocrx_word' id='word_1_666' title='bbox 3424 4097 3570 4151; x_wconf 91' lang='lat' dir='ltr'><strong>corvi</strong></span> 
     </span>
    </p>
   </div>
   <div class='ocr_carea' id='block_1_88' title="bbox 1973 4185 3572 4259">
    <p class='ocr_par' dir='ltr' id='par_1_88' title="bbox 1973 4185 3572 4259">
     <span class='ocr_line' id='line_1_88' title="bbox 1973 4185 3572 4259; baseline 0 -17"><span class='ocrx_word' id='word_1_667' title='bbox 1973 4187 2286 4259; x_wconf 90' lang='lat' dir='ltr'><strong>pascebant,</strong></span> <span class='ocrx_word' id='word_1_668' title='bbox 2317 4186 2424 4241; x_wconf 89' lang='lat' dir='ltr'><strong>nisi</strong></span> <span class='ocrx_word' id='word_1_669' title='bbox 2447 4201 2676 4256; x_wconf 90' lang='lat' dir='ltr'><strong>quorum</strong></span> <span class='ocrx_word' id='word_1_670' title='bbox 2713 4185 2845 4256; x_wconf 88' lang='lat' dir='ltr'><strong>pulli</strong></span> <span class='ocrx_word' id='word_1_671' title='bbox 2873 4201 2996 4240; x_wconf 88' lang='lat' dir='ltr'><strong>eum</strong></span> <span class='ocrx_word' id='word_1_672' title='bbox 3036 4186 3310 4254; x_wconf 83' lang='lat' dir='ltr'><strong>invocant,</strong></span> <span class='ocrx_word' id='word_1_673' title='bbox 3341 4203 3572 4259; x_wconf 89' lang='lat' dir='ltr'><strong>quorum</strong></span> 
     </span>
    </p>
   </div>
   <div class='ocr_carea' id='block_1_89' title="bbox 1966 4279 3576 4351">
    <p class='ocr_par' dir='ltr' id='par_1_89' title="bbox 1966 4279 3576 4351">
     <span class='ocr_line' id='line_1_89' title="bbox 1966 4279 3576 4351; baseline -0.002 -16"><span class='ocrx_word' id='word_1_674' title='bbox 1966 4281 2226 4351; x_wconf 84' lang='lat' dir='ltr'><strong>jutneutis</strong></span> <span class='ocrx_word' id='word_1_675' title='bbox 2266 4280 2360 4333; x_wconf 89' lang='lat' dir='ltr'><strong>dat</strong></span> <span class='ocrx_word' id='word_1_676' title='bbox 2401 4293 2604 4341; x_wconf 88' lang='lat' dir='ltr'><strong>escam,</strong></span> <span class='ocrx_word' id='word_1_677' title='bbox 2640 4287 2700 4333; x_wconf 92' lang='lat' dir='ltr'><strong>ut</strong></span> <span class='ocrx_word' id='word_1_678' title='bbox 2729 4279 2980 4347; x_wconf 85' lang='lat' dir='ltr'><strong>legimus,</strong></span> <span class='ocrx_word' id='word_1_679' title='bbox 3010 4279 3170 4347; x_wconf 80' lang='lat' dir='ltr'><strong>pullis</strong></span> <span class='ocrx_word' id='word_1_680' title='bbox 3200 4293 3468 4331; x_wconf 83' lang='lat' dir='ltr'><strong>corvorum</strong></span> <span class='ocrx_word' id='word_1_681' title='bbox 3495 4279 3576 4331; x_wconf 86' lang='lat' dir='ltr'><strong>in-</strong></span> 
     </span>
    </p>
   </div>
   <div class='ocr_carea' id='block_1_90' title="bbox 1971 4369 3574 4442">
    <p class='ocr_par' dir='ltr' id='par_1_90' title="bbox 1971 4369 3574 4442">
     <span class='ocr_line' id='line_1_90' title="bbox 1971 4369 3574 4442; baseline -0.003 -16"><span class='ocrx_word' id='word_1_682' title='bbox 1971 4372 2266 4427; x_wconf 78' lang='lat' dir='ltr'><strong>vocantibus</strong></span> <span class='ocrx_word' id='word_1_683' title='bbox 2297 4387 2415 4426; x_wconf 85' lang='lat' dir='ltr'><strong>eum</strong></span> <span class='ocrx_word' id='word_1_684' title='bbox 2437 4370 2611 4442; x_wconf 88' lang='lat' dir='ltr'><strong>(Psal.</strong></span> <span class='ocrx_word' id='word_1_685' title='bbox 2647 4387 2823 4433; x_wconf 80' lang='lat' dir='ltr'><strong>chVI.</strong></span> <span class='ocrx_word' id='word_1_686' title='bbox 2857 4369 2951 4441; x_wconf 88' lang='lat'><strong>9)?</strong></span> <span class='ocrx_word' id='word_1_687' title='bbox 2980 4370 3237 4427; x_wconf 89' lang='lat' dir='ltr'><strong>Sciebant</strong></span> <span class='ocrx_word' id='word_1_688' title='bbox 3277 4370 3351 4425; x_wconf 92' lang='lat' dir='ltr'><strong>illi</strong></span> <span class='ocrx_word' id='word_1_689' title='bbox 3394 4372 3574 4433; x_wconf 82' lang='lat' dir='ltr'><strong>corvi,</strong></span> 
     </span>
    </p>
   </div>
   <div class='ocr_carea' id='block_1_91' title="bbox 1973 4461 3575 4535">
    <p class='ocr_par' dir='ltr' id='par_1_91' title="bbox 1973 4461 3575 4535">
     <span class='ocr_line' id='line_1_91' title="bbox 1973 4461 3575 4535; baseline -0.004 -15"><span class='ocrx_word' id='word_1_690' title='bbox 1973 4480 2132 4534; x_wconf 90' lang='lat' dir='ltr'><strong>quem</strong></span> <span class='ocrx_word' id='word_1_691' title='bbox 2164 4472 2451 4535; x_wconf 91' lang='lat' dir='ltr'><strong>pascerent</strong></span> <span class='ocrx_word' id='word_1_692' title='bbox 2477 4481 2489 4516; x_wconf 95' lang='lat'><strong>:</strong></span> <span class='ocrx_word' id='word_1_693' title='bbox 2520 4463 2612 4534; x_wconf 89' lang='lat' dir='ltr'><strong>qui</strong></span> <span class='ocrx_word' id='word_1_694' title='bbox 2639 4463 2793 4534; x_wconf 84' lang='lat' dir='ltr'><strong>juxta</strong></span> <span class='ocrx_word' id='word_1_695' title='bbox 2839 4463 3176 4520; x_wconf 88' lang='lat' dir='ltr'><strong>intellectum</strong></span> <span class='ocrx_word' id='word_1_696' title='bbox 3207 4471 3384 4527; x_wconf 88' lang='lat' dir='ltr'><strong>erant,</strong></span> <span class='ocrx_word' id='word_1_697' title='bbox 3412 4470 3468 4517; x_wconf 90' lang='lat' dir='ltr'><strong>et</strong></span> <span class='ocrx_word' id='word_1_698' title='bbox 3509 4461 3575 4515; x_wconf 88' lang='lat' dir='ltr'><strong>ad</strong></span> 
     </span>
    </p>
   </div>
   <div class='ocr_carea' id='block_1_92' title="bbox 269 4539 3464 4629">
    <p class='ocr_par' dir='ltr' id='par_1_92' title="bbox 269 4539 3464 4629">
     <span class='ocr_line' id='line_1_92' title="bbox 269 4539 3464 4629; baseline -0 -23"><span class='ocrx_word' id='word_1_699' title='bbox 269 4553 415 4621; x_wconf 90' lang='lat' dir='ltr'><strong>ginta</strong></span> <span class='ocrx_word' id='word_1_700' title='bbox 439 4554 632 4610; x_wconf 89' lang='lat' dir='ltr'><strong>diebus</strong></span> <span class='ocrx_word' id='word_1_701' title='bbox 653 4553 970 4617; x_wconf 78' lang='lat' dir='ltr'><strong>ambulavit,</strong></span> <span class='ocrx_word' id='word_1_702' title='bbox 991 4553 1414 4624; x_wconf 87' lang='lat' dir='ltr'><strong>etquadraginta</strong></span> <span class='ocrx_word' id='word_1_703' title='bbox 1435 4554 1686 4609; x_wconf 87' lang='lat' dir='ltr'><strong>noctibus</strong></span> <span class='ocrx_word' id='word_1_704' title='bbox 1703 4563 1874 4624; x_wconf 91' lang='lat' dir='ltr'><strong>usque</strong></span> <span class='ocrx_word' id='word_1_705' title='bbox 1901 4539 1952 4598; x_wconf 83' lang='lat' dir='ltr'><strong>D</strong></span> <span class='ocrx_word' id='word_1_706' title='bbox 1980 4560 2131 4614; x_wconf 75' lang='lat' dir='ltr'><strong>illum</strong></span> <span class='ocrx_word' id='word_1_707' title='bbox 2161 4558 2484 4629; x_wconf 68' lang='lat' dir='ltr'><strong>cognitionis</strong></span> <span class='ocrx_word' id='word_1_708' title='bbox 2511 4571 2683 4612; x_wconf 63' lang='lat' dir='ltr'><strong>sacra:</strong></span> <span class='ocrx_word' id='word_1_709' title='bbox 2713 4557 2936 4611; x_wconf 83' lang='lat' dir='ltr'><strong>ﬂuvium</strong></span> <span class='ocrx_word' id='word_1_710' title='bbox 2970 4573 3149 4614; x_wconf 84' lang='lat' dir='ltr'><strong>escam</strong></span> <span class='ocrx_word' id='word_1_711' title='bbox 3177 4556 3464 4612; x_wconf 82' lang='lat' dir='ltr'><strong>vehebant.</strong></span> 
     </span>
    </p>
   </div>
   <div class='ocr_carea' id='block_1_93' title="bbox 271 4644 1865 4716">
    <p class='ocr_par' dir='ltr' id='par_1_93' title="bbox 271 4644 1865 4716">
     <span class='ocr_line' id='line_1_93' title="bbox 271 4644 1865 4716; baseline 0.003 -17"><span class='ocrx_word' id='word_1_712' title='bbox 271 4645 338 4701; x_wconf 90' lang='lat' dir='ltr'><strong>ad</strong></span> <span class='ocrx_word' id='word_1_713' title='bbox 372 4656 609 4703; x_wconf 89' lang='lat' dir='ltr'><strong>montem</strong></span> <span class='ocrx_word' id='word_1_714' title='bbox 643 4645 737 4700; x_wconf 92' lang='lat' dir='ltr'><strong>Dei</strong></span> <span class='ocrx_word' id='word_1_715' title='bbox 769 4644 1008 4710; x_wconf 91' lang='lat' dir='ltr'><strong>Choreb,</strong></span> <span class='ocrx_word' id='word_1_716' title='bbox 1047 4653 1102 4699; x_wconf 91' lang='lat' dir='ltr'><strong>et</strong></span> <span class='ocrx_word' id='word_1_717' title='bbox 1141 4644 1386 4700; x_wconf 91' lang='lat' dir='ltr'><strong>introivit</strong></span> <span class='ocrx_word' id='word_1_718' title='bbox 1427 4647 1479 4700; x_wconf 89' lang='lat' dir='ltr'><strong>in</strong></span> <span class='ocrx_word' id='word_1_719' title='bbox 1527 4647 1865 4716; x_wconf 88' lang='lat' dir='ltr'><strong>speluncam,</strong></span> 
     </span>
    </p>
   </div>
   <div class='ocr_carea' id='block_1_94' title="bbox 276 4850 1865 4919">
    <p class='ocr_par' dir='ltr' id='par_1_94' title="bbox 276 4850 1865 4919">
     <span class='ocr_line' id='line_1_94' title="bbox 276 4850 1865 4919; baseline -0.004 -6"><span class='ocrx_word' id='word_1_720' title='bbox 276 4873 398 4913; x_wconf 90' lang='lat' dir='ltr'><strong>men</strong></span> <span class='ocrx_word' id='word_1_721' title='bbox 430 4855 739 4917; x_wconf 89' lang='lat' dir='ltr'><strong>verisimile,</strong></span> <span class='ocrx_word' id='word_1_722' title='bbox 775 4861 833 4906; x_wconf 90' lang='lat' dir='ltr'><strong>ut</strong></span> <span class='ocrx_word' id='word_1_723' title='bbox 861 4850 1128 4905; x_wconf 86' lang='lat' dir='ltr'><strong>Baronius</strong></span> <span class='ocrx_word' id='word_1_724' title='bbox 1179 4850 1244 4904; x_wconf 90' lang='lat' dir='ltr'><strong>ad</strong></span> <span class='ocrx_word' id='word_1_725' title='bbox 1289 4865 1418 4904; x_wconf 90' lang='lat' dir='ltr'><strong>ann.</strong></span> <span class='ocrx_word' id='word_1_726' title='bbox 1451 4851 1550 4906; x_wconf 76' lang='grc'><strong>571</strong></span> <span class='ocrx_word' id='word_1_727' title='bbox 1587 4853 1865 4919; x_wconf 88' lang='lat' dir='ltr'><strong>observat,</strong></span> 
     </span>
    </p>
   </div>
   <div class='ocr_carea' id='block_1_95' title="bbox 278 4919 1868 4991">
    <p class='ocr_par' dir='ltr' id='par_1_95' title="bbox 278 4919 1868 4991">
     <span class='ocr_line' id='line_1_95' title="bbox 278 4919 1868 4991; baseline -0.006 -7"><span class='ocrx_word' id='word_1_728' title='bbox 278 4928 499 4984; x_wconf 89' lang='lat' dir='ltr'><strong>minime</strong></span> <span class='ocrx_word' id='word_1_729' title='bbox 527 4925 742 4980; x_wconf 89' lang='lat' dir='ltr'><strong>videtur</strong></span> <span class='ocrx_word' id='word_1_730' title='bbox 771 4922 1116 4978; x_wconf 84' lang='lat' dir='ltr'><strong>Ambrosium</strong></span> <span class='ocrx_word' id='word_1_731' title='bbox 1147 4919 1249 4975; x_wconf 88' lang='lat' dir='ltr'><strong>hoc</strong></span> <span class='ocrx_word' id='word_1_732' title='bbox 1276 4921 1397 4976; x_wconf 92' lang='lat' dir='ltr'><strong>loco</strong></span> <span class='ocrx_word' id='word_1_733' title='bbox 1425 4921 1478 4976; x_wconf 93' lang='lat' dir='ltr'><strong>id</strong></span> <span class='ocrx_word' id='word_1_734' title='bbox 1508 4923 1596 4976; x_wconf 92' lang='lat' dir='ltr'><strong>vel</strong></span> <span class='ocrx_word' id='word_1_735' title='bbox 1639 4934 1868 4991; x_wconf 84' lang='lat' dir='ltr'><strong>praeter-</strong></span> 
     </span>
    </p>
   </div>
   <div class='ocr_carea' id='block_1_96' title="bbox 277 4991 1869 5063">
    <p class='ocr_par' dir='ltr' id='par_1_96' title="bbox 277 4991 1869 5063">
     <span class='ocr_line' id='line_1_96' title="bbox 277 4991 1869 5063; baseline -0.003 -11"><span class='ocrx_word' id='word_1_736' title='bbox 277 4994 705 5063; x_wconf 86' lang='lat' dir='ltr'><strong>missurum,vcl</strong></span> <span class='ocrx_word' id='word_1_737' title='bbox 747 4993 1040 5048; x_wconf 89' lang='lat' dir='ltr'><strong>secundum</strong></span> <span class='ocrx_word' id='word_1_738' title='bbox 1089 5000 1200 5063; x_wconf 82' lang='lat' dir='ltr'><strong>vet.</strong></span> <span class='ocrx_word' id='word_1_739' title='bbox 1243 4991 1374 5045; x_wconf 91' lang='lat' dir='ltr'><strong>edit.</strong></span> <span class='ocrx_word' id='word_1_740' title='bbox 1409 4993 1699 5063; x_wconf 82' lang='lat' dir='ltr'><strong>lectionem</strong></span> <span class='ocrx_word' id='word_1_741' title='bbox 1750 4995 1869 5048; x_wconf 86' lang='lat' dir='ltr'><strong>Dio-</strong></span> 
     </span>
    </p>
   </div>
   <div class='ocr_carea' id='block_1_97' title="bbox 277 5061 1871 5141">
    <p class='ocr_par' dir='ltr' id='par_1_97' title="bbox 277 5061 1871 5141">
     <span class='ocr_line' id='line_1_97' title="bbox 277 5061 1871 5141; baseline -0.004 -18"><span class='ocrx_word' id='word_1_742' title='bbox 277 5069 434 5141; x_wconf 84' lang='lat' dir='ltr'><strong>nysio</strong></span> <span class='ocrx_word' id='word_1_743' title='bbox 461 5061 673 5137; x_wconf 85' lang='lat' dir='ltr'><strong>priores</strong></span> <span class='ocrx_word' id='word_1_744' title='bbox 697 5065 748 5118; x_wconf 89' lang='lat' dir='ltr'><strong>in</strong></span> <span class='ocrx_word' id='word_1_745' title='bbox 777 5063 1071 5141; x_wconf 80' lang='lat' dir='ltr'><strong>Eusebium</strong></span> <span class='ocrx_word' id='word_1_746' title='bbox 1098 5061 1403 5115; x_wconf 85' lang='lat' dir='ltr'><strong>delaturum</strong></span> <span class='ocrx_word' id='word_1_747' title='bbox 1433 5061 1619 5141; x_wconf 66' lang='lat' dir='ltr'><strong>fuisse,</strong></span> <span class='ocrx_word' id='word_1_748' title='bbox 1643 5063 1871 5141; x_wconf 71' lang='lat' dir='ltr'><strong>sihujus</strong></span> 
     </span>
    </p>
   </div>
   <div class='ocr_carea' id='block_1_98' title="bbox 277 5131 1872 5195">
    <p class='ocr_par' dir='ltr' id='par_1_98' title="bbox 277 5131 1872 5195">
     <span class='ocr_line' id='line_1_98' title="bbox 277 5131 1872 5195; baseline -0.004 0"><span class='ocrx_word' id='word_1_749' title='bbox 277 5131 528 5195; x_wconf 62' lang='lat' dir='ltr'><strong>eisiliu&#39;m</strong></span> <span class='ocrx_word' id='word_1_750' title='bbox 560 5143 818 5191; x_wconf 89' lang='lat' dir='ltr'><strong>cruentus</strong></span> <span class='ocrx_word' id='word_1_751' title='bbox 861 5134 1041 5188; x_wconf 83' lang='lat' dir='ltr'><strong>exitus</strong></span> <span class='ocrx_word' id='word_1_752' title='bbox 1086 5141 1428 5187; x_wconf 89' lang='lat' dir='ltr'><strong>coronasset.</strong></span> <span class='ocrx_word' id='word_1_753' title='bbox 1481 5131 1586 5185; x_wconf 88' lang='lat' dir='ltr'><strong>Sed</strong></span> <span class='ocrx_word' id='word_1_754' title='bbox 1632 5133 1756 5186; x_wconf 89' lang='lat' dir='ltr'><strong>alibi</strong></span> <span class='ocrx_word' id='word_1_755' title='bbox 1805 5134 1872 5188; x_wconf 87' lang='lat' dir='ltr'><strong>de</strong></span> 
     </span>
    </p>
   </div>
   <div class='ocr_carea' id='block_1_99' title="bbox 278 5202 1868 5270">
    <p class='ocr_par' dir='ltr' id='par_1_99' title="bbox 278 5202 1868 5270">
     <span class='ocr_line' id='line_1_99' title="bbox 278 5202 1868 5270; baseline -0.004 -5"><span class='ocrx_word' id='word_1_756' title='bbox 278 5210 466 5266; x_wconf 88' lang='lat' dir='ltr'><strong>iisdem</strong></span> <span class='ocrx_word' id='word_1_757' title='bbox 499 5207 607 5261; x_wconf 89' lang='lat' dir='ltr'><strong>illis</strong></span> <span class='ocrx_word' id='word_1_758' title='bbox 637 5205 981 5261; x_wconf 87' lang='lat' dir='ltr'><strong>sermonibus</strong></span> <span class='ocrx_word' id='word_1_759' title='bbox 1007 5217 1072 5257; x_wconf 88' lang='lat' dir='ltr'><strong>ac</strong></span> <span class='ocrx_word' id='word_1_760' title='bbox 1102 5202 1171 5257; x_wconf 90' lang='lat' dir='ltr'><strong>de</strong></span> <span class='ocrx_word' id='word_1_761' title='bbox 1201 5211 1432 5270; x_wconf 89' lang='lat' dir='ltr'><strong>utroque</strong></span> <span class='ocrx_word' id='word_1_762' title='bbox 1457 5210 1644 5254; x_wconf 85' lang='lat' dir='ltr'><strong>s-mcto</strong></span> <span class='ocrx_word' id='word_1_763' title='bbox 1666 5205 1868 5258; x_wconf 86' lang='lat' dir='ltr'><strong>confes-</strong></span> 
     </span>
    </p>
   </div>
   <div class='ocr_carea' id='block_1_100' title="bbox 279 5277 884 5336">
    <p class='ocr_par' dir='ltr' id='par_1_100' title="bbox 279 5277 884 5336">
     <span class='ocr_line' id='line_1_100' title="bbox 279 5277 884 5336; baseline -0.01 -1"><span class='ocrx_word' id='word_1_764' title='bbox 279 5297 402 5336; x_wconf 89' lang='lat' dir='ltr'><strong>sore</strong></span> <span class='ocrx_word' id='word_1_765' title='bbox 443 5277 636 5334; x_wconf 88' lang='lat' dir='ltr'><strong>dicturi</strong></span> <span class='ocrx_word' id='word_1_766' title='bbox 677 5291 884 5330; x_wconf 82' lang='lat' dir='ltr'><strong>sumus.</strong></span> 
     </span>
    </p>
   </div>
   <div class='ocr_carea' id='block_1_101' title="bbox 352 5341 1881 5412">
    <p class='ocr_par' dir='ltr' id='par_1_101' title="bbox 352 5341 1881 5412">
     <span class='ocr_line' id='line_1_101' title="bbox 352 5341 1881 5412; baseline -0.003 -7"><span class='ocrx_word' id='word_1_767' title='bbox 352 5360 377 5388; x_wconf 74' lang='grc'>⁸</span> <span class='ocrx_word' id='word_1_768' title='bbox 408 5350 610 5405; x_wconf 91' lang='lat' dir='ltr'><strong>Omnes</strong></span> <span class='ocrx_word' id='word_1_769' title='bbox 653 5348 783 5401; x_wconf 90' lang='lat' dir='ltr'><strong>edit.</strong></span> <span class='ocrx_word' id='word_1_770' title='bbox 832 5360 895 5400; x_wconf 92' lang='lat' dir='ltr'><strong>ac</strong></span> <span class='ocrx_word' id='word_1_771' title='bbox 937 5344 1091 5412; x_wconf 84' lang='lat' dir='ltr'><strong>pauci</strong></span> <span class='ocrx_word' id='word_1_772' title='bbox 1139 5357 1296 5406; x_wconf 93' lang='lat' dir='ltr'><strong>mss.,</strong></span> <span class='ocrx_word' id='word_1_773' title='bbox 1335 5341 1404 5394; x_wconf 88' lang='lat' dir='ltr'><strong>ad</strong></span> <span class='ocrx_word' id='word_1_774' title='bbox 1443 5343 1758 5408; x_wconf 85' lang='lat' dir='ltr'><strong>comitatem;</strong></span> <span class='ocrx_word' id='word_1_775' title='bbox 1787 5345 1881 5400; x_wconf 90' lang='lat' dir='ltr'><strong>alii</strong></span> 
     </span>
    </p>
   </div>
   <div class='ocr_carea' id='block_1_102' title="bbox 233 5414 1881 5486">
    <p class='ocr_par' dir='ltr' id='par_1_102' title="bbox 233 5414 1881 5486">
     <span class='ocr_line' id='line_1_102' title="bbox 233 5414 1881 5486; baseline -0.006 -7"><span class='ocrx_word' id='word_1_776' title='bbox 233 5478 236 5479; x_wconf 30' lang='grc' dir='ltr'><em>ν</em></span> <span class='ocrx_word' id='word_1_777' title='bbox 278 5439 408 5478; x_wconf 88' lang='lat' dir='ltr'><strong>vero</strong></span> <span class='ocrx_word' id='word_1_778' title='bbox 442 5435 597 5484; x_wconf 85' lang='lat' dir='ltr'><strong>mss.,</strong></span> <span class='ocrx_word' id='word_1_779' title='bbox 642 5417 835 5486; x_wconf 89' lang='lat' dir='ltr'><strong>majori</strong></span> <span class='ocrx_word' id='word_1_780' title='bbox 864 5427 1116 5479; x_wconf 89' lang='lat' dir='ltr'><strong>numero,</strong></span> <span class='ocrx_word' id='word_1_781' title='bbox 1147 5414 1214 5466; x_wconf 84' lang='lat' dir='ltr'><strong>ad</strong></span> <span class='ocrx_word' id='word_1_782' title='bbox 1240 5415 1672 5486; x_wconf 78' lang='lat' dir='ltr'><strong>commoditatem,</strong></span> <span class='ocrx_word' id='word_1_783' title='bbox 1720 5417 1881 5469; x_wconf 84' lang='lat' dir='ltr'><strong>nitui-</strong></span> 
     </span>
    </p>
   </div>
   <div class='ocr_carea' id='block_1_103' title="bbox 278 5484 1880 5559">
    <p class='ocr_par' dir='ltr' id='par_1_103' title="bbox 278 5484 1880 5559">
     <span class='ocr_line' id='line_1_103' title="bbox 278 5484 1880 5559; baseline -0.004 -10"><span class='ocrx_word' id='word_1_784' title='bbox 278 5511 398 5550; x_wconf 87' lang='lat' dir='ltr'><strong>rum</strong></span> <span class='ocrx_word' id='word_1_785' title='bbox 433 5500 490 5546; x_wconf 92' lang='lat' dir='ltr'><strong>ut</strong></span> <span class='ocrx_word' id='word_1_786' title='bbox 523 5484 915 5559; x_wconf 80' lang='lat' dir='ltr'><strong>proximorum</strong></span> <span class='ocrx_word' id='word_1_787' title='bbox 947 5484 1369 5559; x_wconf 64' lang='lat' dir='ltr'><strong>successitatibus</strong></span> <span class='ocrx_word' id='word_1_788' title='bbox 1414 5485 1692 5559; x_wconf 84' lang='lat' dir='ltr'><strong>inserviat,</strong></span> <span class='ocrx_word' id='word_1_789' title='bbox 1726 5495 1778 5559; x_wconf 81' lang='lat' dir='ltr'><strong>et</strong></span> <span class='ocrx_word' id='word_1_790' title='bbox 1820 5501 1880 5542; x_wconf 89' lang='lat' dir='ltr'><strong>se</strong></span> 
     </span>
    </p>
   </div>
   <div class='ocr_carea' id='block_1_104' title="bbox 277 5555 1872 5620">
    <p class='ocr_par' dir='ltr' id='par_1_104' title="bbox 277 5555 1872 5620">
     <span class='ocr_line' id='line_1_104' title="bbox 277 5555 1872 5620; baseline -0.004 0"><span class='ocrx_word' id='word_1_791' title='bbox 277 5555 687 5620; x_wconf 84' lang='lat' dir='ltr'><strong>accommodet:</strong></span> <span class='ocrx_word' id='word_1_792' title='bbox 719 5561 800 5614; x_wconf 92' lang='lat' dir='ltr'><strong>sic</strong></span> <span class='ocrx_word' id='word_1_793' title='bbox 847 5557 1010 5613; x_wconf 88' lang='lat' dir='ltr'><strong>etiam</strong></span> <span class='ocrx_word' id='word_1_794' title='bbox 1061 5556 1341 5611; x_wconf 83' lang='lat' dir='ltr'><strong>moralitas</strong></span> <span class='ocrx_word' id='word_1_795' title='bbox 1391 5556 1681 5612; x_wconf 81' lang='lat' dir='ltr'><strong>Ambrosio</strong></span> <span class='ocrx_word' id='word_1_796' title='bbox 1730 5555 1872 5613; x_wconf 91' lang='lat' dir='ltr'><strong>idem</strong></span> 
     </span>
    </p>
   </div>
   <div class='ocr_carea' id='block_1_105' title="bbox 277 5629 984 5692">
    <p class='ocr_par' dir='ltr' id='par_1_105' title="bbox 277 5629 984 5692">
     <span class='ocr_line' id='line_1_105' title="bbox 277 5629 984 5692; baseline -0.014 0"><span class='ocrx_word' id='word_1_797' title='bbox 277 5645 363 5692; x_wconf 87' lang='lat' dir='ltr'><strong>est</strong></span> <span class='ocrx_word' id='word_1_798' title='bbox 397 5649 460 5689; x_wconf 88' lang='lat' dir='ltr'><strong>ac</strong></span> <span class='ocrx_word' id='word_1_799' title='bbox 489 5646 698 5687; x_wconf 91' lang='lat' dir='ltr'><strong>morum</strong></span> <span class='ocrx_word' id='word_1_800' title='bbox 730 5629 984 5685; x_wconf 84' lang='lat' dir='ltr'><strong>facilitas.</strong></span> 
     </span>
    </p>
   </div>
   <div class='ocr_carea' id='block_1_106' title="bbox 350 5699 1650 5772">
    <p class='ocr_par' dir='ltr' id='par_1_106' title="bbox 350 5699 1650 5772">
     <span class='ocr_line' id='line_1_106' title="bbox 350 5699 1650 5772; baseline -0.005 -12"><span class='ocrx_word' id='word_1_801' title='bbox 350 5706 377 5760; x_wconf 57' lang='grc' dir='ltr'><strong>β</strong></span> <span class='ocrx_word' id='word_1_802' title='bbox 409 5705 536 5759; x_wconf 86' lang='lat' dir='ltr'><strong>Mss.</strong></span> <span class='ocrx_word' id='word_1_803' title='bbox 567 5701 790 5772; x_wconf 86' lang='lat' dir='ltr'><strong>aliquot,</strong></span> <span class='ocrx_word' id='word_1_804' title='bbox 825 5699 1262 5772; x_wconf 82' lang='lat' dir='ltr'><strong>utinﬁrmaretur</strong></span> <span class='ocrx_word' id='word_1_805' title='bbox 1287 5699 1516 5772; x_wconf 68' lang='lat' dir='ltr'><strong>verbum,</strong></span> <span class='ocrx_word' id='word_1_806' title='bbox 1547 5708 1650 5756; x_wconf 88' lang='lat' dir='ltr'><strong>etc.</strong></span> 
     </span>
    </p>
   </div>
   <div class='ocr_carea' id='block_1_107' title="bbox 356 5767 1868 5842">
    <p class='ocr_par' dir='ltr' id='par_1_107' title="bbox 356 5767 1868 5842">
     <span class='ocr_line' id='line_1_107' title="bbox 356 5767 1868 5842; baseline -0.005 -12"><span class='ocrx_word' id='word_1_807' title='bbox 356 5789 375 5814; x_wconf 66' lang='grc' dir='ltr'><strong>τ’</strong></span> <span class='ocrx_word' id='word_1_808' title='bbox 408 5773 484 5832; x_wconf 86' lang='lat' dir='ltr'><strong>lta</strong></span> <span class='ocrx_word' id='word_1_809' title='bbox 529 5783 637 5831; x_wconf 86' lang='lat' dir='ltr'><strong>vet.</strong></span> <span class='ocrx_word' id='word_1_810' title='bbox 659 5767 818 5829; x_wconf 64' lang='lat' dir='ltr'><strong>&#39;cdit.</strong></span> <span class='ocrx_word' id='word_1_811' title='bbox 855 5767 1142 5842; x_wconf 84' lang='lat' dir='ltr'><strong>pluresque</strong></span> <span class='ocrx_word' id='word_1_812' title='bbox 1175 5784 1302 5827; x_wconf 86' lang='lat' dir='ltr'><strong>mss.</strong></span> <span class='ocrx_word' id='word_1_813' title='bbox 1339 5769 1496 5828; x_wconf 79' lang='lat' dir='ltr'><strong>Rom.</strong></span> <span class='ocrx_word' id='word_1_814' title='bbox 1528 5780 1704 5827; x_wconf 85' lang='lat' dir='ltr'><strong>autem</strong></span> <span class='ocrx_word' id='word_1_815' title='bbox 1738 5767 1868 5827; x_wconf 85' lang='lat' dir='ltr'><strong>edit.</strong></span> 
     </span>
    </p>
   </div>
   <div class='ocr_carea' id='block_1_108' title="bbox 2049 4645 3582 4721">
    <p class='ocr_par' dir='ltr' id='par_1_108' title="bbox 2049 4645 3582 4721">
     <span class='ocr_line' id='line_1_108' title="bbox 2049 4645 3582 4721; baseline -0.004 -15"><span class='ocrx_word' id='word_1_816' title='bbox 2049 4651 2140 4706; x_wconf 90' lang='lat'><strong>80.</strong></span> <span class='ocrx_word' id='word_1_817' title='bbox 2181 4649 2362 4706; x_wconf 87' lang='lat' dir='ltr'><strong>Pascit</strong></span> <span class='ocrx_word' id='word_1_818' title='bbox 2405 4649 2750 4721; x_wconf 78' lang='lat' dir='ltr'><strong>prophetam,</strong></span> <span class='ocrx_word' id='word_1_819' title='bbox 2781 4650 2870 4719; x_wconf 90' lang='lat' dir='ltr'><strong>qui</strong></span> <span class='ocrx_word' id='word_1_820' title='bbox 2905 4649 3180 4719; x_wconf 90' lang='lat' dir='ltr'><strong>intelligit,</strong></span> <span class='ocrx_word' id='word_1_821' title='bbox 3212 4651 3302 4718; x_wconf 93' lang='lat' dir='ltr'><strong>qui</strong></span> <span class='ocrx_word' id='word_1_822' title='bbox 3342 4645 3582 4702; x_wconf 87' lang='lat' dir='ltr'><strong>custodit</strong></span> 
     </span>
    </p>
   </div>
   <div class='ocr_carea' id='block_1_109' title="bbox 1979 4851 3581 4924">
    <p class='ocr_par' dir='ltr' id='par_1_109' title="bbox 1979 4851 3581 4924">
     <span class='ocr_line' id='line_1_109' title="bbox 1979 4851 3581 4924; baseline -0.001 -15"><span class='ocrx_word' id='word_1_823' title='bbox 1979 4868 2102 4909; x_wconf 91' lang='lat' dir='ltr'><strong>cum</strong></span> <span class='ocrx_word' id='word_1_824' title='bbox 2129 4854 2252 4909; x_wconf 87' lang='lat' dir='ltr'><strong>aliis</strong></span> <span class='ocrx_word' id='word_1_825' title='bbox 2272 4853 2395 4908; x_wconf 92' lang='lat' dir='ltr'><strong>cod.</strong></span> <span class='ocrx_word' id='word_1_826' title='bbox 2429 4852 2705 4908; x_wconf 88' lang='lat' dir='ltr'><strong>nonnullis</strong></span> <span class='ocrx_word' id='word_1_827' title='bbox 2729 4853 3008 4921; x_wconf 87' lang='lat' dir='ltr'><strong>omittunt,</strong></span> <span class='ocrx_word' id='word_1_828' title='bbox 3037 4863 3084 4908; x_wconf 88' lang='lat' dir='ltr'><strong>et</strong></span> <span class='ocrx_word' id='word_1_829' title='bbox 3110 4851 3391 4908; x_wconf 87' lang='lat' dir='ltr'><strong>Dominum</strong></span> <span class='ocrx_word' id='word_1_830' title='bbox 3412 4854 3581 4924; x_wconf 86' lang='lat' dir='ltr'><strong>bapti-</strong></span> 
     </span>
    </p>
   </div>
   <div class='ocr_carea' id='block_1_110' title="bbox 1980 4927 2134 4978">
    <p class='ocr_par' dir='ltr' id='par_1_110' title="bbox 1980 4927 2134 4978">
     <span class='ocr_line' id='line_1_110' title="bbox 1980 4927 2134 4978; baseline -0.006 0"><span class='ocrx_word' id='word_1_831' title='bbox 1980 4927 2134 4978; x_wconf 82' lang='lat' dir='ltr'><strong>znvit.</strong></span> 
     </span>
    </p>
   </div>
   <div class='ocr_carea' id='block_1_111' title="bbox 2052 4993 3580 5066">
    <p class='ocr_par' dir='ltr' id='par_1_111' title="bbox 2052 4993 3580 5066">
     <span class='ocr_line' id='line_1_111' title="bbox 2052 4993 3580 5066; baseline 0 -18"><span class='ocrx_word' id='word_1_832' title='bbox 2052 4993 2076 5031; x_wconf 77' lang='grc' dir='ltr'><strong>ί¹</strong></span> <span class='ocrx_word' id='word_1_833' title='bbox 2115 4996 2169 5048; x_wconf 91' lang='lat' dir='ltr'><strong>lu</strong></span> <span class='ocrx_word' id='word_1_834' title='bbox 2201 4995 2294 5051; x_wconf 92' lang='lat' dir='ltr'><strong>lib.</strong></span> <span class='ocrx_word' id='word_1_835' title='bbox 2329 4995 2399 5050; x_wconf 87' lang='lat' dir='ltr'><strong>de</strong></span> <span class='ocrx_word' id='word_1_836' title='bbox 2425 4993 2570 5065; x_wconf 86' lang='lat' dir='ltr'><strong>Fuga</strong></span> <span class='ocrx_word' id='word_1_837' title='bbox 2603 4995 2787 5066; x_wconf 65' lang='lat' dir='ltr'><strong>smculi</strong></span> <span class='ocrx_word' id='word_1_838' title='bbox 2817 5011 2939 5066; x_wconf 88' lang='lat' dir='ltr'><strong>cap.</strong></span> <span class='ocrx_word' id='word_1_839' title='bbox 2983 4996 3037 5061; x_wconf 89' lang='lat'><strong>6,</strong></span> <span class='ocrx_word' id='word_1_840' title='bbox 3068 5010 3221 5050; x_wconf 90' lang='lat' dir='ltr'><strong>num.</strong></span> <span class='ocrx_word' id='word_1_841' title='bbox 3253 4996 3344 5062; x_wconf 75' lang='grc'><strong>54,</strong></span> <span class='ocrx_word' id='word_1_842' title='bbox 3375 4996 3580 5050; x_wconf 81' lang='lat' dir='ltr'><strong>Chorad</strong></span> 
     </span>
    </p>
   </div>
   <div class='ocr_carea' id='block_1_112' title="bbox 1981 5065 3576 5138">
    <p class='ocr_par' dir='ltr' id='par_1_112' title="bbox 1981 5065 3576 5138">
     <span class='ocr_line' id='line_1_112' title="bbox 1981 5065 3576 5138; baseline 0.001 -18"><span class='ocrx_word' id='word_1_843' title='bbox 1981 5066 2273 5138; x_wconf 70' lang='lat' dir='ltr'><strong>exponitur</strong></span> <span class='ocrx_word' id='word_1_844' title='bbox 2301 5067 2557 5138; x_wconf 78' lang='lat' dir='ltr'><strong>cognitio;</strong></span> <span class='ocrx_word' id='word_1_845' title='bbox 2579 5066 2674 5138; x_wconf 82' lang='lat' dir='ltr'><strong>sed</strong></span> <span class='ocrx_word' id='word_1_846' title='bbox 2700 5065 2839 5138; x_wconf 83' lang='lat' dir='ltr'><strong>Ureb</strong></span> <span class='ocrx_word' id='word_1_847' title='bbox 2853 5067 2960 5131; x_wconf 85' lang='lat' dir='ltr'><strong>vel,</strong></span> <span class='ocrx_word' id='word_1_848' title='bbox 2985 5077 3041 5121; x_wconf 88' lang='lat' dir='ltr'><strong>ut</strong></span> <span class='ocrx_word' id='word_1_849' title='bbox 3061 5066 3316 5121; x_wconf 90' lang='lat' dir='ltr'><strong>scribitur</strong></span> <span class='ocrx_word' id='word_1_850' title='bbox 3342 5069 3391 5120; x_wconf 92' lang='lat' dir='ltr'><strong>in</strong></span> <span class='ocrx_word' id='word_1_851' title='bbox 3419 5082 3576 5131; x_wconf 88' lang='lat' dir='ltr'><strong>mss.,</strong></span> 
     </span>
    </p>
   </div>
   <div class='ocr_carea' id='block_1_113' title="bbox 1984 5135 3582 5209">
    <p class='ocr_par' dir='ltr' id='par_1_113' title="bbox 1984 5135 3582 5209">
     <span class='ocr_line' id='line_1_113' title="bbox 1984 5135 3582 5209; baseline 0.001 -21"><span class='ocrx_word' id='word_1_852' title='bbox 1984 5135 2203 5209; x_wconf 69' lang='lat' dir='ltr'><strong>Choreb,</strong></span> <span class='ocrx_word' id='word_1_853' title='bbox 2239 5135 2517 5209; x_wconf 71' lang='lat' dir='ltr'><strong>incudem</strong></span> <span class='ocrx_word' id='word_1_854' title='bbox 2555 5136 2691 5190; x_wconf 90' lang='lat' dir='ltr'><strong>libro</strong></span> <span class='ocrx_word' id='word_1_855' title='bbox 2739 5137 2939 5191; x_wconf 89' lang='lat' dir='ltr'><strong>dicitur</strong></span> <span class='ocrx_word' id='word_1_856' title='bbox 2985 5139 3278 5209; x_wconf 71' lang='lat' dir='ltr'><strong>exsiccatio,</strong></span> <span class='ocrx_word' id='word_1_857' title='bbox 3322 5148 3376 5191; x_wconf 90' lang='lat' dir='ltr'><strong>et</strong></span> <span class='ocrx_word' id='word_1_858' title='bbox 3424 5139 3582 5209; x_wconf 84' lang='lat' dir='ltr'><strong>vulgo</strong></span> 
     </span>
    </p>
   </div>
   <div class='ocr_carea' id='block_1_114' title="bbox 1984 5207 3582 5281">
    <p class='ocr_par' dir='ltr' id='par_1_114' title="bbox 1984 5207 3582 5281">
     <span class='ocr_line' id='line_1_114' title="bbox 1984 5207 3582 5281; baseline 0.001 -20"><span class='ocrx_word' id='word_1_859' title='bbox 1984 5208 2150 5281; x_wconf 86' lang='lat' dir='ltr'><strong>etiam</strong></span> <span class='ocrx_word' id='word_1_860' title='bbox 2182 5207 2485 5281; x_wconf 81' lang='lat' dir='ltr'><strong>explicatur</strong></span> <span class='ocrx_word' id='word_1_861' title='bbox 2513 5209 2738 5271; x_wconf 83' lang='lat' dir='ltr'><strong>siccitas,</strong></span> <span class='ocrx_word' id='word_1_862' title='bbox 2775 5209 3056 5281; x_wconf 82' lang='lat' dir='ltr'><strong>desertum,</strong></span> <span class='ocrx_word' id='word_1_863' title='bbox 3089 5208 3369 5281; x_wconf 75' lang='lat' dir='ltr'><strong>destructio</strong></span> <span class='ocrx_word' id='word_1_864' title='bbox 3399 5219 3446 5262; x_wconf 89' lang='lat' dir='ltr'><strong>et</strong></span> <span class='ocrx_word' id='word_1_865' title='bbox 3471 5207 3582 5281; x_wconf 78' lang='lat' dir='ltr'><strong>gla-</strong></span> 
     </span>
    </p>
   </div>
   <div class='ocr_carea' id='block_1_115' title="bbox 1985 5277 3579 5349">
    <p class='ocr_par' dir='ltr' id='par_1_115' title="bbox 1985 5277 3579 5349">
     <span class='ocr_line' id='line_1_115' title="bbox 1985 5277 3579 5349; baseline 0.003 -20"><span class='ocrx_word' id='word_1_866' title='bbox 1985 5277 2124 5349; x_wconf 78' lang='lat' dir='ltr'><strong>tlius,</strong></span> <span class='ocrx_word' id='word_1_867' title='bbox 2155 5293 2182 5330; x_wconf 69' lang='grc' dir='ltr'><strong>τι</strong></span> <span class='ocrx_word' id='word_1_868' title='bbox 2211 5279 2406 5346; x_wconf 88' lang='lat' dir='ltr'><strong>quibus</strong></span> <span class='ocrx_word' id='word_1_869' title='bbox 2432 5278 2968 5346; x_wconf 84' lang='lat' dir='ltr'><strong>interpretationibus</strong></span> <span class='ocrx_word' id='word_1_870' title='bbox 2993 5280 3092 5332; x_wconf 92' lang='lat' dir='ltr'><strong>hoc</strong></span> <span class='ocrx_word' id='word_1_871' title='bbox 3114 5279 3233 5330; x_wconf 85' lang='lat' dir='ltr'><strong>loco</strong></span> <span class='ocrx_word' id='word_1_872' title='bbox 3259 5293 3366 5332; x_wconf 90' lang='lat' dir='ltr'><strong>non</strong></span> <span class='ocrx_word' id='word_1_873' title='bbox 3390 5277 3579 5349; x_wconf 69' lang='lat' dir='ltr'><strong>parum</strong></span> 
     </span>
    </p>
   </div>
   <div class='ocr_carea' id='block_1_116' title="bbox 1983 5348 3580 5418">
    <p class='ocr_par' dir='ltr' id='par_1_116' title="bbox 1983 5348 3580 5418">
     <span class='ocr_line' id='line_1_116' title="bbox 1983 5348 3580 5418; baseline 0.001 -15"><span class='ocrx_word' id='word_1_874' title='bbox 1983 5348 2306 5403; x_wconf 86' lang='lat' dir='ltr'><strong>Ambrosius</strong></span> <span class='ocrx_word' id='word_1_875' title='bbox 2347 5349 2575 5410; x_wconf 77' lang='lat' dir='ltr'><strong>recedit.</strong></span> <span class='ocrx_word' id='word_1_876' title='bbox 2610 5350 2707 5404; x_wconf 90' lang='lat' dir='ltr'><strong>sed</strong></span> <span class='ocrx_word' id='word_1_877' title='bbox 2748 5349 2886 5403; x_wconf 91' lang='lat' dir='ltr'><strong>haud</strong></span> <span class='ocrx_word' id='word_1_878' title='bbox 2914 5349 3077 5404; x_wconf 89' lang='lat' dir='ltr'><strong>dubie</strong></span> <span class='ocrx_word' id='word_1_879' title='bbox 3104 5350 3246 5402; x_wconf 90' lang='lat' dir='ltr'><strong>alius</strong></span> <span class='ocrx_word' id='word_1_880' title='bbox 3279 5348 3580 5418; x_wconf 83' lang='lat' dir='ltr'><strong>cuiuspiam</strong></span> 
     </span>
    </p>
   </div>
   <div class='ocr_carea' id='block_1_117' title="bbox 1983 5419 3578 5487">
    <p class='ocr_par' dir='ltr' id='par_1_117' title="bbox 1983 5419 3578 5487">
     <span class='ocr_line' id='line_1_117' title="bbox 1983 5419 3578 5487; baseline 0.003 -16"><span class='ocrx_word' id='word_1_881' title='bbox 1983 5419 2263 5487; x_wconf 89' lang='lat' dir='ltr'><strong>scriptoris</strong></span> <span class='ocrx_word' id='word_1_882' title='bbox 2285 5422 2661 5475; x_wconf 84' lang='lat' dir='ltr'><strong>auctoritatem</strong></span> <span class='ocrx_word' id='word_1_883' title='bbox 2685 5429 2924 5476; x_wconf 88' lang='lat' dir='ltr'><strong>secutus.</strong></span> <span class='ocrx_word' id='word_1_884' title='bbox 2956 5419 3114 5486; x_wconf 76' lang='lat' dir='ltr'><strong>Quod</strong></span> <span class='ocrx_word' id='word_1_885' title='bbox 3138 5434 3268 5473; x_wconf 90' lang='lat' dir='ltr'><strong>vero</strong></span> <span class='ocrx_word' id='word_1_886' title='bbox 3294 5422 3360 5474; x_wconf 87' lang='lat' dir='ltr'><strong>ad</strong></span> <span class='ocrx_word' id='word_1_887' title='bbox 3392 5437 3578 5475; x_wconf 86' lang='lat' dir='ltr'><strong>vocem</strong></span> 
     </span>
    </p>
   </div>
   <div class='ocr_carea' id='block_1_118' title="bbox 1985 5487 3579 5560">
    <p class='ocr_par' dir='ltr' id='par_1_118' title="bbox 1985 5487 3579 5560">
     <span class='ocr_line' id='line_1_118' title="bbox 1985 5487 3579 5560; baseline 0.003 -20"><span class='ocrx_word' id='word_1_888' title='bbox 1985 5487 2233 5542; x_wconf 87' lang='lat' dir='ltr'><strong>Bersabee</strong></span> <span class='ocrx_word' id='word_1_889' title='bbox 2263 5502 2359 5541; x_wconf 91' lang='lat' dir='ltr'><strong>seu</strong></span> <span class='ocrx_word' id='word_1_890' title='bbox 2390 5489 2656 5558; x_wconf 87' lang='lat' dir='ltr'><strong>Betsabee,</strong></span> <span class='ocrx_word' id='word_1_891' title='bbox 2701 5491 2847 5546; x_wconf 92' lang='lat' dir='ltr'><strong>illam</strong></span> <span class='ocrx_word' id='word_1_892' title='bbox 2878 5491 2998 5560; x_wconf 89' lang='lat' dir='ltr'><strong>ejus</strong></span> <span class='ocrx_word' id='word_1_893' title='bbox 3022 5490 3434 5559; x_wconf 84' lang='lat' dir='ltr'><strong>explicationem</strong></span> <span class='ocrx_word' id='word_1_894' title='bbox 3467 5507 3579 5546; x_wconf 84' lang='lat' dir='ltr'><strong>om-</strong></span> 
     </span>
    </p>
   </div>
   <div class='ocr_carea' id='block_1_119' title="bbox 1984 5569 2441 5628">
    <p class='ocr_par' dir='ltr' id='par_1_119' title="bbox 1984 5569 2441 5628">
     <span class='ocr_line' id='line_1_119' title="bbox 1984 5569 2441 5628; baseline 0.004 -17"><span class='ocrx_word' id='word_1_895' title='bbox 1984 5573 2082 5614; x_wconf 90' lang='lat' dir='ltr'><strong>nes</strong></span> <span class='ocrx_word' id='word_1_896' title='bbox 2113 5569 2441 5628; x_wconf 86' lang='lat' dir='ltr'><strong>proponunt.</strong></span> 
     </span>
    </p>
   </div>
   <div class='ocr_carea' id='block_1_120' title="bbox 2059 5632 3580 5699">
    <p class='ocr_par' dir='ltr' id='par_1_120' title="bbox 2059 5632 3580 5699">
     <span class='ocr_line' id='line_1_120' title="bbox 2059 5632 3580 5699; baseline 0.002 -16"><span class='ocrx_word' id='word_1_897' title='bbox 2059 5639 2081 5667; x_wconf 75' lang='grc' dir='ltr'>ε</span> <span class='ocrx_word' id='word_1_898' title='bbox 2114 5632 2193 5684; x_wconf 89' lang='lat' dir='ltr'><strong>Ita</strong></span> <span class='ocrx_word' id='word_1_899' title='bbox 2241 5643 2373 5682; x_wconf 90' lang='lat' dir='ltr'><strong>mss.</strong></span> <span class='ocrx_word' id='word_1_900' title='bbox 2425 5646 2593 5699; x_wconf 90' lang='lat' dir='ltr'><strong>prope</strong></span> <span class='ocrx_word' id='word_1_901' title='bbox 2643 5633 2709 5687; x_wconf 86' lang='lat' dir='ltr'><strong>ad</strong></span> <span class='ocrx_word' id='word_1_902' title='bbox 2761 5648 2925 5687; x_wconf 92' lang='lat' dir='ltr'><strong>unum</strong></span> <span class='ocrx_word' id='word_1_903' title='bbox 2960 5650 2972 5685; x_wconf 89' lang='lat'><strong>:</strong></span> <span class='ocrx_word' id='word_1_904' title='bbox 3007 5646 3198 5687; x_wconf 87' lang='lat' dir='ltr'><strong>omnes</strong></span> <span class='ocrx_word' id='word_1_905' title='bbox 3245 5646 3376 5688; x_wconf 91' lang='lat' dir='ltr'><strong>vero</strong></span> <span class='ocrx_word' id='word_1_906' title='bbox 3422 5632 3580 5697; x_wconf 89' lang='lat' dir='ltr'><strong>edit.,</strong></span> 
     </span>
    </p>
   </div>
   <div class='ocr_carea' id='block_1_121' title="bbox 1983 5699 2564 5770">
    <p class='ocr_par' dir='ltr' id='par_1_121' title="bbox 1983 5699 2564 5770">
     <span class='ocr_line' id='line_1_121' title="bbox 1983 5699 2564 5770; baseline 0.005 -17"><span class='ocrx_word' id='word_1_907' title='bbox 1983 5700 2198 5767; x_wconf 76' lang='lat' dir='ltr'><strong>ﬂumina</strong></span> <span class='ocrx_word' id='word_1_908' title='bbox 2237 5699 2564 5770; x_wconf 73' lang='lat' dir='ltr'><strong>cognitionis.</strong></span> 
     </span>
    </p>
   </div>
  </div>
