4092 6190
527 214 660 269 12H

1843 208 2088 266 SANC'I‘I
2125 205 2452 264 AIB‘ROSH

3683 207 3852 266 l212

523 343 642 398 quo
670 326 866 396 scripta
903 335 1052 378 sunt.
1081 323 1186 378 Dat-
1213 324 1264 377 ei
1297 334 1520 379 succum
1553 323 1687 380 fides
1717 331 1920 390 nostra,
1951 322 2044 378 dat
2069 321 2122 378 ei
2149 322 2201 384 Α
2225 321 2311 375 cui
2339 318 2674 391 ntalef'acias,
2696 329 2875 372 utrum
2895 317 3062 387 iusto,
3087 332 3153 372 an
3179 319 3401 389 iniusto,
3423 332 3548 375 eum
3579 330 3631 376 te
3657 323 3860 377 male-

527 422 845 476 alimentum
889 429 1075 473 noster
1118 417 1433 487 profectus:
1469 427 1498 455 ³
1524 429 1734 473 mentes
1774 418 1870 473 ille
1907 426 2124 473 nostras

527 529 828 584 sensusque
873 514 1135 582 pascitur,
1166 513 1218 568 in
1266 525 1456 568 nostro
1494 519 1675 569 seruio
1700 514 1818 582 eius
1845 513 2126 568 intellectu

528 607 799 676 epulatur.
853 605 1056 660 Damus
1105 606 1157 661 ei
1211 620 1369 661 mane
1415 621 1632 675 panem,
1683 607 1774 675 qui
1821 607 1872 660 in
1923 605 2126 660 lumine

513 689 810 767 Evangelii
859 699 1056 768 positi,
1101 697 1436 754 conferimus
1481 701 1530 755 ei
1571 700 1743 756 nostri
1787 700 2124 754 firniamenta

532 792 735 849 cordis.
793 792 885 847 His
913 793 1100 858 alitur,
1146 793 1233 849 his
1257 793 1420 863 viget,
1454 793 1538 848 his
1566 793 1927 862 ieiunantium
1953 792 2128 863 replet

533 898 656 947 ora,
687 883 882 953 quibus
926 882 1235 939 Judteorum
1282 884 1510 954 perﬁdia
1555 884 1760 939 nullum
1792 883 1914 939 fidei
1945 884 2124 940 cibum

537 974 1004 1029 subministrabat.
1034 974 1264 1045 Jeiunus
1303 985 1386 1031 est
1424 975 1534 1031 illic
1564 977 1744 1031 omnis
1785 987 1964 1031 sermo
2006 983 2129 1046 pro-

536 1064 806 1134 pheticus,
829 1064 984 1134 cuius
1005 1065 1220 1135 adipem
1244 1065 1554 1121 interiorem
1578 1083 1686 1121 non
1709 1066 1912 1134 vident,
1935 1081 2130 1123 exesus

535 1168 588 1212 et
620 1158 822 1225 tenuis,
849 1159 942 1228 qui
974 1157 1316 1227 impinguare
1343 1173 1535 1213 eorum
1573 1157 1759 1214 fauces
1793 1173 1900 1214 non
1931 1167 2124 1228 potest.

605 1251 698 1306 8i.
739 1250 999 1306 Fortasse
1026 1250 1150 1307 ideo
1173 1251 1490 1308 deferebant
1518 1251 1584 1306 ad
1610 1264 1890 1320 vesperam
1910 1259 2128 1317 carnes,

540 1343 693 1412 quasi
742 1341 996 1398 fortiores
1025 1343 1196 1410 cibos,
1226 1359 1362 1414 quos
1391 1344 1586 1398 infirmi
1620 1344 1840 1414 ingenio
1867 1344 2130 1400 Corinthii

544 1449 650 1486 non
709 1440 956 1500 poterant
1015 1449 1272 1498 sumere;
1327 1445 1380 1489 et
1438 1435 1560 1490 ideo
1614 1435 1752 1490 lacte
1808 1435 2132 1506 putabantur

2225 411 2403 468 facere
2430 429 2534 466 non
2561 416 2831 481 oporteat.
2860 410 3046 481 Neque
3072 411 3236 467 distat
3261 412 3536 483 quomodo
3560 416 3853 486 malignus

2224 506 2324 569 sis,
2378 518 2560 560 utrum
2591 503 2609 543 ί
2644 504 2956 559 vindicandi
3009 505 3218 573 studio,
3271 521 3338 560 an
3391 519 3520 563 voto
3563 508 3848 575 nocendi;

2226 613 2348 653 cum
2379 598 2687 668 malignitas
2716 597 2771 651 in
2803 606 3032 667 utroque
3061 613 3263 667 genere
3295 615 3402 654 non
3432 611 3612 655 careat
3641 609 3850 670 repre—

2227 691 2509 748 hensione.
2537 689 2674 746 Nam
2702 690 2994 759 malignum
3015 692 3226 746 esseab
3247 692 3450 761 iniusto
3475 693 3604 746 nihil
3626 693 3846 756 dietat;

2226 782 2457 852 ideoque
2487 781 2585 838 tibi
2609 781 2816 837 dictum
2845 787 2961 836 est:
2989 780 3111 835 Noli
3140 784 3398 852 malignus
3427 800 3540 838 esse
3559 785 3695 837 inter
3718 799 3848 838 ma-

2227 874 2498 945 lignantes,
2535 882 2696 943 neque
2723 874 3001 928 simulatus
3029 873 3192 942 fuerit
3221 877 3462 945 facientes
3499 876 3845 945 iniquitatem

2229 965 2404 1041 (Prol.
2439 979 2626 1033 uxvn,
2657 967 2751 1037 l);
2785 977 2838 1020 et
2868 980 3030 1036 supra
3062 965 3205 1022 idem
3229 970 3340 1021 ait:
3369 966 3504 1020 Odia
3527 967 3847 1021 habaicon-

2227 1059 2573 1129 gregationem
2597 1059 2995 1130 malignitatum
3023 1057 3195 1129 (Prol.
3228 1071 3352 1123 xxv,-
3386 1059 3464 1129 5).
3493 1058 3694 1114 Omnes
3726 1057 3847 1115 tati-

2230 1163 2334 1218 que
2378 1149 2696 1217 complexus
2743 1157 2849 1213 est,
2897 1149 3104 1203 nullum
3154 1150 3413 1218 excepit:
3444 1150 3844 1220 malignitatem

2232 1243 2423 1309 tenuit,
2461 1257 2566 1297 non
2595 1257 2813 1297 causam
2846 1242 3224 1313 inmrrogavit.

2302 1335 2390 1391 84.
2432 1333 2563 1402 Qua:
2609 1342 2790 1389 autem
2833 1333 3026 1389 melior
3071 1332 3246 1390 forma
3293 1349 3450 1404 quam
3485 1333 3708 1405 iustitia:
3746 1334 3844 1388 di—

2232 1428 2407 1484 vine?
2432 1427 2576 1483 Dicit
2602 1428 2746 1482 ettim
2777 1427 2872 1481 Dei
2905 1426 3075 1482 Filius
3102 1444 3114 1480 :
3145 1425 3359 1498 Diligite
3383 1427 3617 1483 inimicos
3638 1435 3840 1480 vestros

541 1527 852 1596 Apostolico
881 1527 922 1596 (l
949 1526 1068 1582 Cor.
1101 1542 1176 1592 Ill,
1205 1526 1286 1596 2).
1318 1527 1450 1582 Esca
1479 1543 1611 1597 ergo
1632 1527 1824 1583 fortior
1845 1529 1911 1583 ad
1938 1544 2135 1598 vespe-

2245 1518 2454 1592 (Matth.
2499 1535 2564 1582 v,
2611 1517 2726 1590 44).
2777 1519 2840 1572 Et
2884 1520 3078 1572 iterum
3118 1517 3293 1572 dicit:
3327 1517 3486 1572 Orate
3527 1533 3622 1588 pro
3658 1532 3841 1585 perse-

543 1634 656 1671 rutn
698 1617 880 1672 mundi
922 1617 1080 1685 huius
1117 1617 1485 1686 deferebatur,
1520 1635 1677 1674 mane
1707 1620 1880 1688 panis.
1914 1620 1979 1673 Et
2009 1620 2133 1675 ideo
2232 1613 2504 1683 quentibus
2549 1622 2596 1666 et
2645 1611 3078 1667 calumniantibus
3123 1627 3232 1666 vos.
3280 1611 3532 1682 Eousque
3579 1607 3842 1682 perfectis

543 1708 670 1775 quia
705 1707 964 1762 Dominus
992 1709 1130 1762 hanc
1159 1705 1454 1762 ministrari
1486 1708 1764 1763 mandavit
1796 1706 2004 1780 1042
2033 1710 2134 1765 ali-
2167 1723 2210 1793 Β
2238 1705 2474 1760 studium
2518 1706 2710 1759 adimit
2737 1705 2973 1770 ultionis,
3018 1713 3074 1758 ut
3121 1703 3430 1758 lxdentium
3460 1714 3485 1748 ὅ
3510 1703 3841 1758 charitatem

547 1799 806 1865 muniam,
841 1799 977 1853 bene
1023 1797 1154 1853 illud
1203 1799 1578 1868 prapheticum
1619 1800 1727 1856 dici
1772 1802 1823 1856 ei
1865 1803 1968 1857 hoc
2018 1802 2137 1860 loco

547 1895 805 1948 convenit
835 1912 846 1945 :
883 1892 910 1930 b
941 1892 1101 1947 Exitu
1128 1893 1378 1947 matutino
1403 1903 1449 1948 et
1480 1909 1687 1963 vespere
1729 1895 2036 1962 delectabit;
2086 1905 2140 1951 et

547 1985 684 2040 infra
709 2003 720 2038 :
757 1983 961 2038 Parasti
989 1985 1155 2038 cibum
1186 1985 1431 2049 illorum;
1462 1986 1585 2052 quia
1609 1986 1686 2063 ita
1721 1995 1794 2040 est
1824 1988 2140 2056 prteparatio

549 2084 661 2153 ejus
691 2078 863 2150 (Psal.
910 2095 1054 2146 utv,
1084 2078 1137 2143 9,
1169 2076 1280 2150 {0).
1909 2083 1914 2085 ’

621 2167 709 2222 82.
752 2165 858 2221 Sed
881 2167 1014 2221 satis
1036 2166 1103 2220 de
1129 2166 1385 2235 magistro
1409 2165 1610 2220 dictum
1637 2173 1784 2234 puto,
1816 2181 1957 2222 nunc
1979 2165 2144 2222 disci-

552 2260 802 2330 pulorum
832 2261 995 2313 vitam
1028 2273 1443 2328 persequamur,
1469 2260 1558 2329 qui
1587 2258 1639 2313 in
1670 2259 1813 2314 illam
1841 2273 1902 2314 se
1931 2259 2140 2314 laudem

551 2352 870 2418 induerunt,
917 2352 1129 2423 hymnis
1177 2351 1292 2406 dies
1321 2365 1383 2406 ac
1427 2363 1615 2407 noctes
1661 2361 1971 2420 personant.
2017 2349 2144 2408 Hac

553 2461 746 2515 nempe
791 2445 1110 2515 angelorum
1158 2443 1353 2498 militia
1402 2454 1485 2498 est
1522 2457 1740 2514 semper
1779 2459 1901 2499 esse
1947 2443 2000 2498 in
2051 2443 2143 2498 Dei

552 2536 821 2602 laudibus,
849 2537 1184 2592 orationibus
1229 2535 1524 2592 conciliare
1565 2536 1791 2603 crebris,
1824 2545 1987 2606 atque
2015 2551 2146 2592 exo-

553 2645 678 2685 rare
704 2642 725 2668 ο
753 2631 1039 2686 Dominum
1068 2649 1080 2685 :
1111 2631 1327 2686 student
1351 2631 1594 2698 lectioni,
1627 2631 1711 2686 vel
1739 2632 1992 2700 operibus
2016 2647 2147 2686 con-

555 2721 718 2774 tinuis
748 2730 988 2776 mentem
1019 2731 1308 2790 occupant,
1339 2722 1574 2790 separati
1606 2736 1637 2776 a
1663 2731 1806 2777 coetu
1834 2721 2140 2790 mulierutn,

556 2812 654 2867 sibi
689 2813 790 2883 ipsi
839 2813 1070 2868 invicem
1111 2822 1278 2866 tutam
1323 2813 1566 2882 praebent
1604 2811 1927 2869 custodiam.
1957 2811 2146 2880 Qualis

558 2907 673 2960 haec
703 2907 834 2972 vita,
865 2907 918 2960 in
951 2923 1052 2976 qua
1083 2905 1218 2960 nihil
1245 2906 1314 2960 sit
1339 2905 1484 2976 quod
1516 2907 1733 2970 timeas,
1759 2914 1814 2961 et
1837 2905 1979 2975 quod
2024 2905 2145 2960 imi-

553 2997 683 3051 teris
727 2999 1017 3067 plurimttm
1063 2997 1255 3052 adest?
1304 2997 1503 3067 ieiunii
1557 2999 1710 3054 labor
1764 3007 2148 3067 compensatur

2242 1799 2490 1868 imperet.
2533 1799 2598 1853 Et
2638 1798 2894 1868 quoniam
2945 1798 2998 1851 in
3045 1798 3210 1851 veteri
3250 1794 3526 1866 Scriptura
3572 1791 3839 1850 dixerat:

2243 1891 2374 1946 Mihi
2406 1894 2704 1956 vindictam,
2735 1903 2783 1946 et
2825 1909 2916 1963 ego
2955 1891 3229 1945 retribuam
3273 1888 3452 1959 (Deut.
3499 1901 3676 1954 xxxii,
3710 1885 3838 1960 55),

2243 1989 2296 2041 in
2323 1988 2614 2057 Evangelio
2641 1987 2713 2041 ait
2735 1985 3001 2041 orandum
3043 1999 3140 2054 pro
3171 1985 3236 2038 iis
3264 1986 3352 2053 qui
3379 1981 3645 2047 laeserint;
3677 1997 3747 2036 ne
3782 1984 3840 2036 in

2242 2094 2336 2136 eos
2370 2079 2631 2142 vindicet,
2660 2078 2752 2147 qui
2794 2075 3175 2132 vindicandum
3218 2076 3502 2146 promisit:
3533 2077 3646 2128 vult
3686 2075 3842 2128 enim

2243 2190 2307 2228 ex
2360 2183 2448 2226 tua
2498 2172 2774 2227 dimittere
2814 2170 3114 2235 voluntate,
3160 2173 3216 2222 itt
3249 2181 3356 2238 quo
3398 2161 3605 2239 [0&3
3634 2183 3698 2222 ex
3739 2173 3841 2220 sua

2243 2267 2569 2323 convenitur
2601 2265 2984 2335 promissione.
3031 2262 3187 2331 Quod
3231 2263 3277 2317 si
3327 2262 3620 2317 vindictam
3655 2260 3843 2331 requi-

2243 2365 2342 2429 rls,
2377 2361 2543 2417 habes
2565 2361 2690 2431 quia
2713 2360 2945 2430 iniustus
2967 2358 3202 2428 amplius
3242 2358 3355 2413 suis
3387 2359 3605 2428 punitur
3629 2358 3843 2427 Opinio-

2246 2456 2424 2523 nibus,
2454 2465 2616 2525 quam
2640 2454 2942 2524 iudiciariis
2968 2452 3370 2508 severitatihus.

2316 2548 2405 2603 85.
2451 2543 2518 2601 Et
2554 2547 2808 2617 quoniam
2851 2555 3010 2600 nemo
3050 2551 3231 2614 potest
3266 2557 3387 2598 esse
3425 2543 3541 2598 sine
3570 2541 3843 2611 aliquibus

2245 2642 2521 2707 adversis,
2549 2640 2600 2696 id
2628 2653 2879 2711 agamus,
2909 2653 2978 2694 ne
3006 2637 3164 2692 nobis
3188 2634 3216 2672 ιι
3238 2645 3426 2692 nostro
3454 2637 3583 2690 vitio
3614 2634 3840 2689 adversa

2247 2733 2512 2788 accidant.
2558 2732 2728 2786 Nemo
2771 2731 2916 2786 enim
2965 2730 3180 2800 gravius
3229 2730 3407 2784 alieno
3452 2725 3842 2783 condemnatur

2245 2805 2478 2895 iudicio,
2511 2837 2673 2894 quam
2696 2822 2966 2893 insipiens
2995 2835 3126 2887 suo,
3157 2820 3249 2890 qui
3281 2820 3381 2874 sibi
3412 2829 3596 2873 auctor
3619 2825 3700 2871 est
3726 2828 3841 2870 ma-

2247 2921 2440 2974 lorum.
2487 2915 2639 2973 Unde
2679 2916 2907 2972 molesta
2936 2923 2991 2970 et
3018 2916 3177 2984 plena
3208 2913 3569 2968 contentionis
3597 2911 3839 2964 decline-

2249 3027 2366 3067 mus
2396 3013 2608 3081 ncgotia
2629 3050 2643 3074 ,
2679 3025 2800 3079 quae
2841 3023 3015 3078 neque
3045 3007 3276 3061 fructum
3319 3005 3548 3070 habent,
3578 3011 3633 3057 et
3668 3003 3841 3071 impc-

556 3091 751 3144 tneutis
785 3090 1111 3157 placiditate,
1137 3090 1352 3144 levatur
1379 3107 1498 3158 usu,
1533 3099 1864 3146 sustentatur
1891 3091 2026 3154 otio,
2055 3098 2147 3144 aut
2175 3108 2219 3170 ρ
2251 3105 2549 3158 (“monium
2598 3101 2851 3157 anei-um,
2893 3101 3224 3170 Quamquam
3268 3099 3319 3152 id
3356 3107 3514 3166 agere
3541 3096 3800 3150 debemus
3821 3137 3837 3161 ,

558 3179 760 3234 fallitur
796 3181 1053 3249 negotio:
1088 3195 1195 3234 non
1242 3191 1502 3236 oneratur
1531 3180 1721 3237 mundi
1752 3181 2143 3246 sollicitudine,

555 3290 661 3327 non
692 3284 985 3343 occupatur
1014 3275 1208 3329 alienis
1256 3275 1540 3340 molestiis,
1584 3291 1691 3330 non
1726 3284 1946 3346 urgetur
1987 3276 2147 3330 urba-

555 3364 637 3418 nis
665 3365 1018 3420 discursibus.

624 3459 713 3513 85.
757 3458 888 3513 linic
929 3460 1010 3514 vel
1047 3461 1335 3522 servando,
1372 3461 1460 3517 vel
1492 3461 1772 3517 edocendo
1809 3462 2020 3518 muneri
2048 3463 2146 3517 ad-

557 3553 767 3604 vertitis
803 3553 978 3621 qualis
1022 3551 1364 3608 adltibendus
1394 3554 1650 3624 magiSter
1675 3555 1766 3622 sit,
1801 3569 1962 3623 quem
1991 3569 2150 3625 repe-

556 3645 663 3701 rire
706 3661 1017 3716 possumus,
1052 3648 1097 3702 si
1142 3657 1318 3702 vestra
1361 3651 1690 3703 unanimitas
1725 3651 1948 3719 aspiret,
1977 3650 2020 3704 si
2053 3665 2150 3707 vos

557 3739 774 3794 donetis
820 3741 1050 3797 invicem
1097 3741 1248 3797 vobis
1286 3740 1504 3814 (Ep/tes.
1552 3758 1633 3808 tv,
1666 3743 1790 3814 32),
1832 3745 1876 3798 si
1916 3745 2038 3814 quis
2081 3743 2150 3798 ab

555 3831 727 3885 altero
759 3829 869 3887 “se
915 3832 1102 3887 laesum
1157 3841 1328 3903 putat.
1378 3833 1495 3889 Non
1549 3835 1693 3889 enim
1745 3834 1861 3890 haec
1910 3835 2022 3890 sola
2068 3844 2149 3890 est

557 3924 725 3978 forma
749 3924 992 3994 iustitia),
1024 3938 1080 3980 ut
1105 3942 1210 3981 non
1239 3926 1402 3982 laedas
1424 3943 1568 3993 eum,
1592 3928 1680 3998 qui
1712 3938 1764 3983 te
1789 3944 1894 3983 non
1920 3928 2148 3994 laeserit;

559 4017 652 4071 sed
685 4018 846 4072 etiam
877 4019 988 4085 illa,
1023 4029 1080 4073 ut
1106 4020 1268 4074 etiam
1309 4021 1357 4076 ei
1390 4021 1655 4086 remittas,
1688 4022 1777 4091 qui
1831 4031 1882 4076 te
1927 4022 2145 4077 laeserit.

561 4107 830 4164 Lazdimur
862 4111 1177 4181 plerumque
1209 4112 1395 4168 fraude
1424 4113 1673 4179 alterius,
1720 4112 1848 4168 dolo
1877 4113 2106 4184 proximi
2134 4130 2148 4168 :

559 4202 818 4273 numquid
865 4203 966 4258 hoc
1012 4205 1231 4260 virtutis
1273 4215 1544 4274 putamus,
1593 4215 1652 4260 ut
1678 4206 1861 4262 dolum
1900 4206 2027 4262 dolo
2070 4205 2152 4261 ul-

559 4294 850 4358 ciscantur,
895 4294 1139 4350 fraudem
1188 4296 1490 4353 referamus
1519 4297 1831 4352 fraudibus?
1863 4297 2075 4352 Etenim
2105 4297 2150 4353 si

552 4384 760 4454 iustitia
802 4385 973 4439 virtus
1003 4391 1108 4452 est,
1139 4388 1366 4442 crimine
1395 4387 1557 4452 debet
1588 4398 1611 4424 ε
1635 4402 1849 4454 vacare,
1900 4404 2000 4443 nec
2052 4389 2153 4443 itit-

2251 3213 2320 3253 ne
2350 3213 2448 3252 nos
2478 3197 2684 3252 arbitrii
2718 3195 2889 3250 nostri
2921 3191 3212 3263 paeniteat,
3246 3201 3334 3245 aut
3367 3189 3524 3244 iacti:
3560 3185 3840 3258 prudentis

2249 3297 2330 3344 est
2368 3290 2510 3343 enim
2555 3289 2896 3357 prospicere,
2938 3297 3008 3340 ne
3048 3285 3360 3355 frequenter
3407 3296 3528 3338 eum
3582 3281 3839 3352 poeniteat

2250 3383 2370 3447 sui;
2411 3392 2700 3452 numquatn
2729 3381 2872 3435 enim
2917 3380 3179 3449 pcenitere
3217 3376 3385 3433 solius
3422 3385 3505 3432 est
3546 3377 3662 3431 Dei.-
3709 3375 3839 3442 Quis

2250 3479 2380 3531 vero
2414 3475 2638 3545 iustitiae
2680 3474 2884 3528 fructus
2905 3513 2920 3539 ,
2955 3472 3056 3527 nisi
3089 3471 3282 3526 mentis
3311 3468 3708 3535 tranquillitas?
3735 3470 3838 3522 Aut

2250 3567 2378 3638 quid
2401 3561 2486 3622 esi
2509 3566 2658 3636 iuste
2686 3567 2902 3632 vivere,
2934 3564 3036 3619 nisi
3064 3573 3186 3618 cum
3217 3561 3598 3632 tranquillitate
3624 3560 3837 3615 vivere?

2251 3657 2434 3728 Qualis
2473 3659 2643 3714 forma
2684 3658 2844 3712 fuerit
2883 3657 3126 3720 domini,
3169 3655 3288 3710 talis
3329 3655 3496 3709 totius
3535 3655 3730 3708 domus
3757 3661 3840 3707 est

2252 3761 2441 3807 status.
2475 3750 2628 3818 Quod
2657 3750 2700 3803 si
2729 3749 2910 3804 domui
2939 3756 3259 3817 quaeruntur
3285 3747 3388 3802 ista
3407 3787 3419 3811 ,
3449 3755 3649 3816 quanto
3672 3745 3836 3814 magis

2251 3842 2306 3896 iu
2347 3839 2589 3897 Ecclesia
2612 3879 2626 3905 ,
2669 3839 2756 3893 ubi
2791 3849 2838 3893 et
2880 3835 3020 3893 dives
3058 3847 3109 3892 et
3146 3853 3366 3909 pauper,
3398 3851 3572 3891 serrus
3607 3841 3656 3889 et
3691 3835 3834 3901 liber,

2255 3934 2464 3989 Graecus
2508 3943 2554 3986 et
2596 3932 2826 4003 Scytha,
2855 3931 3136 3984 honoratus
3174 3939 3222 3984 et
3266 3927 3525 3998 plebeius,
3568 3941 3741 3980 omnes
3787 3927 3834 3980 in

2254 4026 2458 4082 Christo
2490 4037 2650 4080 unum
2678 4037 2854 4078 sumus
2885 4023 3106 4095 (Colon.
3137 4037 3195 4076 ill
3217 4065 3230 4087 ,
3263 4022 3395 4091 ll)?

2325 4119 2417 4176 86.
2452 4118 2618 4173 Nemo
2649 4126 2972 4187 praesumat,
3003 4115 3126 4184 quia
3158 4114 3306 4169 diVes
3332 4123 3448 4180 est,
3482 4114 3597 4182 plus
3621 4112 3721 4166 sibi
3749 4111 3836 4166 de-

2255 4191 2536 4265 ferendum
2570 4205 2753 4279 (Prov.
2779 4220 2891 4261 xvu
2915 4247 2928 4271 ,
2955 4205 3041 4274 5).
3075 4199 3169 4260 Ille
3197 4212 3281 4260 est
3307 4205 3460 4260 dives
3489 4206 3538 4258 itt
3572 4202 3832 4267 Ecclesia,

2261 4300 2275 4338 ί
2311 4302 2401 4370 qtti
2435 4301 2539 4355 fide
2576 4300 2727 4353 dives
2764 4307 2881 4362 est;
2919 4297 3062 4352 fideli
3091 4298 3236 4352 enim
3270 4306 3415 4351 totus
3453 4296 3682 4350 mundus
3710 4291 3837 4348 divi-

2257 4396 2452 4448 tiarum
2477 4395 2581 4449 est.
2609 4391 2749 4461 Quid
2776 4393 2970 4446 tttirum
3001 4392 3045 4445 si
3080 4391 3338 4445 mundum
3371 4389 3546 4444 ﬁdelis
3575 4386 3833 4457 possidet,

559 4479 880 4547 probitatem
915 4479 1263 4550 improbitate
1309 4481 1578 4536 refellere.
1621 4483 1752 4547 Quae
1800 4482 1945 4537 enim
1984 4483 2154 4538 virtus
2181 4491 2230 4552 Ι)
2255 4487 2346 4558 qui
2377 4484 2617 4557 possidet
2640 4483 2840 4538 Christi
2873 4483 3271 4549 hazreditatem,
3304 4493 3422 4551 qua:
3449 4479 3734 4549 pretiosior
3757 4487 3834 4533 est

558 4569 672 4624 haec
703 4586 731 4624 a
765 4578 819 4625 te
847 4571 981 4636 fieri,
1016 4571 1160 4642 quod
1191 4573 1243 4626 in
1282 4573 1454 4628 altero
1486 4575 1600 4644 ipse
1625 4574 1853 4643 punias?
1883 4573 2146 4646 Contagio

555 4664 654 4717 ista
687 4663 1050 4734 improbitatis
1086 4681 1192 4721 non
1225 4667 1358 4722 ultio
1394 4677 1475 4723 est
1506 4685 1518 4721 :
1549 4668 1681 4724 nihil
1712 4677 1889 4725 autem
1920 4669 2145 4726 interest

631 4858 656 4886 ³
693 4849 850 4904 llum.
895 4850 1028 4906 edit.
1071 4851 1209 4916 sola,
1252 4852 1343 4905 ille
1378 4868 1529 4906 sensu
1573 4860 1746 4906 nostra
1787 4851 2034 4920 pascitur.
2082 4850 2153 4905 At

559 4920 748 4986 eadem
792 4937 914 4976 cum
965 4923 1088 4995 aliis
1125 4937 1230 4977 non
1273 4933 1396 4992 post
1443 4923 1630 4986 multa,
1677 4923 1758 4976 his
1794 4924 1982 4995 jejuna
2019 4922 2152 4976 diu:

562 5006 690 5063 mss.
722 5003 902 5063 autem
930 4994 1216 5063 utrobique
1244 5004 1302 5048 ut
1330 5009 1432 5048 nos
1462 4995 1514 5048 in
1548 5003 1718 5048 textu.

633 5060 659 5099 δ
689 5058 780 5118 Sic
806 5079 998 5118 omnes
1023 5058 1154 5119 edit'.
1186 5081 1248 5119 ac
1279 5082 1407 5120 mss.
1435 5065 1674 5120 nonnulli
1703 5082 1716 5117 :
1745 5063 1835 5119 alii
1877 5077 2006 5118 vero
2037 5062 2153 5131 plu-

561 5148 682 5197 res,
738 5135 902 5189 exitus
959 5137 1240 5189 matutinos
1288 5147 1336 5190 et
1385 5137 1637 5205 carperis:
1688 5135 1905 5205 quidam
1961 5137 2151 5198 etiam,

559 5205 723 5278 exitus
746 5206 979 5259 matutini
1009 5217 1055 5260 et
1085 5222 1290 5278 vespere
1315 5208 1610 5262 delectabis.

636 5287 656 5309 ο
689 5274 888 5330 Omnes
915 5277 1045 5332 edit.
1082 5289 1136 5331 et
1171 5274 1388 5346 quidam
1420 5293 1579 5344 mss,
1615 5276 1897 5332 Dominum
1924 5276 2154 5339 student,

559 5347 792 5419 oratione
819 5349 895 5400 vel
925 5348 1184 5419 operibus.
1216 5359 1320 5403 etc.
1356 5363 1484 5404 mss.
1509 5359 1691 5404 autem
1727 5349 1909 5419 plures
1934 5363 1997 5402 ac
2027 5361 2153 5418 pro-

564 5417 803 5470 batiores
835 5419 1114 5473 nobiscum
1148 5418 1369 5474 faciunt.

631 5485 656 5521 ιλ
691 5487 841 5543 Eras.
887 5499 944 5542 et
991 5506 1104 5559 seq.
1158 5489 1316 5555 edit.,
1365 5506 1418 5542 se
1458 5491 1638 5543 ltesum
1687 5506 1794 5545 non
1836 5499 2014 5560 putat;
2061 5486 2158 5543 sed

561 5556 714 5614 abest
759 5565 976 5633 negatio
1017 5556 1086 5622 ab
1131 5569 1352 5624 Amerb.
1396 5577 1448 5622 et
1492 5567 1698 5622 cunctis
1744 5556 1876 5618 mss.
1909 5575 2009 5615 nec
2037 5574 2158 5614 eam

574 5645 788 5710 quoque
818 5653 1011 5693 sensus
1038 5641 1291 5698 admittit.
1330 5643 1460 5698 Nam
1495 5644 1582 5710 qui
1615 5653 1675 5692 se
1709 5637 1895 5691 laesum
1927 5646 2032 5691 nou,
2061 5636 2158 5706 plt-

570 5705 666 5774 iat,
693 5710 837 5777 quod
863 5710 1019 5786 alteri
1045 5714 1302 5790 remittat,
1327 5715 1458 5772 nihil
1483 5705 1659 5771 habet.

2254 4579 2489 4635 mundo?
2512 4577 2779 4647 Sanguine
2795 4577 3016 4647 pretioso
3035 4575 3281 4644 redeatpti
3301 4573 3419 4627 estis
3441 4572 3481 4644 (l
3503 4569 3643 4625 Petr.
3667 4585 3704 4634 t,
3727 4569 3828 4638 l9).

2255 4672 2506 4726 omnibus
2536 4669 2722 4740 utique
2751 4684 2855 4722 non
2885 4668 3014 4725 solis
3044 4665 3348 4736 pecuniosis
3373 4650 3573 4718 dictum
3601 4669 3703 4716 est.
3735 4659 3832 4715 Sed

2333 4856 2357 4884 θ
2388 4846 2514 4902 Mss.
2545 4845 2773 4915 aliquot,
2802 4859 3003 4906 cacare,
3030 4840 3280 4915 probitate
3299 4837 3674 4915 improbitatem
3693 4837 3834 4904 refel-

2261 4919 2405 4972 lere:
2433 4918 2483 4972 in
2503 4910 2826 4988 quibusdam
2854 4915 3014 4969 etiam
3032 4910 3439 4988 omittiturpo
3471 4910 3736 4988 probitate.

2338 4988 2356 5026 ί
2393 4981 2548 5042 Ποηῖ.
2579 4987 2708 5060 edit.
2730 4987 2874 5060 sola,
2889 4988 3032 5060 justo
3055 4981 3560 5060 uindicandisludio.
3581 4981 3832 5060 (iustorum

2259 5061 2470 5115 videtur
2495 5057 2810 5112 Ambrosius
2832 5050 3005 5110 varias
3029 5067 3243 5113 causas,
3268 5051 3466 5121 quibus
3487 5050 3761 5105 dissidiutn
3787 5051 3832 5101 itt

2259 5131 2500 5186 Ecolesia
2543 5129 2870 5184 Vercellensi
2915 5124 3271 5187 nutriebatur,
3303 5138 3369 5178 ac
3397 5122 3634 5191 episcopi
3679 5127 3836 5174 retar-

2259 5203 2489 5257 dabatur
2513 5199 2730 5264 electio,
2763 5199 2850 5253 hic
2881 5197 3274 5266 perstringere.

2331 5281 2355 5317 Β
2389 5271 2516 5325 Mss.
2569 5259 2803 5339 aliquant
2835 5259 3032 5332 ιιιίιιιὶι
3085 5259 3390 5318 εῆανὶιαεεηι
3434 5261 3684 5332 impleret.
3731 5259 3834 5313 Non

2259 5344 2392 5397 satis
2420 5350 2586 5395 recte.
2621 5359 2624 5362 ·

2332 5410 2360 5448 δ
2398 5410 2600 5466 Omnes
2622 5410 2782 5476 edit.,
2806 5419 2981 5464 nostro
3000 5407 3223 5480 judicio.
3255 5445 3267 5458 .
3297 5443 3311 5459 .
3342 5445 3356 5460 .
3391 5402 3718 5458 condemnari
3757 5417 3837 5464 po-

2266 5494 2398 5546 test;
2428 5481 2634 5549 optime
2661 5497 2792 5535 vero
2825 5480 3216 5548 propemodum
3251 5490 3444 5531 omnes
3474 5489 3606 5529 mss.
3631 5513 3646 5538 ,
3678 5483 3835 5526 nostro

2259 5555 2381 5608 vitio
2413 5587 2428 5604 .
2457 5592 2469 5604 .
2507 5591 2521 5605 .
2553 5591 2564 5603 .
2599 5592 2610 5604 .
2642 5553 3034 5605 condemnatur.

2339 5624 2354 5662 ί
2368 5621 2808 5699 ’ξιεβηᾳεηεσρμ
2833 5638 2984 5699 vero,
3006 5619 3094 5692 qui
3117 5619 3336 5699 pauperi
3355 5633 3461 5699 non
3482 5616 3577 5699 sibi
3598 5615 3733 5668 dim
3752 5619 3830 5666 est.

2265 5692 2329 5754 In
2362 5692 2594 5763 Ecclesia
2625 5694 2797 5768 ﬁdelis
2827 5695 2966 5753 dives
2991 5691 3102 5762 est;
3130 5691 3302 5763 ﬁdelis
3323 5691 3460 5747 enim
3479 5729 3493 5757 ,
3522 5696 3625 5742 etc.
