4076 6172
260 229 411 288 ίέίδ

1467 232 1952 292 εριειτοιιάιιυιι
1991 235 2272 294 ιδιλιδειδ
2313 237 2351 291 Ι.

3427 237 3567 296 1214

254 349 308 402 si
343 347 506 403 vultis
545 347 736 404 divites
774 363 935 414 esse,
969 349 1204 417 sequimi
1240 349 1548 406 dicentem:
1593 350 1774 406 Sancti
1812 355 1865 408 in
1889 360 1941 417 Α
1971 354 2099 424 quid
2119 364 2226 410 non
2247 355 2319 410 sit
2342 357 2730 412 necessarium.
2757 356 2895 423 Quid
2920 356 3207 411 incarnem
3235 358 3564 424 retorqttetis

252 443 401 496 omni
430 443 813 497 conversatione
840 451 996 498 estote
1026 444 1046 514 (
1062 443 1228 507 tm.
1257 442 1382 515 l5);
1415 443 1534 499 Non
1561 444 1696 500 solis
1721 445 1864 502 divi-

254 532 410 588 tibus
440 532 610 599 dicit.
640 535 736 590 sed
769 535 1060 602 omnibusi
1091 535 1216 607 quia
1245 536 1366 591 sine
1393 535 1715 592 discrimine
1745 551 1865 609 per-

253 629 520 681 sonarum
546 626 754 695 judicat
774 659 791 694 ,
824 636 885 682 ut
914 627 1088 682 bonos
1121 629 1276 682 testis
1306 628 1426 698 ejus”
1457 629 1747 698 Apdstolus
1781 630 1865 686 til-

252 719 370 774 cit:
408 720 473 774 Et
501 720 626 775 ideo
655 726 765 776 nun
799 721 851 775 in
883 720 1229 786 remissione,
1261 736 1372 777 non
1402 721 1453 776 in
1487 721 1726 788 fastidio,
1755 738 1864 779 non

257 810 317 864 iu
349 812 685 868 exaltatione
713 812 930 868 cdrdis:
960 813 1059 870 sed
1089 815 1142 868 in
1172 815 1386 878 timore,
1418 813 1624 884 inquit,
1659 814 1757 870 hoc
1783 817 1866 871 itt-

255 904 462 958 colatas
488 907 638 960 vestri
666 914 894 976 tempore
921 908 1298 962 wnrcrsamini
1330 905 1519 979 (Ibidz,
1556 908 1668 980 l1).
1700 908 1864 965 Tem-

256 1015 368 1072 pus
392 1001 681 1071 accepistis
708 1001 807 1056 bae
835 1002 888 1056 in
916 1003 1058 1056 terra
1083 1029 1098 1068 ι
1128 1015 1237 1057 non
1265 1002 1685 1072 perpetuitatem
1713 1018 1728 1058 :
1761 1003 1864 1074 ipsi

257 1103 511 1164 tempore
540 1091 800 1158 utamini,
833 1094 925 1164 qui
953 1095 1144 1148 sciatis
1174 1105 1272 1149 vos
1301 1095 1652 1165 migraturus.

333 1187 423 1244 87.
458 1185 634 1242 Nolite
660 1187 713 1242 in
741 1187 949 1242 diritiis
970 1187 1245 1243 ednfider‘e
1269 1204 1284 1253 ;
1310 1189 1437 1258 quia
1457 1187 1637 1243 otnnia
1659 1187 1750 1242 illa
1775 1185 1864 1244 hic

256 1279 629 1348 relinquatur,
669 1279 784 1334 sola
824 1294 922 1335 vos
957 1279 1307 1335 comitabitur
1353 1279 1509 1334 ﬁdes.
1561 1275 1682 1333 Erit
1731 1291 1864 1334 sane

253 1371 427 1424 etiam
451 1365 660 1441 iustitia
691 1378 916 1439 comes,
950 1373 996 1426 si
1039 1370 1175 1427 lides
1215 1372 1417 1441 praevia
1456 1372 1546 1426 sit.
1588 1365 1728 1438 Quid
1765 1387 1862 1428 vos

258 1461 488 1531 palpent
514 1457 756 1516 divitias?
789 1461 912 1517 Non
948 1473 1075 1517 auro
1101 1462 1180 1516 set
1221 1467 1468 1532 argento,
1500 1475 1607 1517 non
1646 1475 1865 1534 posses-

258 1553 544 1620 sionibus,
587 1568 694 1608 non
733 1554 925 1609 sericis
967 1554 1246 1618 vestibus,
1279 1553 1342 1608 de
1381 1555 1516 1608 sane
1542 1557 1708 1608 rutra
1741 1567 1862 1609 cott-

259 1647 550 1700 uersatione
575 1646 823 1716 redempti
841 1647 963 1700 estis
979 1661 998 1700 :
1028 1647 1116 1700 sed
1142 1646 1366 1717 pretioso
1392 1647 1644 1718 sanguine
1668 1644 1860 1700 Christi

1967 445 2427 503 excusationem?
2461 460 2480 486 ο
2516 448 2632 504 Non
2663 448 2911 518 corporis
2945 456 3134 503 venter
3167 447 3566 514 insatiabilem,

1965 538 2061 594 sed
2090 538 2290 593 tite‘hlis
2318 539 2543 595 avaritia
2577 541 2723 596 facit.
2754 541 3023 612 Numquid
3053 556 3182 596 caro
3207 547 3357 609 spent
3402 541 3565 598 futuri

1965 629 2235 684 abstulit?
2266 631 2536 700 Numquid
2564 644 2691 686 caro
2725 633 2990 701 spiritalis
3019 633 3208 702 gratia:
3239 632 3564 688 suavitatem

1965 718 2212 776 ademit?
2245 720 2518 793 Numquid
2551 737 2680 776 caro
2726 721 2883 778 fidem
2929 722 3258 792 impedivit?
3296 723 3565 792 Numquid

1964 817 2093 868 caro
2124 813 2326 884 aliquid
2361 823 2633 884 tamquam
2678 814 2894 870 furiosis
2937 815 3207 879 dominis,
3251 815 3401 868 vanis
3448 814 3566 884 opi-

1965 905 2220 961 nionibus
2267 905 2644 976 adiudicavit?
2694 906 2821 961 Pius
2865 917 3010 961 amat
3054 921 3183 962 caro
3226 906 3562 962 moderatam

1966 996 2366 1068 frugalitatem,
2410 1007 2516 1069 qua
2554 998 2773 1054 exuitur
2809 1007 3010 1064 onere,
3044 999 3292 1055 induitur
3333 999 3568 1054 salubri—

1965 1097 2106 1156 tate;
2139 1090 2262 1159 quia
2289 1091 2712 1146 sollicitudinem
2741 1091 2965 1162 deponit
2991 1131 3003 1157 ,
3038 1093 3278 1148 assumit
3297 1092 3559 1162 tranquil-

1965 1182 2191 1239 litalctn.

2035 1274 2126 1329 99.
2167 1274 2273 1330 sed
2323 1279 2423 1331 nec
2467 1277 2599 1347 ipsa:
2646 1277 2853 1332 divitia:
2881 1277 3289 1349 vituperabiies.
3319 1278 3562 1347 Deniqtle

1961 1365 2249 1434 redemptio
2279 1367 2470 1423 animi:
2495 1369 2593 1422 viri
2615 1409 2629 1435 ,
2663 1366 2858 1423 divitite
2902 1365 3014 1440 ejus
3055 1370 3072 1437 (
3104 1367 3262 1424 Prov.
3291 1384 3418 1436 χιιι,
3446 1369 3560 1440 8);

1960 1460 2216 1528 quoniam
2264 1460 2354 1530 qui
2399 1462 2617 1531 pauperi
2671 1463 2837 1516 donat
2869 1461 3084 1516 redimit
3123 1462 3354 1516 animam
3384 1476 3561 1517 suam.

1961 1549 2058 1604 Est
2099 1565 2230 1621 ergo
2267 1559 2323 1606 et
2363 1551 2446 1605 his
2489 1551 2860 1607 maleiiaiibus
2899 1552 3110 1608 divitiis
3150 1554 3332 1608 virtuti
3383 1554 3559 1609 locus.

1959 1643 2122 1711 Quasi
2145 1644 2534 1714 gubernatores
2555 1648 2686 1700 estis
2710 1647 2762 1701 in
2791 1661 2986 1718 magno
3015 1651 3169 1702 mari.
3200 1650 3256 1703 Si
3280 1650 3400 1718 quis
3424 1647 3559 1705 bene

256 1736 387 1793 Jun
414 1740 434 1811 (
459 1737 624 1806 lbid.,
653 1735 738 1804 l8,
768 1735 899 1808 l9).
933 1735 1028 1793 ille
1054 1741 1186 1809 ergo
1211 1735 1364 1794 dives
1401 1747 1483 1793 est
1503 1781 1518 1806 ,
1561 1738 1651 1810 qui
1694 1738 1857 1794 fuerit
1887 1731 1932 1792 Β
1959 1737 2224 1806 gubernat
2248 1748 2405 1792 suum
2433 1738 2733 1808 navigium,
2756 1739 2867 1794 cito
2890 1742 3083 1794 transit
3109 1741 3334 1804 fretum,
3361 1754 3417 1795 ιιι
3442 1756 3562 1810 per-

258 1830 439 1886 ltzeres
461 1830 594 1897 Dei,
623 1828 826 1884 Christi
857 1829 1122 1885 coheres.
1149 1829 1266 1884 Nuii
1296 1838 1587 1900 pauperem
1616 1838 1858 1886 contem-

257 1925 392 1976 nere
415 1963 429 1986 ,
461 1921 555 1978 ille
585 1930 636 1976 te
669 1920 891 1976 divitem
933 1919 1080 1978 fecit.
1124 1920 1244 1976 Noli
1285 1932 1533 1993 egentem
1573 1921 1854 1978 fastidire:

257 2013 370 2068 1m
395 2015 592 2082 pdbpér
614 2012 889 2080 clamavit,
916 2017 963 2068 et
989 2012 1240 2068 Dominus
1260 2014 1519 2068 exaudivit
1539 2026 1657 2069 eum
1680 2011 1852 2084 (Paul.

261 2118 436 2160 sum
457 2131 471 2170 4
495 2103 574 2175 ϐ).
604 2103 726 2159 Noli
754 2105 970 2175 inopem
1001 2103 1246 2162 refutare
1271 2123 1283 2158 :
1312 2114 1339 2143 ι
1366 2114 1425 2160 et
1449 2103 1702 2160 Christus
1729 2117 1858 2174 puu-

255 2213 358 2270 per
381 2196 554 2253 factus
575 2207 660 2253 est
681 2239 696 2264 ,
726 2213 847 2253 cum
873 2198 1027 2255 dives
1054 2209 1242 2257 esset:
1275 2198 1370 2255 sed
1402 2208 1625 2269 propter
1647 2208 1702 2256 te
1726 2207 1856 2270 pau-

254 2307 357 2364 per
380 2293 551 2348 factus
577 2302 695 2357 est;
727 2301 784 2348 ut
812 2301 865 2348 te
893 2293 1076 2365 inopia
1102 2302 1198 2349 sua
1226 2293 1448 2350 divitem
1477 2293 1708 2348 faceret.
1737 2292 1857 2350 Noli

252 2384 411 2452 quasi
458 2383 615 2439 diVes
660 2393 713 2440 te
749 2384 1002 2440 attollere
1049 2401 1062 2437 :
1105 2385 1222 2440 sine
1264 2385 1494 2456 pecunia
1535 2385 1680 2441 misit
1720 2393 1855 2454 apo-

251 2475 429 2530 stolos
450 2475 600 2529 suos.

327 2569 420 2625 88;
454 2568 698 2639 Denique
730 2569 936 2639 primus
964 2569 1152 2626 eorum
1178 2569 1350 2625 dixit:
1382 2573 1662 2642 Argentum
1687 2580 1734 2625 et
1757 2583 1854 2626 mt-

252 2645 370 2716 riuit
399 2675 500 2716 non
526 2661 691 2717 habeo
720 2661 858 2732 (Act.
884 2676 974 2727 tu,
1007 2660 1085 2732 ϐ).
1121 2661 1402 2718 Gloriatur
1432 2664 1483 2718 in
1517 2661 1854 2734 paupertate,

252 2755 412 2824 quasi
440 2754 672 2826 refugiat
709 2754 1254 2811 centaminationem.
1293 2755 1613 2828 Argentum;
1646 2756 1852 2826 inquit,

254 2855 302 2901 et
343 2861 528 2901 astrum
554 2846 582 2885 ι)
612 2859 715 2902 non
761 2846 968 2902 habeo:
1009 2858 1154 2912 non;
1202 2863 1396 2902 aurum
1443 2859 1498 2903 et
1547 2849 1853 2918 argentum.

255 2935 436 2992 Nescit
458 2938 742 3004 ordinem,
771 2937 861 3008 qui
891 2939 1066 2994 nescit
1089 2953 1270 2995 usum.
1293 2940 1575 3011 Argentum
1597 2947 1646 2993 ct
1672 2943 1858 2993 nitrum

1962 1826 2144 1886 venisl
2191 1829 2259 1885 ad
2305 1840 2564 1901 portum:
2605 1833 2696 1901 qui
2738 1842 2918 1888 autem
2961 1835 3136 1889 nescit
3176 1849 3365 1906 regere
3403 1848 3557 1890 suum

1958 1934 2225 1987 censum,
2269 1933 2438 1977 onere
2477 1937 2579 1977 suo
2621 1926 2904 1994 mergitur.
2953 1925 3079 1981 Ideo
3127 1928 3389 1996 scriptum
3437 1935 3554 1981 est:

1961 2012 2232 2068 Possessio
2259 2015 2472 2067 diuitum
2500 2015 2675 2068 civitas
2703 2016 3002 2083 ﬁrmissima
3029 2015 3210 2087 (Prov.
3241 2032 3304 2083 ι,
3332 2018 3445 2088 15).

2031 2104 2120 2160 93.
2152 2106 2284 2170 Quae
2313 2114 2397 2159 est
2426 2105 2564 2168 ista,
2605 2106 2708 2159 nisi
2745 2105 3082 2163 Hierusalem
3109 2151 3124 2173 ,
3163 2123 3284 2178 qure
3327 2110 3378 2164 in
3415 2110 3557 2166 coelo

1959 2197 2076 2260 esi,
2113 2196 2164 2249 in
2209 2206 2311 2264 qua
2344 2210 2571 2264 regnum
2600 2208 2683 2250 est
2724 2196 2863 2251 Dei?
2907 2199 3055 2253 Bona
3099 2198 3212 2254 haec
3251 2202 3560 2269 possessio,

1957 2297 2079 2355 quae
2113 2285 2324 2340 fructus
2363 2287 2659 2356 perpetuos
2699 2287 2848 2344 facit.
2889 2289 3034 2344 Bona
3079 2295 3390 2360 possessio,
3433 2307 3554 2362 qum

1961 2392 2067 2431 non
2099 2376 2187 2433 hic
2214 2379 2559 2448 relinquitur,
2590 2378 2685 2434 sed
2716 2376 2829 2434 illic
2857 2382 3185 2450 possidetur.
3218 2384 3274 2437 ιιι
3309 2383 3409 2439 hac
3438 2397 3560 2453 pus-

1957 2469 2204 2525 sessiode
2227 2469 2317 2540 qui
2345 2471 2540 2536 fuerit,
2564 2469 2693 2526 dicit
2719 2489 2734 2525 :
2762 2470 2944 2527 Porlio
2971 2489 3081 2527 mea
3105 2472 3360 2529 Dominus
3384 2474 3555 2545 (Paul.

1957 2577 2119 2617 cxvttt
2141 2603 2155 2626 ,
2185 2561 2301 2633 94).
2335 2563 2451 2618 Non
2481 2563 2652 2619 dicit:
2687 2565 2871 2620 Portio
2901 2581 3019 2622 mea
3051 2568 3119 2622 ah
3148 2568 3256 2623 illis
3287 2569 3456 2638 usque
3487 2571 3582 2625 ad'

1958 2656 2080 2711 illos
2110 2666 2358 2726 porrecta
2388 2667 2444 2712 et
2469 2657 2663 2713 diffusa
2698 2659 2978 2715 terminos.
3021 2661 3140 2716 Non
3171 2659 3299 2717 dicit
3327 2678 3339 2716 :
3376 2658 3561 2722 Portio

1957 2763 2075 2804 mea
2115 2751 2258 2805 inter
2294 2751 2417 2805 illos
2457 2753 2694 2820 vicinos,
2735 2753 2836 2808 nisi
2879 2753 3017 2810 forte
3067 2760 3209 2810 inter
3246 2759 3557 2823 aposwios,

1957 2841 2103 2896 inter
2125 2843 2446 2912 prophetas,
2479 2844 2620 2899 inter
2644 2855 2864 2901 sanctos
2894 2848 3102 2903 Domini
3129 2866 3142 2913 ;
3172 2849 3290 2906 inec
3312 2857 3395 2906 est
3415 2851 3559 2907 enim

1951 2932 2102 3002 justo
2130 2933 2328 3002 portio.
2359 2933 2476 2989 Neu
2508 2935 2673 2990 dicit:
2703 2935 2890 2991 Portio
2921 2949 3039 2993 mea
3069 2941 3122 2994 tu
3148 2941 3338 3010 pratis,
3367 2955 3473 2995 non
3503 2941 3559 2996 ln

251 3039 354 3083 non
379 3029 539 3084 habe.
559 3059 573 3097 ς
597 3031 696 3087 sed
727 3029 885 3087 ﬁdem
917 3029 1114 3087 haben,
1139 3031 1283 3087 Salis
1309 3032 1460 3087 dives
1489 3046 1611 3087 sum
1898 3103 1910 3104 γ
1956 3023 2110 3079 silvis
2130 3066 2144 3090 ,
2174 3025 2279 3079 ιιὺιι
2309 3027 2362 3081 in
2390 3029 2632 3096 eampis;
2663 3027 2766 3083 nisi
2798 3025 2936 3084 forte
2965 3031 3016 3084 lh
3045 3032 3251 3101 campis
3281 3032 3430 3087 silvae
3454 3075 3466 3089 .
3502 3034 3556 3088 in

255 3123 310 3176 in
336 3122 555 3177 nomine
576 3122 704 3178 ,σθω
724 3161 739 3188 ,
762 3123 906 3193 qugd
929 3136 1093 3192 “per
1114 3138 1277 3178 οιπηε
1301 3139 1498 3178 nomen
1519 3133 1603 3178 εει
1622 3103 1848 3193 (Mair:
1878 3103 1924 3164 C
1955 3117 2150 3186 quibus
2175 3117 2447 3173 invehitur
2476 3117 2717 3174 Ecclesia
2745 3163 2760 3185 ,
2792 3121 2859 3176 dc
2883 3133 2989 3191 qua
3018 3124 3282 3192 scriptum
3313 3135 3396 3179 est
3421 3143 3434 3180 :
3461 3123 3559 3180 In-

252 3223 325 3279 ιι,
356 3215 436 3285 9).
471 3217 771 3285 Argentum
817 3231 924 3270 non
967 3215 1144 3270 habeo
1165 3256 1181 3281 ,
1210 3215 1309 3271 sed
1339 3217 1442 3271 nec
1471 3218 1727 3285 requiro;
1760 3233 1854 3271 att-

252 3323 374 3362 rutn
404 3322 510 3362 non
543 3305 753 3373 habeo,
782 3306 877 3361 sed
902 3311 1001 3361 nec
1045 3307 1302 3362 desidero
1328 3309 1342 3360 ἑ
1373 3307 1466 3363 sed
1499 3307 1674 3362 habeo
1709 3308 1855 3378 qubd

255 3413 353 3452 vos
377 3399 575 3452 divites
601 3412 709 3452 non
732 3395 965 3463 habetis,
987 3397 1164 3452 habeo
1191 3397 1332 3468 quod
1359 3398 1525 3468 pluris
1545 3409 1668 3454 esse
1689 3400 1852 3454 etiam

256 3506 350 3546 vos
379 3491 757 3557 arbitremini,
791 3500 846 3546 et
875 3491 1020 3546 dono
1051 3491 1418 3562 pauperibus;
1463 3500 1519 3545 ut
1548 3492 1598 3545 in
1633 3493 1856 3548 nomine

253 3585 381 3639 .lestt
420 3585 636 3640 dicam:
665 3582 1047 3650 Consalcscite,
1080 3585 1262 3639 monita
1290 3585 1558 3650 militare,
1600 3584 1648 3638 el
1687 3590 1855 3657 prima

255 3677 506 3730 dissoluta
535 3674 726 3748 (Esdt'.
752 3679 924 3742 uss,
949 3677 984 3733 ὃ
1001 3678 1043 3747 )t

324 3769 414 3823 89.
433 3765 541 3822 Sed
560 3771 604 3822 si
632 3767 792 3823 vultis
813 3768 1008 3823 divites
1030 3768 1171 3834 esse;
1195 3775 1369 3823 estote
1395 3769 1680 3838 pauperes.
1703 3763 1856 3826 Ttlitc

259 3858 413 3913 eritis
443 3861 537 3927 per
558 3859 738 3913 Omnia
761 3858 992 3922 divites;
1023 3859 1069 3914 si
1095 3858 1304 3915 fueritis
1335 3867 1602 3929 pauperes
1627 3860 1853 3931 spiritu:

257 3951 369 4007 Non
401 3965 599 4008 census
629 3953 881 4018 divitem,
915 3951 1010 4008 sed
1037 3953 1252 4008 animus
1281 3952 1410 4009 facit
1438 3953 1654 4025 (Matth.
1685 3965 1738 4020 v,-
1772 3955 1851 4026 5).

328 4043 418 4100 90.
461 4043 598 4099 Sunt
634 4045 726 4114 qui
764 4059 825 4100 se
863 4044 1153 4100 humiliant
1190 4048 1244 4101 in
1284 4045 1470 4102 multis
1521 4045 1760 4114 divitiis,
1799 4057 1857 4104 et

258 4145 405 4192 recte
425 4173 440 4202 ,
483 4149 547 4192 ac
587 4135 886 4207 prudenter
911 4151 928 4202 ι
960 4136 1092 4192 satis
1118 4135 1263 4194 enim
1293 4137 1445 4194 di'ves
1474 4138 1728 4195 omnibus
1757 4153 1854 4195 na-

258 4237 392 4283 tura!
423 4227 509 4282 lea
537 4237 656 4292 est;
687 4229 772 4282 cui
802 4228 912 4283 cito
940 4229 1218 4294 invenias,
1247 4229 1393 4300 quod
1421 4230 1701 4286 abundet:
1751 4239 1855 4285 clt-

259 4319 571 4390 piditatibos
590 4318 772 4376 autem
795 4320 973 4375 omnis
989 4320 1299 4377 divitiarum
1322 4319 1651 4377 abundantia
1675 4323 1856 4392 inopia

256 4421 357 4467 est.
385 4411 626 4483 Denique
654 4424 816 4468 nemo
839 4413 1043 4484 pauper
1068 4413 1328 4482 nascitur,
1351 4413 1448 4471 sed
1473 4411 1552 4470 lit.
1582 4415 1698 4471 Non
1725 4424 1856 4486 ergo

1957 3209 2188 3264 venimus
2216 3221 2327 3264 eam
2359 3214 2410 3265 in
2438 3213 2633 3282 cantpis
2662 3206 2807 3268 silva:
2849 3215 2866 3284 (
2897 3213 3044 3270 Psal.
3074 3223 3268 3280 cxxtt,
3298 3217 3330 3270 6
3357 3217 3397 3287 ).
3443 3215 3560 3273 Non

1957 3299 2124 3355 dicit:
2169 3300 2356 3356 Portio
2395 3317 2512 3358 mea
2557 3303 2752 3374 greges
2793 3315 3099 3374 equordm:
3147 3306 3375 3361 Mendax
3413 3308 3558 3364 enim

1957 3407 2115 3460 equus
2141 3391 2209 3445 ad
2235 3394 2452 3447 salutem
2482 3393 2653 3466 (Paul.
2679 3407 2827 3450 xxx"
2847 3437 2860 3461 ,
2890 3396 3002 3467 Π).
3033 3397 3148 3452 Non
3176 3398 3308 3452 dicit
3335 3416 3346 3451 :
3377 3395 3563 3454 Portio

1959 3499 2075 3541 mea
2103 3487 2350 3542 tit-thensa
2379 3485 2540 3544 boum
2563 3531 2577 3553 ,
2612 3490 2822 3563 1055
2849 3492 3020 3558 asini,
3064 3507 3230 3558 oves;
3274 3495 3375 3547 ttisi
3419 3493 3561 3550 forte

1957 3578 2098 3633 inter
2118 3580 2204 3633 ilia
2227 3585 2288 3635 se
2311 3592 2562 3637 numerat
2583 3589 2852 3646 armenta,
2879 3588 3000 3652 qua!
3024 3595 3324 3653 agnoscunt
3349 3595 3562 3653 posses-

1958 3669 2137 3726 soi‘ehl
2167 3684 2325 3728 suum
2352 3691 2364 3726 :
2389 3683 2445 3729 ct
2473 3675 2524 3727 in
2553 3674 2642 3727 illa
2667 3678 2816 3727 asina
2845 3675 2956 3727 ‘vult
2982 3676 3315 3729 consortium
3343 3675 3564 3742 habere,

1957 3773 2077 3832 quae
2103 3772 2209 3818 non
2238 3764 2432 3833 refugit
2461 3775 2707 3834 prmsepc
2731 3762 2934 3818 Christi
2968 3763 3136 3834 (Esoi.
3165 3779 3214 3829 ι,
3245 3767 3302 3836 5)
3331 3786 3342 3818 ;
3388 3763 3441 3820 et
3478 3768 3563 3822 illa

1957 3855 2075 3908 ovis
2101 3853 2206 3908 sibi
2236 3856 2415 3922 portio
2441 3863 2560 3922 est,
2593 3865 2715 3924 qua
2743 3854 2807 3909 ad
2835 3855 3225 3909 immolandum
3254 3857 3412 3910 ducta
3443 3867 3526 3910 eat
3546 3901 3560 3923 ,

1957 3952 2010 4000 et
2033 3943 2128 3999 ille
2153 3945 2329 4016 Agulttl
2351 3953 2526 4022 coram
2548 3947 2791 4000 tondente
2810 3947 2922 4000 sine
2946 3961 3063 4000 voce
3084 3983 3097 4008 ,
3121 3949 3209 4017 qui
3233 3955 3334 4002 iton
3357 3951 3564 4017 oprtuit

1957 4051 2014 4094 os
2039 4040 2186 4094 tuum
2213 4038 2393 4110 (Emi.
2419 4051 2541 4105 Llil,
2569 4036 2671 4111 7);
2701 4039 2857 4109 cuius
2886 4040 2936 4094 in
2966 4039 3272 4096 humilitate
3295 4040 3561 4112 judiCium

1956 4133 2254 4188 exaltatum
2295 4137 2398 4187 est.
2445 4132 2591 4187 Bene
2633 4130 2959 4186 ait:Corum
2991 4133 3256 4201 tondente,
3304 4137 3428 4204 quia
3471 4137 3565 4190 su-

1959 4222 2198 4295 pertica,
2227 4224 2332 4279 hb'n
2359 4226 2577 4295 propria
2605 4225 2656 4279 in
2687 4224 2774 4278 illa
2802 4223 3053 4295 deposuit
3081 4233 3246 4281 cruce
3271 4245 3282 4278 :
3314 4227 3407 4296 qui
3435 4243 3562 4281 cor-

1962 4313 2058 4386 ptis
2088 4316 2273 4381 esuit,
2303 4321 2412 4370 non
2441 4315 2783 4371 divinitdtem
2803 4318 3016 4372 amisit.

2031 4409 2121 4467 94-.
2151 4409 2266 4464 Non
2299 4409 2624 4479 quicumque
2649 4408 2675 4446 ἀ
2705 4417 2836 4481 ergo
2861 4408 3042 4465 dicit:
3078 4409 3258 4465 Portio
3299 4425 3412 4464 mea
3445 4408 3558 4463 Do-

261 4511 464 4560 naturse
505 4513 829 4574 paupertas,
872 4483 967 4561 sed
1007 4503 1281 4574 opinionis
1322 4513 1436 4574 est;
1478 4506 1707 4578 ideoque
1744 4483 1854 4562 cllo
1881 4483 1935 4544 Β
1961 4505 2146 4558 minus.
2178 4501 2295 4558 Non
2327 4501 2521 4557 avarus
2549 4502 2719 4569 dicit;
2750 4502 2874 4573 quia
2904 4505 3052 4558 venit
3090 4504 3314 4558 avaritia
3335 4545 3349 4567 ,
3379 4514 3452 4556 et.
3474 4501 3560 4556 di-

265 4597 531 4653 invenitur
560 4595 716 4655 dives
745 4601 984 4662 naturae,
1025 4592 1248 4653 difficile
1289 4589 1590 4670 cupiditati.
1639 4599 1853 4654 Etenim

261 4695 363 4758 quo
390 4689 510 4760 plus
534 4689 904 4761 unusquisque
928 4690 1273 4760 nequiuerit;
1303 4693 1424 4761 plus
1449 4693 1592 4760 sitit;
1621 4694 1675 4748 et
1697 4691 1853 4763 quasi

258 4779 484 4850 quadam
515 4780 811 4838 inardescit
837 4781 1102 4838 ebrietate
1131 4783 1486 4853 cupiditatum
1513 4784 1756 4840 suarum.

326 4870 416 4925 91.
447 4872 586 4938 Quid
613 4872 768 4943 quasi
801 4873 1167 4928 necessarium
1197 4875 1441 4946 quteritis
1467 4877 1744 4932 cumulum
1771 4876 1855 4931 di-

261 4957 545 5016 vitiaruml
583 4949 723 5016 Nihil
753 4959 864 5018 ta't'n
895 4952 1263 5021 necessarium
1286 5005 1300 5033 ,
1335 4963 1497 5036 quain
1525 4963 1854 5037 ceguo’s'cere

327 5151 352 5178 ι
401 5140 546 5196 Edit.
597 5139 820 5216 Amerb.
868 5151 1031 5214 atque
1064 5144 1258 5216 (Erae,
1300 5153 1349 5197 et
1387 5137 1622 5216 Christus
1660 5155 1854 5216 panper

261 5215 424 5283 facta:
451 5222 528 5267 est
549 5254 562 5273 .
593 5223 651 5267 ttt
680 5223 728 5268 te
756 5211 964 5285 inopia,
996 5215 1104 5270 etc.
1141 5215 1339 5279 Rdm.,
1369 5211 1417 5268 ei
1447 5211 1686 5269 Christus
1723 5211 1846 5286 pro-

261 5293 366 5353 pter
386 5294 434 5356 lg
456 5300 652 5356 pauper
677 5289 845 5355 factus
866 5295 978 5352 est;
1002 5302 1122 5339 cum
1146 5294 1278 5340 esset
1300 5286 1478 5356 dives:
1504 5293 1559 5338 lu
1580 5287 1851 5356 “inopia,

259 5351 357 5409 etc.
389 5351 524 5411 Gi’ll.
562 5351 749 5411 autem
787 5366 842 5411 et
883 5351 1014 5410 ttlss.
1047 5358 1257 5427 optime
1298 5355 1478 5412 locum
1519 5351 1852 5425 restituunt,

263 5433 315 5479 ιιι
329 5429 680 5497 incorpore.

327 5495 353 5534 δ
394 5496 490 5553 Sic
523 5490 658 5572 inss.
682 5505 889 5572 magno
921 5505 1197 5572 numero:
1227 5498 1362 5554 edit:
1406 5509 1589 5555 autem
1631 5490 1854 5572 8il_.i_.pac

262 5567 440 5642 liotn.~,
471 5583 574 5642 non
604 5566 800 5623 Italico.
822 5569 1024 5642 Aurum
1054 5571 1398 5642 ct‘dryetttttm
1428 5572 1586 5627 nam
1627 5569 1812 5624 ordine
1835 5609 1852 5634 ,

263 5641 343 5711 qui
373 5632 532 5698 nescit
561 5657 703 5698 usu:
736 5647 795 5711 at
835 5640 886 5697 in
930 5639 1156 5699 Amerb.
1191 5632 1264 5698 is
1306 5632 1461 5702 Βιιι.
1499 5645 1602 5703 περ
1643 5647 1751 5701 non
1796 5632 1849 5700 iu

267 5709 389 5786 inst.
423 5713 749 5789 quibusdam
783 5709 978 5771 lacuna
1007 5722 1109 5772 est.

1959 4597 2071 4652 cit:
2115 4595 2227 4651 Mea
2271 4597 2450 4666 portio
2490 4608 2587 4662 es,
2628 4609 2729 4666 ego
2771 4604 2824 4650 te
2863 4596 3140 4650 subditum
3183 4595 3386 4661 habui,
3428 4593 3563 4649 mihi

1957 4689 2175 4745 servisti
2200 4732 2212 4752 ,
2248 4689 2378 4743 mihi
2413 4695 2464 4744 te
2494 4689 2547 4743 lh
2591 4689 2683 4742 iiiu
2713 4695 2849 4744 aur‘o
2885 4689 3180 4744 vendidisti
3204 4731 3217 4752 ,
3251 4689 3384 4742 ntilti
3417 4695 3472 4742 te
3505 4688 3561 4743 in

1959 4782 2048 4836 illa
2093 4783 2439 4851 possessione
2478 4779 2830 4852 adiudicasti.
2873 4783 2990 4837 Non
3032 4783 3162 4837 dicit
3204 4783 3558 4836 lusuriosus:

1958 4873 2146 4929 Portio
2186 4889 2306 4929 mea
2344 4873 2633 4939 Christus;
2676 4874 2800 4944 quia
2830 4876 2981 4930 venit
3020 4875 3228 4930 luxuria
3254 4917 3268 4941 ,
3301 4883 3356 4928 et
3380 4873 3514 4934 dicit
3543 4891 3556 4927 :

1957 4967 2073 5022 Mea
2118 4969 2295 5036 portio
2333 4965 2393 5022 es
2415 5009 2430 5034 ,
2467 4979 2571 5038 ego
2605 4977 2660 5023 te
2691 4967 2744 5023 in
2779 4967 2876 5022 illo
2907 4967 3040 5022 mihi
3081 4966 3388 5039 mahcipavi
3421 4983 3556 5022 cou—

2037 5156 2059 5218 ξ
2099 5143 2286 5218 Codex
2315 5144 2470 5218 Goib;
2507 5158 2679 5210 unus,
2714 5145 2837 5199 Non
2866 5146 3097 5218 corporis
3125 5162 3275 5199 cura.

2029 5213 2056 5252 ά
2097 5217 2368 5284 Quidquid
2404 5217 2506 5271 hoc
2537 5227 2591 5270 et
2633 5231 2750 5284 seq.
2789 5213 3194 5278 numfdicitur,
3230 5226 3434 5270 tantam
3475 5217 3558 5270 af-

1964 5288 2230 5342 llttilatetu
2263 5287 2430 5341 habet
2461 5298 2581 5340 cum
2615 5287 2955 5356 expositione
2987 5287 3147 5355 hujus
3186 5287 3356 5353 ipsius
3387 5291 3558 5342 versi-

1961 5357 2069 5412 cliii
2116 5357 2294 5412 Serm.
2345 5357 2414 5411 l2
2462 5357 2513 5411 ιιι
2563 5357 2708 5411 Psai.
2745 5369 2946 5422 cxvm,
2990 5373 3141 5410 num.
3174 5359 3242 5412 58
3267 5369 3322 5412 et
3351 5357 3421 5412 39
3445 5397 3458 5421 ,
3495 5369 3554 5413 ιιι

1961 5428 2145 5496 negari
2174 5437 2408 5496 nequeat
2436 5427 2576 5482 idem
2608 5430 2695 5481 hic
2725 5427 2922 5481 factum
2952 5428 3021 5480 ab
3050 5427 3343 5482 Ambrosio
3363 5463 3377 5492 ,
3408 5430 3552 5496 quod

1959 5500 2008 5553 ei
2035 5493 2280 5565 subinde
2321 5511 2420 5551 usu
2464 5498 2649 5553 venire
2689 5499 2834 5566 stt-pe
2875 5498 3244 5562 advertimus;
3290 5493 3547 5553 nimirum

1958 5567 2512 5641 ipsontquae‘aiirttbi
2543 5567 2828 5641 commode
2853 5585 2881 5622 a
2909 5585 2967 5624 se
2996 5578 3222 5623 tractata
3255 5571 3550 5624 arbitrare-

1957 5637 2066 5704 tur.
2099 5639 2207 5695 alio
2237 5637 2403 5696 etiam
2435 5639 2535 5713 pre
2565 5652 2625 5696 re
2653 5637 2779 5697 usta
2819 5649 2874 5697 et
2902 5648 3224 5715 argumento
3254 5641 3552 5702 transferre

1957 5710 2329 5768 consuevisse.

1956 5717 2308 5771 consuevisse
2317 5750 2329 5766 .
