4092 6190
525 170 672 234 “is
1856 167 2103 225 SANCTI
2142 166 2464 224 AMBROSII
3685 167 3853 226 1216

528 286 712 353 vivio,
751 284 860 340 illis
893 291 947 338 te
981 282 1101 352 cepi
1132 280 1417 351 epularum
1458 279 1665 336 retibus
1685 321 1700 345 ,
1746 293 1846 350 ego
1879 287 1931 333 te
1967 277 2117 333 addi-
2147 284 2197 343 Α
2225 277 2546 349 pervenire;
2579 290 2645 331 ne
2672 275 2989 345 subjaceant
3014 274 3219 331 diutius
3245 277 3525 332 seniorum
3553 277 3801 332 arbitrio
3832 295 3847 329 :

528 386 678 435 ctum
711 386 872 431 teneo
899 373 1040 445 gula:
1074 381 1181 427 tute
1217 371 1607 442 chirographo.
1639 372 1720 426 An
1750 370 1969 440 ignoras
1995 369 2123 438 quia
2223 378 2348 424 sunt
2377 368 2539 425 etiam
2571 381 2730 423 senes
2752 408 2766 431 ,
2800 368 2890 437 qui
2920 368 3121 433 velint,
3156 368 3200 422 si
3235 369 3475 437 possint,
3519 369 3587 423 ad
3621 367 3843 438 juven—

535 471 758 526 charius
786 468 886 522 fuit
917 480 1118 523 mensa:
1149 475 1252 521 tua:
1283 481 1444 536 quam
1477 466 1598 520 vita:
1631 464 1900 534 pretium?
1925 463 2040 517 Tuo
2071 471 2124 517 te
2227 471 2393 517 lutem
2419 461 2614 517 redire.
2641 461 2882 527 Quorum
2906 460 3144 515 studiutn
3173 469 3423 516 neutrum
3458 461 3664 530 probo;
3699 462 3848 529 quia

528 560 738 632 judicio
777 559 1043 615 revinco:
1083 573 1218 628 nega
1245 599 1259 623 ,
1300 558 1345 612 si
1385 567 1575 628 potes,
1624 556 1720 612 sed
1767 570 1966 626 negare
2016 569 2123 608 non
2223 555 2457 624 juvenes
2497 553 2762 609 fastidiosi
2805 553 3155 623 praesentium
3180 596 3194 619 ,
3227 555 3380 624 quasi
3413 554 3604 626 ingrati
3646 565 3846 610 muta-

533 662 711 726 potes.
747 653 994 724 Denique
1022 652 1160 708 nihil
1189 652 1257 708 ad
1287 653 1452 706 vitam
1485 649 1820 718 reservasti,
1853 659 2026 705 totum
2058 648 2126 703 ad
2229 648 2429 703 tionem
2470 647 2688 704 vivendi
2731 647 3050 716 requirunt,
3095 662 3258 702 senes
3302 647 3659 714 dilationem;
3705 665 3847 705 cum

535 762 784 804 mensam
806 746 1136 818 expendisti.
1161 745 1277 802 Non
1305 754 1485 817 potest
1511 746 1694 801 dicere
1717 744 1930 799 adulter
1955 763 1966 797 :
1996 743 2131 797 Por-
2230 741 2404 811 possit
2445 750 2499 796 et
2531 740 2784 810 juventus
2825 754 3112 796 senescere
3153 741 3428 806 moribus,
3475 751 3529 797 et
3569 752 3842 799 senectus

539 840 612 893 tio
650 855 762 893 ntea
803 836 1094 902 Dominus;
1134 839 1259 907 quia
1305 839 1454 893 venit
1496 837 1692 903 libido,
1729 845 1783 891 et
1811 836 1978 890 dicit:
2015 837 2129 904 Ego

534 945 658 986 sum
693 929 790 985 tibi
819 929 1034 1000 portio,
1066 930 1196 984 mihi
1237 938 1288 984 te
1319 929 1373 984 in
1406 929 1555 984 illius
1583 927 2007 984 adolescentulus
2037 927 2132 981 ad-

537 1020 724 1076 dixisti
773 1035 994 1086 amore,
1044 1020 1097 1074 in
1149 1019 1292 1075 illius
1339 1029 1497 1075 nocte
1538 1020 1844 1075 meretricis
1887 1021 1938 1072 in
1981 1033 2132 1074 meas

537 1111 723 1181 leges,
772 1113 824 1166 in
867 1126 985 1167 mea
1025 1112 1150 1179 jura
1193 1109 1462 1181 migrasti.
1513 1110 1630 1166 Non
1674 1111 1806 1166 dicit
1849 1110 2130 1179 proditor:

538 1204 728 1260 Portio
770 1218 888 1259 mea
930 1202 1218 1267 Christus;
1261 1203 1384 1273 quia
1425 1204 1604 1258 statim
1655 1212 1681 1240 ι
1724 1202 1881 1256 irruit
1913 1202 1966 1255 in
2009 1217 2133 1256 eum

537 1296 780 1368 nequitia
823 1295 989 1362 mali,
1032 1305 1088 1351 et
1133 1294 1309 1349 dicit:
1355 1293 1515 1348 Fallit
1565 1303 1653 1360 te,
1701 1292 1927 1348 Domine
1969 1295 2133 1354 Iesu,

538 1403 696 1446 meus
725 1397 812 1446 est
843 1389 966 1444 iste.

607 1482 698 1538 95.
735 1480 1010 1536 Habemus
1035 1480 1348 1550 exemplum
1380 1477 1558 1550 (Joan.
1592 1493 1692 1532 xm
1711 1518 1724 1541 ,
1746 1475 1836 1547 2),
1866 1476 1990 1546 quia
2015 1490 2136 1532 cum

536 1572 707 1629 Iudas
733 1587 925 1642 panem
951 1588 981 1627 a
1006 1571 1227 1626 Christo
1255 1570 1592 1640 accepisset,
1619 1568 1846 1623 immisit
1871 1584 1928 1622 se
1961 1569 2012 1622 in
2044 1583 2139 1622 cor

2231 833 2407 888 virere
2437 832 2711 902 operibus.
2754 831 2940 903 Neque
2976 836 3120 887 enim
3152 833 3584 890 emendationem
3616 851 3846 890 morum

2234 924 2408 994 magis
2454 933 2587 978 tetas
2636 923 2828 989 affert,
2880 939 3040 993 quam
3087 924 3392 994 disciplina.
3441 925 3653 993 Quanto
3698 943 3850 998 ergo

2235 1017 2404 1087 magis
2449 1032 2548 1071 nos
2589 1025 2809 1086 oportet
2847 1031 2998 1086 spem
3039 1018 3290 1073 attollere
3329 1017 3395 1072 ad
3440 1033 3663 1089 regnum
3697 1019 3843 1084 Dei,

2234 1109 2325 1164 ubi
2353 1108 2476 1164 vita:
2517 1110 2768 1175 novitas,
2814 1109 2899 1163 ubi
2941 1109 3128 1178 gratia:
3171 1111 3307 1178 erit,
3342 1125 3446 1165 non
3482 1112 3653 1167 aetatis
3682 1125 3851 1167 com-

2237 1201 2506 1257 mutatio?

2307 1293 2396 1349 99.
2431 1292 2547 1348 Non
2578 1294 2710 1360 otio,
2743 1307 2848 1347 non
2878 1308 3071 1348 somno
3100 1307 3308 1348 merces
3341 1301 3579 1363 paratur.
3607 1293 3834 1347 Nullum

2238 1399 2378 1455 opus
2404 1385 2725 1440 dormientis
2753 1394 2869 1450 est,
2905 1386 3086 1440 nullus
3119 1386 3328 1440 fructus
3355 1385 3452 1439 otii
3479 1406 3490 1438 :
3525 1385 3689 1439 immo
3718 1399 3846 1438 ma-

2237 1479 2320 1547 gis
2349 1478 2713 1548 dispendium.
2757 1477 2979 1534 Otiosus
3011 1480 3153 1534 Esau
3182 1479 3361 1533 amisit
3391 1478 3417 1516 ι)
3452 1480 3714 1549 primatus
3743 1480 3849 1533 be-

2241 1570 2564 1626 nedictionis
2590 1588 2604 1635 ;
2631 1573 2757 1642 quia
2785 1573 2974 1627 maluit
2995 1573 3171 1626 cibum
3203 1573 3468 1640 accipere,
3499 1587 3661 1642 quam
3688 1587 3852 1641 qua:-

536 1665 656 1735 ejus
685 1663 938 1720 diabolus
958 1705 974 1729 ,
1007 1663 1159 1733 quasi
1191 1662 1595 1732 possessionem
1627 1675 1780 1714 suam
1814 1660 2132 1726 vindicans,
2166 1660 2212 1718 B
2241 1680 2362 1721 rere
2391 1663 2543 1736 (Gen.
2574 1681 2751 1730 xxvn,
2779 1664 2894 1736 55).
2921 1664 3245 1720 Laboriosus
3266 1664 3432 1720 Jacob
3454 1665 3595 1735 apud
3628 1674 3851 1719 utrum-

537 1756 692 1826 quasi
715 1755 982 1825 portionis
997 1769 1108 1809 sua:
1126 1755 1216 1824 jus
1234 1756 1492 1821 retinens,
1514 1754 1666 1824 quasi
1685 1752 1874 1808 dicens
1896 1772 1909 1808 :
1931 1753 2046 1809 Non
2060 1764 2145 1808 est

541 1855 667 1902 tuus
691 1847 826 1914 iste,
860 1847 953 1903 sed
985 1862 1137 1903 meus
1165 1865 1176 1900 :
1206 1862 1359 1902 meus
1387 1857 1536 1902 certe
1569 1847 1837 1913 minister,
1870 1855 1996 1903 tuus
2019 1862 2145 1918 pro-

540 1940 720 2006 ditor;
755 1955 909 1996 meus
939 1942 1096 2011 plane
1119 1941 1221 1996 iste
1249 1950 1352 1996 est.
1386 1940 1628 2010 Denique
1652 1949 1826 1994 tecum
1850 1939 2144 2004 recumbit,

541 2041 598 2089 et
629 2032 759 2088 mihi
783 2033 955 2088 servit
982 2052 995 2085 :
1026 2041 1206 2088 tecum
1235 2032 1509 2103 epulatur,
1541 2041 1597 2087 et
1623 2047 1836 2088 mecum
1871 2033 2142 2102 pascitur:

547 2141 578 2180 a
611 2135 662 2181 te
695 2140 890 2195 panem
920 2126 1169 2195 accepit,
1213 2141 1241 2178 a
1284 2141 1370 2180 me
1399 2125 1684 2196 pecuniam
1715 2144 1728 2179 :
1764 2135 1942 2182 tecum
1977 2125 2144 2193 bibit,

547 2226 604 2272 et
633 2216 763 2271 mihi
798 2227 945 2270 tuum
977 2216 1296 2287 sanguinem
1329 2216 1593 2272 vendidit.
1627 2215 1801 2284 Quam
1837 2230 1964 2271 vera
1997 2216 2144 2272 dice~

543 2317 665 2375 ret,
699 2309 971 2379 probavit.
1003 2310 1249 2380 Denique
1278 2309 1526 2365 Christus
1554 2309 1780 2366 recessit
1810 2310 1878 2364 ab
1904 2324 1996 2376 eo,
2034 2311 2148 2379 ipse

545 2419 765 2474 quoque
790 2403 963 2458 Judas
996 2403 1215 2473 reliquit
1242 2402 1424 2459 Jesum
1445 2444 1460 2469 ,
1491 2411 1714 2458 secutus
1740 2402 2036 2458 diabolum.

622 2495 712 2551 96.
747 2495 920 2564 Quam
951 2495 1150 2550 multos
1179 2494 1431 2550 dominos
1461 2494 1661 2561 habet,
1693 2495 1784 2564 qui
1813 2509 1977 2548 unum
2006 2493 2150 2548 refu-

547 2589 724 2659 gerit!
761 2588 869 2644 Sed
903 2602 1002 2643 nos
1045 2603 1152 2643 non
1195 2588 1548 2659 refugiamus.
1593 2588 1723 2655 Quis
1766 2588 1995 2658 refugiat
2025 2604 2148 2642 eum

550 2695 712 2751 quem
743 2689 1046 2750 sequuntur
1085 2681 1288 2750 alligati
1333 2681 1602 2746 vinculis,
1645 2679 1743 2735 sed
1787 2680 2016 2733 vinculis
2057 2693 2152 2733 vo-

554 2771 811 2826 luntariis
832 2812 847 2837 ,
879 2786 999 2841 qua:
1040 2771 1292 2836 solvunt,
1329 2787 1435 2826 non
1467 2772 1731 2841 alligant,
1762 2771 1957 2842 quibus
1985 2771 2150 2826 vincti

551 2863 792 2917 vinculis
836 2861 1145 2932 gloriantur
1199 2861 1482 2918 dicentes:
1526 2861 1728 2916 Paulus
1777 2863 1980 2916 uinctus
2027 2861 2151 2916 Iesu

556 2951 786 3017 Christi,
815 2963 863 3007 et
895 2952 1190 3008 Timotheus
1217 2952 1492 3024 (Philem,
1520 2955 1594 3024 1).
1628 2954 1929 3011 Gloriosius
1956 2955 2023 3008 ah
2054 2955 2156 3010 hoc

2245 1773 2349 1829 que
2382 1766 2659 1826 parentem
2693 1758 2898 1813 invenit
2923 1758 3174 1828 gratiam.

2318 1851 2439 1908 100.
2480 1852 2546 1906 Ει
2588 1862 2762 1906 tamen
2804 1855 2935 1906 cum'
2967 1851 3219 1920 superior
3260 1859 3408 1906 esset
3437 1849 3606 1906 Iacob
3634 1849 3853 1907 virtute

2245 1953 2300 1998 et
2337 1945 2511 2014 gratia
2533 1986 2548 2010 ,
2597 1944 2765 1998 cessit
2802 1943 2981 1998 fratris
3010 1943 3402 2014 indignationi,
3433 1942 3524 2011 qui
3553 1942 3658 1997 sibi
3697 1958 3855 2013 prae-

2247 2037 2413 2090 latum
2447 2033 2669 2090 fratrem
2699 2036 2970 2104 juniorem
2998 2035 3235 2090 dolebat.
3268 2035 3394 2090 Ideo
3422 2035 3680 2104 scriptum
3714 2045 3806 2090 est
3837 2055 3849 2087 :

2249 2125 2382 2180 Date
2424 2117 2594 2181 locum
2623 2128 2715 2181 irae
2741 2127 2923 2197 (Rom.
2946 2141 3044 2191 xtl,
3077 2125 3166 2194 I9)
3193 2143 3206 2190 ;
3241 2141 3309 2180 ne
3340 2126 3564 2180 alterius
3595 2125 3855 2195 indigna-

2249 2219 2326 2272 tio
2376 2229 2429 2273 ιε
2473 2233 2689 2289 quoque
2729 2219 2780 2272 in
2825 2228 3102 2287 peccatum
3148 2217 3364 2282 trahat,
3407 2217 3535 2272 dum
3579 2217 3662 2272 vis
3702 2218 3854 2273 resi-

2249 2321 2430 2375 stere,
2476 2309 2604 2364 dum
2651 2309 2734 2364 vis
2773 2309 3060 2364 vindicari.
3109 2307 3271 2363 Potes
3314 2317 3370 2364 et
3407 2309 3607 2364 abillo
3650 2319 3704 2364 et
3736 2325 3764 2361 a
3801 2321 3855 2362 te

2255 2414 2276 2441 ε
2304 2418 2585 2457 removere
2613 2402 2826 2472 culpam
2849 2444 2864 2470 ,
2898 2403 2941 2456 si
2973 2401 3276 2457 cedendum
3307 2411 3484 2471 putes.
3509 2403 3727 2458 Imitare
3758 2418 3857 2473 pa—

2253 2493 2580 2558 triarcham,
2621 2496 2710 2564 qui
2756 2493 2825 2548 de
2867 2493 3098 2549 consilio
3143 2495 3330 2549 matris
3371 2494 3660 2570 longinqua
3689 2497 3852 2566 petiit

2254 2589 2423 2660 (Gen.
2459 2605 2634 2654 xxvtt,
2667 2589 2795 2658 15).
2847 2589 2915 2643 Ει
2961 2590 3114 2660 cujus
3159 2589 3384 2644 matris?
3423 2589 3682 2645 Rebeccae
3746 2591 3856 2645 uti-

2253 2697 2358 2752 que
2385 2725 2400 2748 ,
2434 2683 2536 2738 hoc
2564 2693 2680 2747 est,
2714 2683 3015 2754 patientiae.
3047 2683 3214 2753 Cujus
3243 2684 3390 2739 enim
3423 2685 3530 2740 nisi
3575 2684 3856 2754 patientia:

2255 2777 2358 2831 hoc
2382 2778 2667 2832 consilium
2700 2792 2825 2832 esse
2857 2779 3107 2846 poterat?
3133 2775 3159 2813 ά
3183 2778 3415 2833 Amabat
3445 2788 3618 2832 mater
3649 2777 3852 2843 filium;

2256 2869 2444 2922 maluit
2488 2870 2632 2923 enim
2679 2868 2780 2922 sibi
2826 2884 2949 2922 eum
2982 2869 3237 2924 exsulare
3268 2883 3428 2938 quam
3465 2869 3593 2922 Deo.
3638 2868 3704 2922 Et
3731 2868 3857 2922 ideo

2254 2963 2378 3030 quia
2409 2962 2548 3016 bona
2578 2969 2773 3026 mater,
2804 2961 3020 3030 utrique
3049 2961 3278 3026 detulit,
3304 2961 3503 3029 juniori
3531 2967 3711 3014 tamen
3742 2959 3857 3014 lilio

549 3045 896 3116 stringimur,
945 3061 1106 3114 quam
1161 3044 1282 3098 aliis
1335 3045 1668 3122 absolvimur
1716 3057 1770 3100 et
1821 3048 2148 3102 relaxantur.
2181 3031 2226 3094 C
2258 3053 2728 3117 benedictionem,
2780 3068 2942 3123 quam
2996 3068 3328 3109 conservare
3370 3062 3612 3124 poterat,
3666 3052 3852 3118 dedit;

555 3136 690 3204 Quis
734 3137 896 3206 igitur
925 3136 1093 3206 fugiat
1122 3150 1308 3206 pacem
1334 3137 1357 3189 ?
1385 3120 1506 3206 quis
1538 3136 1703 3206 fugiat
1735 3137 1966 3194 salutem
1989 3139 2012 3191 ?
2035 3141 2155 3208 quis

553 3231 725 3302 fugiat
757 3229 1188 3286 misericordiam
1214 3231 1236 3283 ?
1262 3231 1386 3299 quis
1415 3228 1585 3299 fugiat
1609 3230 2034 3300 redemptionem
2059 3232 2082 3284 ?

629 3324 718 3378 97.
759 3323 1000 3386 Videtis,
1045 3322 1176 3387 filii,
1219 3321 1408 3391 quales
1445 3324 1757 3388 evaserint,
1786 3323 1876 3392 qui
1910 3323 2025 3378 hac
2064 3339 2152 3379 se-

554 3415 668 3470 cuti
715 3424 877 3479 sunt,
925 3415 1202 3486 quomodo
1248 3423 1548 3484 operentur
1591 3413 1879 3469 defuncti?
1919 3417 2154 3482 Quarum

557 3504 819 3560 virtutum
865 3506 1080 3561 Iaudem
1125 3505 1412 3570 miramur,
1456 3520 1644 3560 earum
1685 3505 2004 3561 studeamus
2043 3507 2159 3561 adi-

556 3599 692 3669 pisci
727 3598 1050 3653 industriam
1107 3615 1120 3649 :
1167 3607 1222 3653 et
1270 3611 1406 3667 quas
1456 3597 1817 3667 praedicamus
1851 3597 2063 3670 10w
2105 3599 2156 3652 in

554 3692 714 3755 aliis,
749 3708 842 3746 eas
871 3695 924 3744 in
956 3689 1115 3745 nobis
1150 3690 1295 3744 taciti
1329 3704 1806 3759 recOgnoscamus.
1842 3690 1985 3743 Nihil
2017 3690 2155 3744 mol—

555 3782 817 3848 liculum,
862 3781 994 3836 nihil
1037 3780 1325 3835 infractum
1368 3779 1434 3834 ad
1479 3779 1692 3836 laudem
1739 3780 2024 3850 pervenit:
2060 3781 2160 3835 Re-

557 3891 716 3944 gnum
765 3875 1010 3928 caelorum
1057 3875 1299 3945 cogitur,
1344 3884 1390 3928 et
1435 3885 1669 3945 cogentes
1720 3875 1977 3944 diripiunt
2025 3875 2160 3928 illud

557 3966 772 4038 (Matth.
805 3984 882 4033 xi,
905 3969 1018 4036 12).
1055 3967 1404 4024 Festinantes
1436 3981 1622 4038 patres
1648 3983 1847 4038 agnum
1868 3969 2161 4024 manduca-

558 4056 710 4113 bant.
758 4057 974 4113 Festina
1007 4067 1090 4114 est
1121 4059 1293 4126 ﬁdes,
1323 4059 1522 4115 alacris
1550 4059 1770 4116 devotio
1793 4101 1806 4123 ,
1837 4061 1964 4128 spes
2007 4061 2161 4128 impi-

560 4163 656 4219 gra
685 4165 699 4200 :
733 4151 1192 4206 contradictiones
1216 4151 1378 4205 animi
1410 4167 1518 4206 non
1541 4159 1724 4217 amat,
1750 4149 1846 4206 sed
1871 4151 2163 4206 traductio-

557 4261 680 4302 nem
721 4245 788 4300 ab
825 4246 1164 4301 infructuoso
1201 4246 1311 4301 otio
1350 4245 1416 4299 ad
1450 4248 1682 4298 fructum
1716 4244 1985 4299 laborum.
2018 4244 2155 4311 Quid

556 4342 611 4396 in
638 4341 934 4397 crastinum
963 4338 1192 4394 differs?
1232 4339 1397 4393 Potes
1437 4349 1491 4393 et
1534 4335 1855 4392 hodiernum
1896 4337 2037 4390 diem
2080 4337 2158 4390 lu-

2259 3163 2364 3202 non
2392 3147 2538 3202 enim
2573 3147 2741 3200 filium
2773 3147 2905 3213 lilio,
2934 3147 3029 3202 sed
3061 3147 3347 3216 impigrum
3375 3147 3549 3200 otioso
3577 3146 3817 3215 praetulit
3838 3187 3854 3212 ,

2261 3241 2474 3296 fidelem
2501 3239 2686 3294 infido.
2714 3239 2818 3296 Sed
2841 3240 3006 3296 etiam
3035 3239 3145 3295 filio
3174 3240 3275 3308 ipsi
3305 3241 3504 3295 seniori
3533 3255 3639 3294 non
3665 3255 3854 3308 parum

2259 3332 2493 3388 contulit
2516 3331 2855 3386 amandando
2882 3333 3147 3387 minorem
3171 3331 3338 3388 filium
3361 3375 3376 3399 ,
3407 3348 3473 3388 ne
3506 3333 3854 3403 parricidium

2263 3427 2484 3480 faceret.

2333 3516 2457 3570 IOI.
2491 3514 2677 3584 Itaque
2706 3517 2961 3585 quoniam
2991 3517 3059 3570 ob
3087 3515 3340 3585 pietatem
3373 3530 3478 3570 non
3509 3525 3734 3584 propter
3757 3518 3858 3570 im-

2261 3607 2582 3677 probitatem
2613 3608 2895 3662 exsulabat
2933 3625 2962 3662 a
3006 3608 3348 3678 parentibus,
3382 3607 3702 3678 loquebatur
3731 3623 3856 3662 cum

2267 3698 2381 3752 Deo
2402 3740 2417 3763 ,
2456 3697 2751 3767 augebatur
2781 3713 2983 3765 censu,
3016 3697 3204 3753 liberis
3227 3740 3241 3763 ,
3286 3700 3477 3768 gratia.
3523 3697 3712 3768 Neque
3739 3698 3857 3752 istis

2261 3789 2436 3844 elatus
2478 3798 2605 3854 est,
2651 3805 2773 3842 cum
2820 3788 2972 3844 fratri
3017 3799 3376 3844 occurreret:
3414 3788 3507 3844 sed
3541 3789 3851 3842 humiliatus

2261 3879 2542 3946 adoravit,
2591 3894 2695 3934 non
2746 3882 2927 3949 utique
2975 3879 3128 3934 illum
3177 3881 3480 3947 immitem,
3523 3881 3672 3934 illum
3721 3879 3848 3933 furi-

2264 3971 2503 4027 bundum
2524 4014 2537 4036 ,
2574 3973 2724 4027 illum
2758 3973 3118 4041 degenerem;
3145 3973 3242 4028 sed
3267 3990 3390 4028 eum
3421 3989 3580 4044 quem
3614 3974 3666 4028 in
3698 3973 3856 4027 fratre

2264 4065 2668 4120 considerabat.
2703 4063 2908 4137 1047
2935 4064 3170 4135 Ideoque
3195 4067 3444 4122 adoravit
3467 4066 3689 4136 septies,
3717 4075 3739 4100 θ
3762 4080 3857 4118 nu-

2265 4169 2417 4211 mero
2447 4157 2662 4212 scilicet
2690 4157 3068 4223 remissionis;
3101 4158 3228 4226 quia
3271 4174 3377 4212 non
3419 4157 3692 4212 hominem
3733 4155 3858 4211 ado-

2264 4248 2420 4303 rabat
2439 4290 2454 4313 ,
2485 4249 2579 4303 sed
2611 4264 2734 4303 cum
2753 4289 2768 4313 ,
2797 4263 2956 4318 quem
2986 4249 3037 4303 in
3066 4263 3231 4303 carne
3259 4249 3492 4304 hominis
3520 4264 3643 4304 esse
3667 4259 3856 4303 ventu-

2267 4354 2384 4394 rum
2417 4340 2750 4409 praevidebat
2788 4341 3016 4409 Spiritu,
3061 4350 3118 4394 ut
3159 4340 3375 4395 tolleret
3417 4346 3633 4408 peceata
3677 4341 3858 4395 mundi

565 4433 708 4488 crari
737 4449 751 4495 ;
783 4430 1085 4486 cavendum
1111 4438 1196 4484 est
1219 4430 1363 4484 enim
1393 4444 1460 4483 ne
1481 4437 1535 4483 et
1557 4427 1706 4481 illum
1732 4443 1838 4481 non
1865 4435 2089 4481 teneas:
2114 4439 2170 4483 et
2194 4413 2247 4472 D
2277 4427 2476 4499 (Joan.
2512 4445 2558 4494 ι,
2586 4429 2715 4497 29).
2749 4430 2903 4498 Quod
2934 4431 3029 4486 tibi
3065 4446 3128 4485 ex
3162 4430 3305 4486 Petri
3337 4430 3692 4499 responsione
3734 4446 3859 4501 ape-

559 4525 703 4581 hunc
723 4525 962 4579 amittas.
988 4522 1105 4578 Non
1127 4523 1380 4592 exiguum
1403 4521 1786 4576 detrimentum
1810 4530 1892 4575 est
1911 4519 1996 4575 vel
2017 4519 2166 4576 horae

556 4619 755 4673 unius:
790 4624 846 4671 et
876 4631 981 4670 una
1015 4613 1146 4668 hora
1181 4614 1347 4669 totius
1375 4613 1502 4668 vita:
1531 4611 1709 4682 portio
1739 4619 1842 4666 est.

599 4695 601 4697 ’
633 4711 723 4766 98.
768 4709 906 4766 Sunt
943 4709 1170 4778 juvenes
1191 4749 1207 4775 ,
1238 4708 1329 4777 qui
1370 4707 1480 4762 cito
1510 4705 1698 4762 volun‘t
1726 4703 1795 4760 ad
1825 4713 2164 4761 senectutem

629 4881 653 4908 ⁸
693 4869 849 4926 Colb.
879 4869 1028 4934 cod.,
1061 4868 1214 4922 irruit
1240 4867 1294 4920 in
1321 4881 1434 4919 eum
1462 4866 1629 4920 malus
1656 4863 1828 4917 dolus.

627 4942 655 4979 ι)
694 4940 898 4997 Omnes
949 4940 1105 5004 edit.,
1163 4939 1415 5010 primatus
1461 4935 1906 4996 benedictionem;
1957 4945 2151 4986 omnes

559 5027 718 5070 mss..
753 5014 1004 5080 primatus
1031 5010 1418 5064 benedictionis.

635 5095 656 5120 ε
698 5072 824 5138 Mss.
881 5098 987 5136 non
1039 5083 1240 5151 pauci,
1288 5094 1545 5134 removere
1598 5077 1809 5151 culpant
1853 5072 2154 5151 secedendo.

563 5153 718 5209 Potes
748 5154 980 5217 imitari,
1015 5144 1120 5207 εἰς.
1152 5151 1490 5206 Monehimus
1511 5144 1695 5203 autem
1723 5147 1903 5217 obiter
1928 5144 2160 5217 Ambro-

559 5226 644 5280 sio
676 5239 864 5294 nostro
894 5215 1174 5294 insolitum
1208 5237 1315 5294 non
1349 5236 1494 5283 esse,
1529 5229 1585 5294 ut
1613 5233 1735 5294 cum
1766 5215 1943 5284 agitur
1970 5215 2038 5294 de
2070 5229 2163 5294 pa-

559 5293 734 5350 canda
779 5294 1098 5355 iracundia,
1148 5292 1412 5345 Rebeccae
1457 5304 1520 5344 ac
1561 5288 1730 5342 Jacob
1776 5286 2083 5354 exemplum
2115 5286 2170 5355 in

562 5365 798 5421 medium
830 5362 1045 5417 afferat.
1086 5352 1220 5416 Vide
1249 5362 1345 5414 lib.
1380 5375 1419 5413 ιι
1451 5359 1520 5412 de
1549 5357 1748 5422 Jacob,
1783 5365 1916 5426 etc.,
1940 5352 2070 5426 cap.
2100 5352 2136 5406 4
2157 5394 2171 5418 ,

562 5451 716 5492 ηυιιι.
753 5435 853 5496 14,
886 5444 942 5486 ει
971 5434 1066 5488 lib.
1105 5431 1309 5504 t0flic.
1343 5444 1461 5498 cap.
1496 5429 1590 5492 21,
1621 5443 1771 5482 nutu.
1805 5425 1898 5480 91.

635 5504 661 5543 ἀ
706 5507 783 5561 Ita
833 5494 967 5558 mss.
1015 5516 1186 5573 prepe
1224 5502 1290 5554 ad
1307 5494 1484 5573 unum
1511 5515 1526 5561 ;
1558 5512 1749 5573 omnes
1774 5506 1963 5573 contra
1995 5494 2170 5573 edit.)

562 5577 781 5630 Amabat
825 5581 992 5627 ntater
1016 5564 1213 5626 'con'tra
1254 5569 1502 5636 a/fectum
1541 5569 1615 5637 pii
1656 5567 1854 5637 amoris
1890 5564 2080 5618 dimitti
2107 5565 2176 5631 ﬁ-

561 5648 710 5702 lium.
745 5645 817 5704 Et
848 5656 1041 5696 rursus
1073 5641 1163 5693 ubi
1196 5653 1298 5695 nos
1325 5655 1447 5694 cum
1476 5636 1730 5692 omnibus
1774 5636 1903 5690 edit.
1937 5648 2000 5686 ac
2042 5648 2172 5687 mss.

2274 4521 2410 4576 ritur
2457 4522 2809 4592 mysterium,
2857 4522 3076 4578 dicente
3119 4538 3224 4579 eo:
3273 4523 3335 4579 Si
3373 4525 3656 4593 peccaverit
3698 4525 3858 4578 inme

2275 4617 2436 4683 frater
2457 4615 2842 4684 meus,‘quoties
2864 4616 3120 4669 remittant
3142 4615 3228 4669 ei?
3253 4614 3421 4684 Usque
3441 4615 3624 4684 septies
3646 4613 3855 4684 (Matth.

2277 4721 2411 4760 xvtn
2431 4747 2445 4771 ,
2465 4705 2600 4775 ειη
2634 4705 2796 4761 Vides
2823 4707 3082 4775 quoniam
3115 4717 3460 4776 peccatorum
3486 4705 3759 4773 remissio,
3784 4715 3858 4778 ty-

2265 4855 2541 4916 nonnullis
2563 4901 2577 4926 ,
2610 4857 2677 4912 Et
2705 4859 2819 4913 ideo
2845 4860 3002 4928 quia,
3036 4869 3182 4923 etc.;
3215 4860 3303 4914 alii
3336 4858 3506 4914 multo
3531 4858 3715 4928 plures
3744 4858 3854 4913 cod.

2266 4941 2585 5000 expungunt
2606 4930 2824 4984 voculas
2852 4930 2968 4984 ideo
2996 4971 3007 4984 .
3036 4971 3048 4984 .
3078 4970 3089 4982 .
3121 4971 3132 4982 .
3156 4940 3355 4996 tamen,
3382 4943 3438 4984 et
3461 4931 3684 4984 verbum
3710 4930 3855 4984 dedit.

2267 5001 2383 5057 Non
2417 5002 2559 5055 man
2599 5015 2798 5066 sensu,
2843 5001 3006 5054 modo
3047 5002 3341 5054 verhorum
3385 5001 3762 5069 trajectionem
3793 5003 3858 5053 ita

2270 5072 2566 5127 restituas:
2614 5071 2680 5140 Et
2711 5072 2830 5139 quia
2875 5071 3008 5124 bona
3051 5081 3213 5123 mater
3261 5072 3670 5140 (supplendum
3718 5072 3855 5139 erat)

2270 5145 2473 5211 utrique
2499 5142 2610 5210 ﬁlio
2635 5139 2820 5195 detulit
2849 5140 3287 5206 benedictionem,
3339 5139 3494 5210 quam
3532 5143 3731 5213 juniori
3772 5156 3855 5210 p0-

2272 5224 2400 5267 terat
2431 5229 2708 5266 reservare.

2352 5293 2373 5318 θ
2402 5283 2778 5349 Septenarium
2810 5282 3150 5336 remissionis
3182 5299 3464 5338 numerum
3496 5291 3715 5352 propter
3743 5282 3856 5336 sab-

2278 5353 2389 5406 bati
2419 5353 2560 5406 diem
2609 5368 2672 5406 ac
2717 5353 2930 5407 Jubiltei
2978 5368 3177 5407 annum
3231 5366 3385 5408 vocat
3431 5355 3490 5408 S.
3545 5355 3776 5407 Doctor:
3808 5361 3858 5404 et

2278 5423 2562 5493 mysticam
2602 5423 2740 5477 hanc
2777 5423 3018 5488 ejusdem
3070 5424 3282 5479 numeri
3330 5426 3742 5493 explicationem
3791 5431 3858 5475 tot

2281 5495 2415 5548 locis
2449 5502 2668 5566 tractat,
2701 5505 2759 5566 ut_
2790 5493 2932 5562 apud
2977 5509 3102 5549 eum
3157 5497 3241 5550 vix
3274 5496 3563 5566 quidquam
3597 5494 3737 5550 aliud
3769 5507 3853 5550 oc-

2282 5572 2463 5618 currat
2495 5563 2848 5631 frequentius.
2887 5579 2900 5596 °
