4092 6190
218 315 364 372 1217

1406 314 1893 373 EPISTOLARUM
1931 313 2018 370 CL
2028 313 2210 370 ASSIS
2251 315 2292 366 1.

3379 310 3520 366 1218

216 447 321 501 pus
351 440 437 486 est
466 430 610 485 illius
639 430 820 500 magni
853 429 1102 495 sabbati,
1137 430 1284 485 illius
1313 431 1511 501 quietis
1539 443 1817 503 perpetua:
1847 435 1899 494 Α
1999 429 2122 482 107.
2153 427 2346 482 Mulier
2390 427 2508 481 viro
2536 425 2765 494 deferat,
2799 436 2907 480 non
2956 423 3154 480 serviat
3181 441 3193 476 .
3227 424 3519 495 regendam

212 527 444 592 gratiae;
475 535 530 577 et
559 522 679 578 ideo
709 521 1170 592 contemplatione
1199 522 1451 579 donatur.

297 615 421 669 102.
453 615 561 669 Sed
604 615 732 685 quid
765 614 871 669 sibi
898 614 1013 669 vult
1034 614 1180 685 quod
1211 623 1266 670 et
1292 630 1517 681 uxores,
1552 625 1608 672 et
1645 616 1810 681 filios,

217 716 277 763 et
305 722 496 762 omnes
535 707 808 777 disposuit
833 721 984 768 suos,
1018 715 1074 762 et
1096 709 1354 776 praecepit
1382 719 1436 762 ut
1463 719 1520 763 et
1551 707 1655 778 ipsi
1682 707 1811 762 ado-

216 807 407 856 rarent
430 813 594 869 super
623 807 825 854 terram
861 796 1038 868 (Gen.
1073 813 1265 864 χχχιιι,
1298 797 1416 869 6)?
1458 797 1575 853 Non
1631 797 1817 868 utique

219 903 282 949 ut
313 896 666 956 elementum,
691 892 836 962 quod
891 893 1211 962 plerumque
1239 893 1483 961 repletur
1530 889 1813 960 sanguine,
1879 919 1886 926 ι

218 989 275 1043 in
308 1002 414 1056 quo
447 985 662 1041 officina
690 994 775 1040 est
803 985 1094 1048 scelerum,
1137 993 1229 1037 aut
1284 983 1451 1038 vastis
1503 983 1821 1052 plerumque

219 1075 410 1130 horret
432 1074 704 1139 cautibus,
733 1083 827 1128 aut
849 1073 1142 1143 prmruptis
1169 1072 1419 1141 rupibus,
1444 1080 1538 1126 aut
1564 1071 1738 1127 sterili
1767 1080 1823 1126 et

111 1199 122 1206 κ
211 1169 406 1240 jejuno
432 1167 550 1223 solo
575 1183 588 1220 :
618 1166 714 1222 sed
745 1176 802 1220 ut
827 1181 1048 1221 carnem
1075 1163 1334 1235 praesidio
1367 1163 1527 1218 nobis
1559 1162 1814 1218 futuram.

221 1267 290 1318 Et
315 1265 546 1320 fortasse
571 1263 673 1318 hoc
703 1262 835 1317 illud
881 1271 960 1317 est
991 1262 1336 1332 mysterium,
1368 1259 1513 1330 quod
1551 1270 1604 1316 te
1633 1260 1824 1316 docuit

223 1361 488 1415 Dominus
511 1359 700 1415 dicens
727 1376 740 1410 :
772 1356 897 1412 Non
946 1358 1114 1411 solum
1143 1356 1356 1425 septies,
1386 1355 1477 1408 sed
1527 1355 1685 1409 etiam
1705 1369 1824 1423 sep-

221 1456 422 1528 tuagies
444 1454 638 1524 septies
669 1450 884 1525 (Matth.
913 1465 1060 1516 xvttt,
1084 1447 1202 1518 22).

303 1546 418 1602 105.
453 1545 519 1598 Et
550 1559 648 1599 vos
676 1543 839 1614 igitur
869 1543 1071 1598 donate
1102 1539 1328 1611 injurias
1360 1548 1594 1605 vestras,
1623 1548 1680 1593 ut
1703 1538 1824 1594 sitis

225 1639 323 1694 lilii
355 1638 523 1694 Jacob
546 1637 565 1709 (
588 1637 788 1692 Coloss.
821 1652 897 1700 ιιι,
933 1635 1065 1706 15).
1108 1633 1290 1688 Nolite
1319 1632 1632 1702 exasperari
1685 1633 1826 1686 sicut

227 1731 401 1786 Esau.
430 1729 723 1784 lmitamini
750 1736 996 1784 sanctum
1016 1725 1209 1792 David,
1235 1725 1324 1795 qui
1353 1733 1624 1794 tamquam
1651 1724 1825 1777 bonus

1918 537 1979 576 se
2011 519 2274 590 praebeat,
2324 534 2432 573 non
2465 518 2846 574 coercendam.
2883 517 3098 588 Indigna
3128 525 3212 572 est
3239 517 3514 587 conjugin,

1919 628 2042 682 qua:
2067 611 2228 680 digna
2273 619 2360 665 est
2382 611 2581 681 jurgio.
2618 609 2713 664 Vir
2731 622 2947 680 quoque
2981 625 3207 665 uxorem
3242 619 3514 680 tamquam

1920 706 2257 775 gubernator
2301 703 2517 773 dirigat,
2559 714 2830 773 tamquam
2878 709 3189 758 consortem
3245 701 3369 756 vitae
3415 697 3516 757 lto-

1923 809 2100 862 noret,
2132 797 2420 868 participet
2452 806 2508 852 ut
2537 796 2881 852 cohaeredem
2912 797 3117 867 gratim.

1995 888 2118 944 108.
2163 887 2400 957 Matres,
2448 888 2721 944 ablactate
2778 886 2956 955 filios,
3009 887 3217 957 diligite
3262 886 3516 942 eos:sed

1924 988 2076 1032 orate
2107 993 2204 1048 pro
2234 979 2298 1034 iis
2331 989 2388 1033 ut
2417 979 2647 1049 longaevi
2677 993 2842 1049 super
2871 987 3069 1035 terram
3122 978 3251 1043 sint,
3309 994 3414 1034 non
3464 980 3516 1034 itt

1925 1079 2089 1137 terra,
2111 1071 2205 1127 sed
2229 1085 2394 1142 super
2421 1080 2654 1138 terram;
2686 1070 2820 1125 nihil
2847 1071 2992 1127 enim
3007 1071 3308 1142 longaevum
3337 1071 3391 1126 in
3422 1071 3526 1128 hac

1928 1168 2070 1216 terra
2100 1178 2113 1226 ;
2143 1172 2196 1217 et
2227 1163 2372 1233 quod
2397 1173 2481 1218 est
2507 1163 2624 1232 diu,
2654 1164 2824 1224 breve
2844 1174 2927 1220 est
2947 1172 3002 1220 et
3031 1164 3205 1235 magis
3229 1163 3521 1222 lubricum.

1926 1253 2146 1310 Monete
2176 1270 2272 1312 eos
2302 1265 2360 1311 ut
2392 1257 2567 1328 magis
2594 1273 2815 1314 crucem
2846 1257 3062 1314 Domini
3093 1258 3307 1326 tollant,
3363 1274 3525 1330 quam

1927 1348 2068 1402 hanc
2107 1348 2272 1402 vitam
2323 1348 2570 1420 diligant.

1985 1438 2108 1495 109.
2140 1451 2161 1478 ε
2186 1440 2348 1495 Maria
2375 1450 2548 1497 mater
2570 1442 2783 1497 Domini
2805 1452 2929 1499 ante
2955 1458 3174 1500 crucem
3197 1443 3293 1500 filii
3316 1444 3523 1502 stabat:

1928 1533 2105 1587 nullus
2136 1549 2224 1590 me
2246 1534 2348 1590 hoc
2377 1535 2587 1601 docuit,
2622 1537 2723 1591 nisi
2756 1547 2979 1592 sanctus
3017 1537 3256 1594 Joannes
3297 1553 3531 1610 evange-

1939 1623 2296 1695 lista(Joan.
2330 1642 2443 1688 χιχ,
2488 1626 2625 1698 25).
2661 1627 2920 1683 Mundum
2968 1629 3059 1684 alii
3107 1643 3429 1686 concussum
3479 1630 3532 1685 in

1933 1717 2190 1787 passione
2250 1718 2464 1773 Domini
2513 1721 2984 1790 conscripserunt,
3038 1723 3238 1778 caelum
3293 1723 3536 1780 tenebris

226 1825 491 1895 magister
535 1823 757 1893 reliquit
786 1821 942 1877 nobis
982 1821 1125 1892 quod
1183 1819 1545 1886 imitaremur,
1600 1817 1826 1872 dicens:
1859 1827 1909 1887 Β
1934 1807 2228 1863 obductum
2277 1808 2514 1879 (Matth.
2549 1826 2717 1878 xxvn,
2749 1810 2818 1865 15
2843 1813 2886 1882 ),
2935 1812 3200 1884 refugisse
3253 1815 3448 1882 solem,
3479 1817 3533 1871 in

234 1913 343 1967 Pro
386 1930 445 1968 eo
473 1922 530 1967 ut
558 1913 832 1984 diligerent
861 1929 961 1978 me,
987 1909 1327 1965 detrahebant
1348 1910 1476 1963 mihi
1501 1925 1518 1962 :
1549 1925 1642 1981 ego
1666 1917 1836 1962 autem

230 2007 447 2062 orabam
498 2005 689 2068 (Psal.
729 2021 876 2072 cvm,
912 2004 945 2057 4
977 2004 996 2074 )
1029 2021 1043 2068 ;
1104 2013 1160 2058 et
1207 2018 1331 2058 cum
1386 2001 1832 2066 malediceretur,

229 2100 445 2155 orabat.
490 2099 695 2154 Bonum
727 2109 940 2155 scutum
982 2099 1182 2166 oratio,
1207 2113 1311 2168 qua
1362 2098 1692 2152 contumelia
1743 2111 1838 2152 ex-

231 2192 490 2257 cluditur,
508 2190 855 2246 maledictum
884 2191 1190 2260 repellitur,
1217 2198 1272 2244 et
1302 2190 1354 2243 in
1381 2188 1530 2258 ipsos
1557 2189 1647 2257 qui
1668 2188 1837 2243 male-

232 2283 508 2348 dixerint,
565 2281 880 2350 frequenter
927 2289 1314 2351 retorquetur;
1349 2289 1406 2334 ut
1426 2294 1527 2335 suo
1573 2278 1682 2334 telo
1721 2279 1838 2332 vul-

234 2388 497 2432 uerentur
527 2394 538 2429 :
572 2375 906 2443 Maledicent,
949 2375 1142 2444 inquit,
1176 2383 1221 2426 et
1266 2381 1320 2425 tu
1353 2371 1617 2425 benedices
1649 2370 1836 2441 (lbid.,

235 2469 354 2542 28).
415 2467 712 2523 Ambienda
755 2467 1038 2521 hominum
1070 2463 1381 2519 maledictio
1405 2503 1422 2529 ,
1466 2477 1586 2532 qua:
1610 2462 1842 2531 acquirit

239 2559 576 2615 Dominicam
622 2559 1081 2615 benedictionem.

315 2653 437 2709 101.
479 2653 631 2721 Quod
663 2661 936 2722 superest,
971 2649 1300 2716 cltarissimi,
1333 2647 1674 2704 considerate
1712 2648 1837 2718 quia

240 2745 398 2801 Jesus
437 2752 592 2798 extra
639 2751 852 2812 portam
902 2755 1094 2812 passus
1134 2750 1214 2795 est
1261 2738 1439 2810 (Heb.
1466 2754 1584 2801 xm,
1619 2737 1757 2809 12),
1787 2747 1841 2793 et

240 2852 340 2892 vos
369 2835 691 2906 egredimini
731 2834 799 2888 de
829 2833 932 2888 hac
955 2843 1172 2888 terrena
1203 2830 1462 2895 civitate;
1494 2831 1618 2900 quia
1648 2829 1839 2884 civitas

244 2939 423 2986 vestra
471 2929 720 2999 superior
749 2936 834 2983 est
876 2926 1239 2982 Hierusalem.
1289 2923 1367 2980 lbi
1417 2923 1836 2990 conversamini,

245 3002 593 3080 uindicatis:
642 3021 844 3077 Nostra
895 3030 1069 3075 autem
1117 3019 1436 3075 conversatio
1481 3019 1535 3071 in
1583 3017 1722 3071 cretis
1767 3026 1838 3070 est

246 3121 263 3188 (
297 3117 498 3189 Philip.
551 3133 630 3184 ιιι,
656 3116 792 3188 20).
827 3115 954 3172 Ideo
981 3114 1139 3170 Jesus
1168 3113 1335 3168 exivit
1362 3114 1428 3166 de
1456 3112 1698 3178 civitate,
1727 3118 1751 3146 α
1781 3117 1839 3164 ιιι

1939 1901 2250 1972 paradisum
2281 1903 2568 1971 latronem,
2628 1904 2727 1960 sed
2773 1915 2898 1974 post
2947 1908 3088 1977 piam
3139 1908 3538 1966 confessionem

1935 2005 2214 2067 receptum
2241 1995 2410 2067 (Luc.
2446 2013 2598 2064 χχιιι,
2621 1996 2754 2070 45).
2788 1998 3030 2057 Joannes
3053 2000 3241 2056 docuit
3268 2003 3414 2073 quod
3444 2001 3538 2058 alii

1938 2105 2045 2145 non
2102 2089 2428 2155 docuerunt,
2477 2089 2937 2159 quemadmodum
3007 2092 3060 2146 in
3115 2108 3278 2148 cruce
3326 2094 3540 2165 positus

1937 2191 2167 2237 matrem
2203 2182 2579 2250 appellaverit,
2614 2183 2785 2250 pluris
2813 2192 3010 2254 putans
3039 2186 3182 2254 quod
3208 2187 3381 2242 victor
3410 2203 3541 2258 sup-

1940 2272 2222 2342 pliciorum
2275 2272 2492 2340 pietatis
2551 2271 2730 2326 officia
2783 2273 2944 2327 matri
2995 2273 3308 2342 exhibebat,
3373 2292 3536 2345 quam

1938 2363 2080 2432 quod
2114 2377 2340 2434 regnum
2384 2361 2610 2418 eteleste
2639 2361 2898 2419 donabat.
2951 2363 3086 2418 Nam
3139 2366 3184 2419 si
3224 2365 3539 2436 religiosum

1939 2464 2044 2520 est,
2076 2455 2220 2524 quod
2265 2454 2463 2508 latroni
2518 2452 2754 2508 donatur
2795 2454 2995 2520 venia;
3046 2456 3221 2511 multo
3270 2457 3541 2516 uberioris

1941 2546 2154 2615 pietatis
2179 2554 2286 2612 est,
2319 2544 2462 2615 quod
2506 2560 2535 2599 a
2587 2544 2701 2599 filio
2730 2555 2910 2602 mater
2961 2555 3109 2603 tanto
3138 2547 3336 2605 affectu
3367 2549 3542 2607 hono-

1939 2646 2090 2692 ratur
2120 2655 2132 2689 :
2158 2635 2313 2702 Ecce,
2370 2636 2566 2707 inquit,
2597 2638 2741 2707 ﬁlius
2797 2648 3010 2694 tuus....
3070 2639 3208 2696 Ecce
3244 2652 3408 2696 mater
3453 2653 3545 2698 tua

1941 2727 2119 2801 (Joan.
2144 2745 2234 2784 χιχ
2246 2771 2260 2796 ,
2279 2728 2398 2799 27).
2427 2727 2752 2785 Testabatur
2773 2730 2841 2787 de
2854 2746 3017 2788 cruce
3031 2731 3306 2801 Christus,
3324 2743 3376 2792 et
3401 2736 3544 2793 inter

1942 2832 2170 2877 matrem
2216 2833 2378 2893 atque
2403 2821 2726 2892 discipulum
2756 2824 3036 2882 dividebat
3065 2826 3282 2897 pietatis
3334 2829 3538 2886 officia.

1940 2913 2221 2970 Condebat
2250 2916 2510 2971 Dominus
2535 2931 2640 2971 non
2670 2917 2846 2972 solum
2884 2919 3185 2989 publicum,
3223 2922 3322 2979 sed
3376 2925 3542 2982 etiam

1942 3005 2303 3062 domesticum
2333 3015 2744 3075 testamentum,
2769 3019 2824 3064 et
2864 3006 2966 3066 hoc
2997 3011 3118 3082 ejus
3160 3022 3546 3072 testamentum

1944 3096 2191 3166 signabat
2219 3096 2478 3164 Joannes,
2511 3098 2710 3169 dignus
2739 3107 2891 3154 tanto
2939 3110 3198 3159 testatore
3230 3106 3407 3161 testis.
3440 3106 3546 3163 Bo-

247 3224 343 3264 vos
394 3217 656 3264 exeuntes
707 3207 776 3262 de
807 3207 910 3260 hoc
942 3205 1167 3272 mundo,
1217 3219 1378 3272 supra
1408 3201 1666 3257 mundum
1694 3201 1832 3255 sitis.

1945 3205 2070 3243 num
2117 3199 2502 3246 testamentum
2556 3206 2661 3247 non
2712 3193 2975 3261 pecuniae,
3004 3195 3101 3250 sed
3134 3196 3256 3252 vitae
3283 3206 3544 3255 aeternte:

245 3303 457 3374 Moyses
480 3302 626 3357 solus
653 3300 744 3371 qui
772 3301 940 3354 Deum
964 3298 1202 3364 videbat,
1227 3307 1378 3352 extra
1407 3305 1583 3350 castra
1607 3293 1839 3348 habebat

247 3395 675 3460 tabernaculum,
713 3392 930 3463 quando
963 3389 1282 3460 loquebatur
1310 3403 1430 3444 cum
1468 3387 1578 3442 Deo
1608 3385 1626 3455 (
1660 3383 1835 3439 Exod.

249 3503 441 3551 χχχιιι,
459 3487 489 3538 7
519 3496 564 3539 et
581 3502 687 3556 seq.
711 3485 732 3553 )
759 3501 772 3538 :
797 3493 852 3540 et
880 3483 1208 3550 hostiarum,
1231 3498 1347 3552 quae
1367 3495 1465 3550 pro
1492 3488 1712 3550 peccato
1741 3479 1836 3534 fie-

247 3579 398 3646 bant,
432 3579 650 3649 sanguis
694 3577 914 3648 quidem
941 3574 1206 3630 altaribus
1235 3573 1566 3628 inferebatur
1609 3571 1627 3642 (
1660 3569 1834 3624 Exod.

248 3687 396 3737 χχιιι,
427 3671 516 3736 12,
549 3669 683 3740 15),
711 3683 941 3740 corpora
969 3676 1149 3724 autem
1194 3676 1347 3722 extra
1377 3673 1576 3730 castra,
1607 3665 1837 3719 combu-

251 3763 549 3828 rebantur;
603 3763 725 3830 quia
782 3775 942 3815 nemo
983 3760 1123 3814 intra
1151 3757 1335 3812 mundi
1365 3757 1524 3826 hujus
1573 3754 1704 3810 vitia
1745 3770 1838 3824 po-

252 3851 390 3906 situs
419 3859 702 3920 peccatum
743 3849 987 3919 deponit,
1023 3864 1123 3904 nec
1151 3849 1370 3918 sanguis
1419 3847 1536 3916 ejus
1585 3853 1837 3914 acceptus

254 3953 336 3998 est
377 3943 510 4007 Deo,
543 3943 644 3997 nisi
667 3942 734 3997 de
763 3943 1007 4012 corporis
1034 3942 1194 4012 hujus
1221 3949 1377 3996 exeat
1408 3938 1836 4009 inquinamento.

325 4034 451 4089 105.
494 4033 925 4104 Hospitalitatem
978 4034 1206 4105 diligite,
1255 4049 1353 4105 per
1403 4048 1563 4104 quam
1619 4039 1842 4088 sanctus

255 4124 527 4182 Abraham
557 4124 584 4163 1)
628 4126 832 4182 invenit
854 4126 1081 4197 gratiam
1111 4127 1128 4196 (
1159 4125 1288 4180 Gen.
1324 4141 1480 4191 xvm,
1511 4127 1544 4183 5
1582 4134 1631 4178 et
1669 4141 1774 4194 seq.
1801 4127 1838 4192 ),

254 4216 527 4272 Christum
554 4217 788 4287 IiOSpitio
809 4219 1068 4287 suscepit,
1109 4217 1273 4272 ﬁlium
1300 4219 1434 4274 Sara
1455 4218 1656 4275 meruit
1683 4217 1841 4273 effeta

249 4307 362 4376 jam
395 4316 675 4362 senectute
705 4325 717 4362 :
751 4307 853 4363 Lot
881 4323 1096 4380 quoque
1120 4308 1463 4365 Sodomitani
1493 4309 1688 4366 excidii
1720 4324 1844 4365 eva-

255 4403 326 4454 sit
355 4399 531 4470 ignem
566 4399 738 4469 (Gen.
773 4417 884 4468 χιχ,
915 4401 952 4455 2
981 4411 1026 4456 et
1063 4401 1234 4473 seq.).
1266 4401 1333 4456 Et
1361 4410 1418 4456 tu
1475 4411 1629 4472 potes
1673 4403 1844 4458 susci-

257 4507 387 4562 pere
408 4492 701 4564 angelos,si
715 4495 1129 4550 advenientibus
1149 4494 1442 4565 hospitium
1461 4506 1608 4550 tuum
1625 4495 1841 4552 offeras.

1940 3282 2082 3353 quod
2111 3297 2216 3338 non
2244 3293 2576 3339 attramento
2606 3285 2868 3355 scriptum
2911 3297 3035 3356 est,
3068 3289 3164 3344 sed
3211 3289 3418 3361 Spiritu
3450 3292 3548 3349 Dei

1941 3375 2074 3440 vivi,
2102 3375 2192 3440 qui
2214 3375 2332 3430 ait:
2378 3375 2586 3448 Lingua
2628 3394 2744 3433 mea
2793 3380 3026 3437 calamus
3067 3382 3252 3439 scriba:
3299 3384 3545 3440 velociter

1939 3468 2204 3522 scribentis
2239 3467 2257 3540 (
2288 3467 2435 3524 Psal.
2474 3485 2600 3524 xuv
2627 3511 2641 3537 ,
2673 3470 2751 3542 2).

2013 3562 2134 3618 110.
2185 3562 2293 3618 Sed
2343 3578 2444 3620 nec
2480 3564 2646 3619 Maria
2669 3563 2868 3632 minor,
2898 3581 3058 3637 quam
3084 3579 3316 3626 matrem
3341 3571 3549 3628 Christi

1940 3654 2187 3712 decebat.
2218 3653 2572 3724 Fugientibus
2605 3655 2884 3725 apostolis,
2916 3666 3041 3712 ante
3071 3673 3290 3715 crucem
3335 3661 3541 3729 stabat,

1941 3758 1994 3802 et
2028 3746 2131 3817 piis
2171 3745 2453 3814 spectabat
2496 3745 2666 3800 oculis
2715 3746 2814 3800 lilii
2859 3746 3124 3814 vulnera;
3179 3751 3304 3821 quia
3344 3768 3544 3823 exspe-

1941 3839 2117 3895 ctabat
2141 3853 2246 3891 non
2273 3838 2513 3907 pignoris
2535 3846 2793 3904 mortem,
2825 3839 2922 3894 sed
2950 3841 3136 3896 mundi
3163 3843 3416 3901 salutem.
3442 3845 3556 3903 Aut

1942 3930 2175 3984 fortasse
2224 3931 2348 3997 quia
2397 3939 2730 3998 cognoverat
2787 3943 2885 3999 per
2934 3930 3027 3984 filii
3075 3943 3307 3990 mortem
3357 3938 3546 3996 mundi

1944 4021 2373 4092 redemptionem
2403 4021 2522 4075 aula
2548 4021 2769 4091 regalis,
2793 4023 2957 4078 etiam
2986 4037 3082 4079 sua
3117 4037 3299 4085 morte
3329 4032 3556 4100 putabat
3646 4063 3652 4069 -

1944 4131 2004 4171 se
2044 4112 2248 4184 aliquid
2272 4113 2490 4183 publico
2512 4111 2820 4168 addituram
2847 4118 3082 4172 muneri.
3112 4119 3219 4175 Sed
3250 4121 3411 4180 Jesus
3439 4142 3548 4183 non

1945 4207 2137 4276 egebat
2197 4203 2446 4275 adjutore
2494 4203 2561 4259 ad
2628 4204 3063 4276 redemptionem
3111 4213 3356 4270 omnium
3389 4257 3404 4282 ,
3455 4221 3550 4288 qui

1946 4313 2136 4355 omnes
2164 4298 2282 4352 sine
2307 4296 2556 4366 adjutore
2582 4297 2841 4352 servavit.
2873 4297 3031 4357 Unde
3057 4310 3114 4358 et
3145 4302 3279 4360 dicit
3304 4323 3318 4360 :
3353 4306 3552 4364 Factus

1947 4409 2058 4448 sum
2110 4392 2241 4446 sicut
2287 4391 2436 4444 homo
2491 4390 2601 4444 sine
2652 4391 2918 4462 adjutorio
2975 4394 3106 4450 inter
3160 4408 3391 4456 mortuos
3425 4401 3552 4457 liber

1949 4489 1968 4555 (
1995 4484 2141 4539 Psal.
2173 4499 2411 4550 Lxxxvn,
2444 4482 2530 4552 5).
2585 4482 2836 4554 Suscepit
2886 4485 3107 4556 quidem
3157 4489 3410 4548 affectum
3457 4508 3552 4564 pa-

256 4582 393 4650 Quid
421 4583 489 4639 de
539 4585 726 4641 Rahab
754 4587 954 4654 dicam,
985 4603 1105 4657 quae
1132 4587 1235 4643 hoc
1262 4603 1488 4644 munere
1526 4589 1732 4644 invenit
1759 4604 1846 4645 sa-
1871 4575 1924 4635 D
1951 4575 2138 4642 Ρθῐιιίει
2166 4576 2262 4631 sed
2293 4589 2401 4630 ηοη
2431 4575 2681 4645 (Nimim
2704 4575 2932 4633 alterius
2961 4580 3242 4638 auxilium-

259 4672 420 4729 ltttem
462 4675 654 4746 (Iosue
681 4692 735 4742 ιι,
765 4678 789 4732 1
824 4687 872 4731 et
901 4695 1006 4747 seq.
1032 4678 1096 4747 )?

331 4768 456 4822 106.
496 4769 884 4838 Compatimini
929 4771 996 4826 iis
1045 4773 1134 4841 qui
1177 4773 1380 4844 alligati
1430 4782 1682 4830 tenentur
1731 4773 1851 4828 vin-

259 4857 417 4922 culis,
465 4866 736 4928 tamquam
787 4859 944 4916 simul
967 4861 1192 4934 alligati.
1225 4851 1670 4920 Consolantiniin
1702 4864 1849 4919 luctu

260 4950 468 5019 positos
497 4971 510 5004 :
546 4951 738 5006 Melius
767 4963 840 5008 est
867 4960 1002 5008 enim
1031 4957 1108 5010 ire
1129 4959 1180 5010 in
1209 4958 1418 5012 domum
1466 4960 1652 5021 luctus,
1697 4975 1851 5026 quant

261 5040 314 5094 in
341 5041 550 5095 domum
575 5044 756 5112 gaudii
787 5043 808 5116 (
833 5044 979 5101 Eccl.
1012 5063 1108 5112 vn,
1137 5048 1233 5117 5).
1266 5049 1381 5103 Illic
1404 5048 1566 5103 officii
1595 5050 1847 5103 meritum

264 5130 415 5197 boni,
455 5131 541 5187 hic
599 5133 787 5190 vitium
834 5136 1017 5208 lapsus
1063 5137 1317 5193 refertur.
1366 5139 1653 5193 Postremo
1704 5138 1852 5195 illinc

263 5223 569 5279 mercedem
603 5240 849 5295 sperans,
882 5229 970 5284 hic
993 5230 1269 5298 recepisti.
1305 5229 1513 5285 Sentite
1544 5228 1758 5301 1048
1783 5232 1852 5288 de

263 5315 636 5375 laborantibus
671 5331 945 5390 tamquam
980 5323 1137 5377 simul
1162 5322 1490 5377 laborantes.

261 5463 277 5506 ί.
336 5459 362 5488 ⁸
408 5451 538 5506 Mss.
589 5451 812 5522 aliquot,
847 5465 900 5507 ut
932 5471 1120 5508 nos...
1171 5470 1331 5521 supra
1358 5456 1608 5509 mundum
1638 5455 1821 5508 simus.

335 5526 363 5564 ιι
394 5522 514 5596 vet.
545 5526 699 5589 edit.,
731 5525 920 5596 inuenit
947 5525 1185 5596 gratiam.
1220 5524 1462 5596 Hospitio
1489 5527 1749 5596 suscipere
1786 5526 1851 5592 ﬁ-

264 5592 389 5646 lium
424 5593 588 5648 Sarra
617 5594 838 5659 meruit;
880 5592 1010 5649 mss.
1063 5594 1288 5662 aliquot,
1329 5592 1514 5652 invenit
1563 5592 1846 5660 Christum,

266 5665 486 5734 hospitio
511 5665 751 5734 suscepit,
805 5665 971 5731 ﬁlium
1017 5664 1183 5719 Sarra
1217 5667 1438 5732 meruit;
1490 5666 1672 5724 caeteri
1722 5681 1849 5721 vero

266 5747 398 5788 mss.
435 5750 499 5789 ac
524 5735 682 5790 Rom.
712 5735 842 5790 edit.
871 5747 929 5790 ut
951 5735 1004 5790 in
1036 5743 1320 5790 contextu.

341 5815 363 5842 ο
394 5804 664 5877 Quidquid
691 5805 794 5863 hoc
815 5815 928 5862 toto
955 5819 1203 5871 numero,
1251 5816 1304 5862 et
1357 5809 1524 5875 prima
1577 5806 1850 5874 sequentis

2027 4671 2152 4725 111.
2186 4669 2333 4725 Hanc
2357 4668 2667 4735 imitamini,
2696 4679 2900 4727 matres
2926 4681 3150 4744 sanctas,
3173 4692 3294 4748 qua:
3311 4679 3366 4734 in
3391 4681 3554 4738 unico

1952 4762 2063 4820 filio
2084 4763 2437 4819 dilectissimo
2464 4771 2670 4820 tantum
2699 4773 2961 4822 maternae
2988 4769 3202 4826 virtutis
3242 4775 3555 4846 exemplum

1952 4857 2160 4922 edidit;
2195 4872 2370 4928 neque
2398 4859 2545 4913 enim
2606 4871 2700 4913 vos
2744 4857 3018 4917 dulciores
3065 4860 3266 4921 liberos
3316 4867 3552 4939 habetis,

1951 4948 1978 4986 ἀ
2017 4965 2192 5022 neque
2247 4948 2380 5004 illud
2411 4948 2578 5019 Virgo
2607 4950 2884 5020 quaerebat
2911 4953 3186 5023 solatium,
3217 4959 3358 5027 quod
3387 4960 3553 5020 alium

1954 5052 2140 5115 posset
2173 5057 2436 5114 generare
2465 5041 2654 5098 lilium.

2031 5134 2157 5190 112.
2189 5134 2402 5189 Domini
2433 5134 2609 5189 servis
2641 5133 2908 5205 imperate
2929 5150 3038 5193 non
3065 5140 3219 5210 qttasi
3249 5142 3560 5203 conditione

1957 5225 2212 5290 subditis,
2241 5224 2336 5280 sed
2369 5224 2441 5278 ita
2472 5233 2530 5278 ut
2573 5234 2783 5282 naturae
2809 5226 3053 5297 ejusdem
3077 5231 3233 5298 cujus
3261 5248 3358 5290 vos
3399 5237 3555 5307 estis,

1964 5331 1984 5355 υ
2001 5327 2285 5374 consortes
2310 5331 2403 5373 eos
2420 5331 2543 5373 esse
2561 5317 2917 5374 memineritis
2945 5318 2992 5390 (ι
3007 5318 3155 5375 Petr.
3177 5338 3233 5393 ιι,
3260 5325 3374 5397 18).
3401 5326 3558 5384 Servi

1961 5459 2112 5527 parte
2155 5449 2484 5527 continetur,
2519 5464 2588 5504 ex
2618 5449 2714 5527 _li_b.
2742 5467 2774 5505 x
2822 5453 2876 5506 in
2924 5451 3258 5527 Lucanum.
3314 5423 3438 5527 1'29,
3493 5478 3558 5521 ac

1956 5519 2132 5649 ribus
2161 5519 2512 5590 sequentibus
2535 5521 2758 5577 totidem
2795 5536 2934 5592 pene
2976 5525 3164 5583 verbis
3207 5519 3553 5601 desumptum

1982 5611 2030 5648 ιιι
2065 5633 2075 5646 .

2028 5663 2054 5699 ά
2097 5663 2209 5741 ᾗσι]
2262 5660 2414 5741 pauci
2449 5675 2605 5728 mss.,
2633 5679 2795 5732 neque
2840 5664 3007 5720 ullum
3059 5665 3242 5741 Κῆρα,
3274 5679 3381 5727 etc.

2033 5745 2055 5770 ι’
2108 5733 2264 5805 Rom.
2295 5733 2444 5797 edit.,
2481 5745 2740 5805 consortes
2764 5751 2875 5790 esse
2902 5751 3012 5790 vos.
3063 5733 3318 5797 Fortasse
3357 5742 3446 5802 hic
3485 5746 3559 5805 sit

1956 5818 2240 5876 operarum
2255 5804 2302 5857 la
2310 5803 2558 5872 psus,sed
2577 5805 2628 5861 in
2647 5820 2838 5864 omnes
2851 5807 3439 5887 seq.edit.propagatus
3447 5803 3556 5882 est.
