4092 6190
546 218 686 274 1225

1871 211 2118 271 SANCTI
2156 211 2482 271 AMBROSII

3714 215 3887 274 1224

545 329 734 387 rabilis
763 329 835 386 sit
863 329 962 385 ista
989 329 1271 399 sanguinis
1297 328 1514 397 divisio,
1548 332 1793 389 reticere'
1823 348 1929 388 non
1977 347 2140 403 queo.
2173 341 2224 400 Α
2321 334 2373 386 7.
2416 333 2505 388 Fit
2546 345 2677 402 ergo
2711 331 2910 387 divisio
2925 331 3171 404 mysticus
3191 331 3357 398 illius,
3393 332 3498 390 hoc
3516 342 3622 402 est,
3650 334 3887 391 divina:

544 423 678 479 Pars
699 421 842 478 enim
875 421 992 491 ejus
1016 421 1277 477 moralem
1313 425 1593 494 sapientia:
1623 424 1960 495 disciplinam
1991 425 2146 480 vide-

547 523 634 570 tur
680 512 1009 583 signiﬁcare,
1044 528 1167 582 pars
1196 514 1500 584 mysticam.
1533 515 1623 570 Illa
1671 532 1790 587 quae
1820 515 1874 571 in
1902 525 2144 571 crateras

545 605 798 672 mittitur,
828 604 1050 660 moralis
1078 613 1162 660 est
1190 622 1204 660 :
1233 605 1350 662 haec
1376 622 1496 676 qua:
1525 607 1590 663 ad
1623 609 1795 664 altare
1823 608 2140 672 eﬂunditur,

543 697 803 768 mystica;
831 711 897 752 eo
921 697 1064 768 quod
1091 697 1276 753 divino
1307 715 1534 756 munere
1563 710 1619 756 et
1647 701 1980 772 aspiratione
2008 716 2144 772 qua-

538 790 661 846 dam
712 789 964 846 humanis
1013 791 1326 848 infundatur
1349 795 1643 860 mentibus,
1668 803 1727 850 ut
1755 796 2143 852 convenientia

543 891 600 938 et
630 882 750 938 lidei
774 881 933 954 plena
955 882 1024 938 de
1047 883 1159 940 Deo
1189 887 1448 942 sentiant.

615 976 670 1032 3.
715 975 958 1046 Denique
977 977 1069 1045 qui
1099 977 1266 1033 locuti
1298 989 1426 1035 sunt
1449 981 1518 1036 de
1535 981 1653 1052 ejus
1666 983 1971 1052 majestate,
1998 990 2053 1036 et
2074 981 2143 1036 de

545 1069 882 1136 ccelestibus,
916 1071 997 1126 vel
1027 1074 1281 1142 apostoli,
1315 1076 1396 1130 vel
1439 1078 1611 1132 sancti
1653 1077 1951 1148 prophetae,
2009 1092 2146 1131 non-

546 1165 648 1220 nisi
680 1179 746 1221 ex
774 1164 1103 1222 revelatione
1150 1166 1520 1225 demonstrata
1551 1169 1654 1226 sibi
1685 1172 1830 1242 loqui
1858 1171 1978 1225 ausi
1998 1178 2141 1224 sunt.

551 1257 702 1314 Unde
729 1257 933 1314 Paulus
961 1268 1015 1314 et
1061 1267 1274 1331 raptum
1305 1277 1364 1316 se
1396 1262 1449 1316 in
1482 1262 1816 1332 paradisum,
1849 1273 1903 1319 et
1930 1263 2148 1319 audisse

547 1364 606 1404 se
628 1351 811 1416 verba,
841 1365 964 1420 qua:
985 1364 1090 1406 non
1116 1351 1242 1407 licet
1272 1352 1479 1408 homini
1508 1354 1675 1423 loqui,
1712 1355 1766 1410 in
1792 1354 2021 1424 epistola
2049 1369 2146 1410 sua

546 1441 863 1498 testiﬁcatus
888 1452 973 1498 est
995 1443 1064 1514 (ll
1098 1443 1222 1498 Cor.
1252 1460 1329 1512 xt,
1352 1445 1409 1516 4)
1438 1464 1450 1498 :
1484 1445 1794 1517 Stephanus
1819 1462 2037 1518 quoque
2060 1448 2144 1502 vi-

545 1533 628 1590 dit
650 1534 819 1591 caalos
840 1544 1080 1606 apertos,
1097 1546 1154 1592 et
1178 1536 1363 1592 Jesum
1393 1538 1460 1592 ad
1479 1537 1764 1595 dexteram
1793 1541 1884 1595 Dei
1914 1549 2146 1596 stantem

547 1625 687 1696 (Act.
732 1641 802 1682 vri
832 1667 846 1690 ,
879 1623 972 1697 55)
999 1643 1012 1678 :
1037 1635 1064 1663 ι
1114 1637 1169 1681 et
1195 1627 1367 1683 David
1400 1629 1667 1698 prOpbeta
1707 1630 1837 1686 vidit
1867 1630 2146 1686 sedentem

2250 424 2581 494 moralisque
2606 423 2911 494 sapientiai.
2942 422 3104 498 Λόγος
3135 425 3278 480 enim
3301 424 3506 480 divisor
3531 435 3618 482 est
3645 427 3889 484 anima—

2248 532 2368 572 rum
2389 526 2551 588 atque
2580 521 2836 572 virtutum
2869 534 2884 573 :
2917 519 3065 590 λόγος
3096 527 3276 574 autem
3314 519 3541 575 verbum
3579 520 3680 576 Dei
3723 523 3886 577 vali-

2248 611 2374 666 dum
2417 620 2473 667 et
2497 621 2740 679 acutum,
2791 611 2934 682 quod
2988 613 3290 682 pertransit
3313 628 3377 669 ac
3398 622 3647 683 penetrat
3681 630 3884 683 usque

2248 703 2315 758 ad
2339 703 2668 760 divisionem
2714 704 2930 770 animae,
2978 705 3212 761 virtutes
3239 721 3457 777 quoque
3485 707 3779 779 distinguit
3813 717 3884 764 et

2247 797 2442 853 dividit
2492 797 2678 869 (Hebr.
2719 814 2793 865 tv,
2855 796 3160 868 I2);cujus
3210 798 3459 854 minister
3483 800 3697 871 Moyses
3718 801 3882 857 divi-

2247 889 2402 944 sione
2428 889 2708 958 sanguinis
2731 891 2987 943 virtutum
3019 903 3223 959 genera
3253 889 3522 945 distinxit.

2319 981 2376 1037 8.
2417 981 2486 1038 Et
2530 984 2655 1053 quia
2687 982 2820 1062 nihil
2854 999 2961 1052 pra:
2993 984 3206 1039 caeteris
3235 985 3288 1039 in
3314 983 3480 1055 Lege,
3507 983 3610 1040 nisi
3640 984 3869 1040 Christi

2247 1072 2513 1129 adventus
2540 1075 2907 1140 annuntiatur,
2933 1082 3095 1146 atque
3118 1075 3235 1146 ejus
3251 1075 3626 1146 prteliguratur
3647 1077 3871 1147 passio;

2251 1165 2377 1220 vide
2403 1179 2470 1219 ne
2493 1166 2592 1221 ista
2619 1166 2692 1220 sit
2719 1165 2894 1220 hostia
2922 1166 3204 1233 salutaris,
3240 1182 3401 1237 quam
3443 1166 3680 1223 Verbum
3710 1168 3876 1223 Deus

2252 1257 2305 1312 in
2319 1259 2614 1328 semetipso
2636 1259 2851 1325 obtulit,
2877 1260 3106 1330 atquein
3126 1274 3226 1314 suo
3249 1259 3552 1314 immolavit
3573 1275 3820 1330 corpore
3852 1280 3870 1316 :

2251 1351 2394 1420 quod
2425 1351 2600 1421 primo
2629 1351 2957 1406 moralemin
2977 1351 3290 1422 Evangelio,
3315 1350 3410 1407 sed
3436 1353 3601 1407 etiam
3632 1352 3684 1407 in
3708 1351 3874 1423 Lege

2252 1443 2436 1500 docuit
2457 1443 2821 1514 disciplinam,
2855 1453 2910 1499 et
2948 1444 2999 1498 in
3032 1459 3128 1500 sua
3175 1444 3435 1514 patientia
3461 1453 3625 1514 atque
3648 1444 3702 1500 in
3734 1445 3870 1514 ipso

2251 1545 2375 1593 actu
2397 1545 2450 1592 et
2475 1552 2640 1608 opere
2670 1539 3020 1603 monstravit,
3067 1548 3340 1609 tamquam
3393 1538 3446 1594 in
3475 1548 3740 1606 crateras,
3777 1540 3866 1594 ita

2253 1629 2308 1684 in
2332 1645 2512 1686 mores
2539 1639 2760 1687 nostros
2781 1645 3083 1702 sensusque
3112 1631 3489 1687 transfundens
3536 1632 3686 1687 velut
3724 1631 3869 1688 sub-
3935 1644 3940 1648 '

545 1719 723 1788 (Psal.
748 1735 870 1787 crx,
905 1720 980 1789 i).
1011 1719 1142 1775 Nam
1173 1719 1241 1776 de
1270 1720 1456 1793 Moyse
1497 1722 1627 1792 quid
1677 1723 1889 1794 loquar,
1931 1723 2000 1780 de
2042 1737 2149 1794 quo
2178 1728 2228 1788 Β
2253 1720 2512 1776 stantiam
2556 1721 2843 1792 quamdam
2881 1731 2936 1777 et
2972 1723 3153 1778 vitalia
3183 1723 3298 1792 ipsa
3321 1724 3619 1793 sapientiae,
3647 1725 3867 1794 quibus

549 1812 999 1882 dicitScriptura,
1027 1812 1172 1883 quod
1201 1827 1308 1868 non
1340 1814 1580 1870 surrexit
1621 1815 1854 1885 amplius
1885 1816 2147 1887 propheta

545 1905 600 1960 in
624 1903 812 1971 Israel,
839 1903 984 1960 sicut
1023 1902 1253 1975 Moyses,
1287 1906 1378 1976 qui
1407 1905 1566 1961 scivit
1594 1906 1884 1962 Dominum
1910 1906 2050 1964 facie
2081 1907 2148 1964 ad

547 1997 763 2063 faciem,
805 1997 858 2052 in
883 1997 1136 2053 onmibus
1158 1998 1330 2069 signis
1356 2008 1410 2055 et
1431 1999 1711 2071 prodigiis,
1766 2016 1888 2072 qua:
1931 2001 2060 2058 fecit
2093 2002 2147 2057 in

549 2099 693 2146 terra
723 2088 940 2161 Egypti
962 2087 1146 2163 (Deut.
1179 2105 1373 2158 xxxiv,
1415 2094 1502 2159 IO,
1534 2090 1647 2161 II).

619 2181 676 2238 4.
708 2181 734 2220 δ
756 2182 981 2254 Mystica
1009 2197 1139 2254 ergo
1162 2183 1509 2250 Deolibatur,
1529 2186 1620 2256 qui
1649 2185 1938 2256 splendore
1953 2186 2150 2243 divinae

549 2277 854 2349 sapientiae,
881 2277 1038 2346 cujus
1061 2287 1213 2348 pater
1247 2286 1304 2334 et
1342 2279 1555 2350 genitor
1571 2288 1674 2346 est,
1705 2279 2003 2334 inflammat
2029 2280 2148 2335 ani-

551 2384 656 2425 mae
681 2369 922 2440 vigorem
962 2383 1027 2424 ac
1066 2377 1305 2424 mentem
1332 2369 1621 2426 illuminat.
1670 2369 1948 2441 Sapientia
1968 2379 2147 2427 autem

553 2461 646 2516 Dei
685 2459 955 2527 Christus,
987 2461 1041 2516 in
1082 2461 1238 2532 cujus
1262 2470 1484 2534 pectore
1519 2463 1874 2518 recumbebat
1912 2464 2151 2520 Joannes

550 2553 732 2626 (loau.
762 2571 882 2622 xm,
927 2554 1043 2627 25),
1077 2564 1136 2610 ut
1174 2555 1242 2612 de
1271 2556 1562 2627 principali
1598 2557 1690 2611 illo
1717 2566 2039 2628 secretoque
2066 2572 2152 2612 sa-

550 2645 766 2717 pientiae
789 2646 1033 2703 hausisse
1053 2647 1238 2703 divina
1259 2647 1583 2718 proderetur
1601 2649 1878 2718 mysteria.
1905 2648 2149 2720 Denique

551 2735 668 2808 ipse
697 2738 947 2793 conscius
970 2739 1210 2795 muneris
1241 2738 1344 2794 hoc
1363 2738 1606 2808 scripsit,
1632 2739 1722 2809 qui
1753 2740 2038 2810 sibi,quod
2060 2755 2150 2796 ac-

548 2839 788 2901 ceperat,
824 2829 1122 2899 vindicare,
1150 2839 1204 2887 et
1220 2845 1321 2886 suo
1353 2830 1634 2901 assignare
1665 2831 1884 2902 ingenio
1900 2833 2150 2890 reformi-

549 2920 731 2977 dabat.
754 2920 860 2977 Sed
877 2930 933 2976 et
952 2922 1067 2992 ipse
1097 2921 1358 2977 Dominus
1383 2921 1599 2978 dicebat
1614 2924 1899 2993 apostolis,
1918 2939 2148 2982 ossuum

550 3015 836 3084 aperiens:
863 3014 1091 3084 Accipite
1115 3014 1371 3082 Spiritum
1401 3001 1639 3070 sanctum
1671 3015 1848 3087 (Joan.
1887 3033 1980 3082 xx,
2013 3017 2107 3088 ‘22)
2132 3035 2146 3082 ;

2254 1819 2463 1867 mentes
2481 1811 2761 1868 hominum
2778 1812 3070 1868 viviﬁcavit
3083 1814 3150 1868 ad
3165 1813 3376 1870 virtutis
3397 1813 3750 1870 seminarium
3763 1855 3778 1880 ,
3798 1823 3871 1870 et

2253 1905 2496 1961 instituta
2522 1906 2739 1976 pietatis
2773 1923 2787 1959 :
2821 1906 3015 1963 deinde
3050 1907 3312 1964 accedens
3336 1907 3402 1964 ad
3427 1907 3622 1974 altare,
3649 1907 3867 1964 effudit

2252 1997 2444 2053 hostia:
2467 2013 2580 2052 suae
2608 2000 2951 2070 sanguinem.

2323 2091 2378 2145 9.
2420 2089 2607 2160 Itaque
2635 2092 2753 2148 sive
2794 2093 2864 2148 ita
2897 2092 3012 2148 haec
3049 2094 3306 2164 accipias,
3340 2094 3479 2161 pius,
3502 2103 3561 2148 ut
3588 2093 3858 2159 arbitror,

2252 2194 2448 2237 sensus
2465 2191 2547 2238 est
2581 2200 2593 2236 :
2625 2182 2742 2239 sive
2787 2184 3086 2240 secundum
3123 2185 3469 2241 Salomonem
3513 2185 3674 2250 velis,
3713 2199 3861 2241 con-

2253 2272 2426 2327 currit
2465 2287 2641 2343 seque,
2688 2282 2746 2328 ut
2797 2274 2920 2344 quia
2968 2276 3284 2345 sanguinem
3335 2275 3484 2331 misit
3525 2277 3578 2330 in
3607 2284 3863 2333 crateras

2253 2363 2466 2435 Moyses
2495 2366 2781 2436 propheta,
2827 2382 3122 2438 cognoscas
3147 2367 3323 2438 ipsum
3353 2382 3476 2424 esse
3497 2369 3850 2440 sanguinem,

2253 2453 2322 2511 de
2350 2470 2458 2526 quo
2484 2457 2742 2526 scriptum
2765 2469 2850 2514 est
2876 2460 3002 2529 quia
3026 2460 3291 2530 sapientia
3308 2461 3524 2517 miscuit
3553 2461 3607 2515 in
3637 2471 3862 2518 cratere

2254 2547 2437 2602 vinum
2463 2563 2618 2604 suum
2642 2549 2824 2620 (Prov.
2859 2567 2934 2617 rx,
2961 2552 3045 2622 2),
3074 2552 3265 2608 dicens
3296 2563 3354 2608 ut
3374 2553 3745 2624 relinquerent
3771 2555 3862 2609 in—

2253 2639 2589 2710 sipientiam,
2627 2653 2682 2697 et
2721 2653 3029 2714 quaererent
3076 2645 3422 2716 sapientiam.
3449 2646 3704 2702 Hauritur
3719 2662 3861 2718 ergo

2251 2732 2322 2788 de
2343 2743 2553 2790 cratere
2583 2736 2875 2804 sapientia,
2893 2737 3140 2793 hauritur
3157 2738 3471 2809 disciplina,
3495 2738 3742 2794 hauritur
3772 2740 3860 2794 in-

2254 2825 2528 2892 tellectus,
2563 2827 2812 2882 hauritur
2834 2829 3130 2897 correctio,
3159 2830 3413 2886 hauritur
3440 2831 3565 2886 vita:
3593 2830 3858 2886 emenda-

2255 2917 2350 2985 tio,
2377 2917 2628 2974 bauritur
2655 2935 2866 2975 morum
2895 2930 2951 2976 et
2977 2923 3340 2979 consiliorum
3365 2925 3713 2996 temperatio,
3738 2926 3857 2995 pie-

2253 3008 2378 3063 tatis
2400 3009 2598 3080 gratia,
2624 3007 2842 3066 virtutis
2871 3011 3294 3079 incrementum,
3328 3013 3454 3070 fons
3480 3014 3762 3070 ubertatis.

551 3121 660 3178 quo
700 3105 998 3161 declaravit
1031 3107 1243 3178 1053
1286 3121 1346 3163 se
1391 3123 1534 3176 esse,
1566 3109 1657 3180 qui
1698 3109 1868 3181 Moysi
1899 3110 2148 3168 dixerat:
2182 3107 2226 3167 C
2329 3101 2416 3157 10.
2457 3101 2615 3168 Quod
2645 3117 2776 3158 vero
2800 3102 2868 3158 ad
2894 3103 3069 3159 altare
3095 3103 3328 3161 effundit
3367 3107 3706 3178 sanguinem,
3734 3104 3760 3142 ἀ
3795 3116 3858 3162 ut

556 3199 666 3272 Ego
689 3199 916 3271 aperiam
937 3216 993 3254 os
1016 3209 1179 3267 tuum,
1203 3209 1250 3254 et
1294 3201 1546 3255 instruant
1573 3211 1620 3256 te
1638 3202 1763 3272 quid
1789 3202 1976 3258 debeas
2015 3205 2153 3274 loqui

559 3291 759 3362 (Exod.
792 3307 868 3358 tv,
897 3292 1012 3363 12).
1042 3291 1188 3362 Ergo
1218 3290 1337 3348 haec
1359 3293 1619 3362 sapientia
1639 3293 1844 3357 divina,
1876 3295 2156 3350 inenarra-

554 3384 716 3460 bilis,
732 3383 1080 3454 impermixta
1099 3391 1264 3454 atque
1290 3383 1602 3454 incorrupta
1625 3392 1938 3440 sanctorum
1959 3384 2156 3440 animis

555 3477 639 3534 sui
682 3475 1188 3547 infunditgratiam,
1216 3485 1272 3531 et
1295 3475 1662 3547 cognitionem
1696 3475 1926 3540 revelat,
1953 3485 2009 3531 ut
2029 3489 2156 3546 spe-

556 3569 810 3626 culentur
837 3568 957 3638 ejus
985 3568 1238 3638 gloriam.

625 3662 679 3718 5.
723 3661 816 3716 Illa
845 3669 1023 3716 autem
1075 3660 1299 3717 moralis
1351 3661 1637 3732 sapientiae
1687 3661 1975 3733 disciplina
2028 3670 2154 3727 est,

553 3773 674 3829 qum
694 3755 929 3812 mittitur
958 3754 1014 3810 in
1043 3763 1312 3821 crateras,
1340 3762 1396 3811 et
1424 3769 1488 3812 ex
1530 3755 1636 3810 illis
1665 3755 1966 3827 percipitur
1994 3763 2157 3826 atque

557 3846 826 3904 hauritur.
873 3846 1127 3902 Crateres
1151 3845 1317 3918 igitur
1342 3861 1597 3903 sensuum
1628 3847 1992 3918 receptacula.
2027 3846 2158 3903 Cra-

557 3949 702 3997 teres
732 3939 878 3995 oculi
917 3939 1377 4005 suntduo,aures
1392 3949 1538 4006 sunt,
1569 3953 1730 3995 nares
1755 3947 1903 4004 sunt,
1937 3953 1998 3994 os
2023 3953 2159 4010 quo-

548 4045 676 4102 que,
703 4039 761 4085 et
789 4030 910 4085 alia:
930 4038 1113 4101 partes
1142 4033 1539 4088 convenientes
1558 4032 1803 4098 muneri;
1837 4031 1982 4088 oculi
2011 4033 2156 4087 enim

554 4123 727 4180 visum
760 4121 1029 4194 recipiunt
1048 4123 1449 4190 etministrant,
1470 4123 1709 4179 auditum
1733 4139 1914 4191 aures,
1935 4124 2158 4181 odorem

556 4232 738 4282 nares,
769 4232 866 4273 ora
887 4226 1186 4287 gustatum,
1208 4227 1266 4273 et
1291 4225 1511 4274 caetera.
1536 4219 1593 4273 In
1617 4219 1752 4274 istos
1771 4227 2008 4274 crateres
2025 4219 2160 4275 Ver-

555 4310 683 4366 bum
718 4303 882 4374 illud,
907 4309 959 4364 in
983 4323 1092 4378 quo
1118 4316 1202 4364 est
1237 4309 1578 4378 principatus
1599 4309 1894 4366 sacerdotii
1921 4309 2007 4365 vel
2035 4324 2161 4380 pro-

551 4401 771 4472 phetiae,
803 4397 1032 4455 ell‘undit
1063 4396 1344 4468 sanguinis
1372 4398 1456 4454 sui
1487 4407 1670 4468 partes
1690 4440 1705 4464 ,
1731 4410 1790 4455 ut
1816 4401 2051 4456 vivificet
2071 4411 2158 4456 at-

2262 3194 2537 3264 intelligas
2587 3195 2714 3252 licet
2790 3196 3125 3253 ablutionem
3179 3199 3411 3268 mundi,
3473 3201 3853 3256 remissionem

2267 3284 2482 3357 1055.
2519 3285 2764 3342 omnium
2795 3295 3165 3355 peccatorum.
3211 3289 3424 3346 Etenim
3455 3289 3771 3360 sanguinem
3791 3289 3859 3344 il-

2257 3378 2370 3430 lum
2399 3377 2468 3431 ad
2499 3377 2674 3434 altare
2705 3380 2862 3449 quasi
2910 3380 3142 3436 hostiam
3184 3381 3413 3438 eﬂ‘undit
3449 3382 3516 3437 ad
3558 3383 3872 3448 multorum,

2257 3469 2630 3526 exbaurienda
2684 3484 2930 3543 peccata.
2979 3475 3163 3544 Agnus
3207 3475 3353 3529 enim
3410 3474 3589 3528 hostia
3620 3485 3728 3546 est,
3757 3475 3856 3531 scd

2258 3581 2432 3638 agnus
2467 3583 2576 3622 non
2611 3569 3002 3625 irrationabilis
3029 3577 3259 3636 naturte,
3288 3567 3387 3623 sed
3425 3567 3624 3623 divinae
3651 3577 3853 3638 poten-

2260 3657 2371 3728 tite,
2403 3659 2471 3715 de
2499 3675 2607 3730 quo
2645 3659 2852 3716 dictum
2895 3669 2980 3717 est
3020 3677 3034 3713 :
3068 3659 3196 3715 Ecce
3243 3676 3408 3731 agnus
3438 3657 3558 3725 Dei,
3610 3675 3726 3714 ecce
3765 3662 3854 3730 qui

2263 3751 2399 3806 tollit
2427 3761 2635 3824 peccata
2678 3754 2859 3808 mundi
2885 3753 3066 3826 (Joan.
3095 3751 3276 3824 1,29).
3324 3751 3441 3808 Non
3482 3751 3657 3808 solum
3707 3753 3852 3809 enim

2260 3843 2544 3899 mundavit
2567 3845 2831 3915 sanguine
2875 3844 3069 3900 delicta
3103 3844 3514 3911 universorum,
3566 3843 3662 3900 sed
3691 3844 3848 3900 etiam

2260 3933 2442 3989 divina
2477 3944 2748 4006 potestate
2771 3936 3012 3992 donavit.
3061 3937 3140 3991 An
3187 3951 3293 3992 non
3337 3935 3433 3992 tibi
3477 3935 3693 3991 videtur
3723 3935 3850 3992 etfu-

2264 4028 2413 4085 disse
2440 4031 2764 4100 sanguinem
2796 4045 2974 4098 suum,
3010 4029 3080 4086 de
3106 4029 3262 4100 cujus
3291 4029 3464 4086 latere
3493 4044 3659 4099 supra
3683 4029 3850 4098 ipsum

2265 4121 2542 4191 passionis
2565 4121 2738 4179 altare
2766 4137 2904 4193 aqua
2930 4122 3175 4178 cucurrit
3203 4131 3261 4178 et
3289 4121 3508 4193 sanguis
3533 4120 3713 4194 (Joan.
3740 4137 3846 4190 xix,

2261 4211 2394 4282 54)?
2426 4212 2580 4281 Vale,
2608 4225 2662 4271 et
2689 4229 2792 4272 nos
2821 4215 3060 4285 parentis
3081 4213 3278 4270 affectu
3304 4213 3491 4285 dilige,
3525 4223 3582 4270 ut
3611 4212 3759 4268 lacis.

2785 4363 3120 4421 EPISTOLA
3162 4364 3349 4421 LXVI.

551 4508 659 4564 que
683 4493 890 4548 animet
905 4489 1309 4546 irrationabiles
1341 4491 1635 4560 portiones,
1655 4501 1710 4547 et
1738 4491 1898 4548 faciat
1920 4492 2160 4550 rationa-
2185 4482 2238 4543 D
2264 4499 2547 4557 Prtemissa
2591 4502 2745 4556 laude
2769 4501 3130 4572 epistolarum,
3161 4502 3379 4556 maxime
3422 4514 3536 4569 qua:
3564 4499 3627 4552 de
3655 4515 3709 4553 re
3735 4497 3846 4553 utili

551 4585 724 4644 'biles.

629 4680 684 4736 6.
727 4679 969 4750 Denique
996 4677 1087 4734 ubi
1113 4677 1276 4750 Legis
1305 4689 1576 4749 praecepta
1623 4679 1965 4736 enumeravit
1992 4691 2159 4751 atque

558 4771 900 4828 annuntiavit
917 4769 1139 4841 populo,
1154 4770 1420 4826 theoriam
1436 4785 1621 4841 postea
1645 4771 1996 4843 intelligibilis
2014 4772 2157 4828 illius

557 4881 698 4921 arca:
722 4864 1046 4931 testimonii,
1074 4863 1163 4920 vel
1196 4862 1534 4932 candelabri,
1565 4875 1586 4902 ο
1619 4865 1704 4920 vel
1732 4865 2151 4937 thymiamaterii

556 4956 860 5021 locuturus,
911 4955 1214 5011 immolavit
1265 4955 1471 5011 hostias
1507 4965 1562 5010 et
1610 4955 1820 5023 libavit,
1871 4957 2149 5027 sanguinis

556 5058 769 5122 partem
792 5047 1075 5104 all‘undens
1101 5047 1363 5104 altaribus
1387 5048 1578 5114 sacris,
1613 5058 1820 5115 partem
1849 5058 2028 5105 autem
2071 5050 2152 5104 in-

551 5142 786 5200 fundens
808 5143 1108 5200 crateribus
1136 5140 1334 5215 (Exod.
1361 5158 1488 5210 xxv,
1520 5143 1584 5197 51
1617 5152 1664 5197 et
1683 5141 1839 5214 seq.).

627 5284 653 5312 ι
693 5274 917 5345 Ιωᾼωεε.
954 5289 1122 5345 prope
1151 5273 1218 5330 ad
1248 5289 1415 5330 unum
1447 5291 1459 5325 :
1492 5271 1624 5345 edit.
1646 5282 1837 5345 autem
1870 5289 1901 5328 e
1931 5281 2148 5345 contra-

549 5345 658 5411 rio,
681 5355 728 5400 et
757 5343 943 5400 Esaias
956 5341 1241 5416 'pro'plteta.
1265 5345 1370 5400 Sed
1415 5341 1767 5416 verisimilius
1804 5354 1887 5397 est
1912 5343 2150 5416 editores

551 5416 678 5472 ideo
708 5413 978 5486 posuisse
999 5413 1481 5486 rb‘Esaiaquuqd
1505 5413 1646 5486 apud
1674 5414 2149 5486 cumpronhetam

549 5501 630 5553 vr,
659 5482 884 5554 Πειρη-θ
933 5485 1220 5552 habeatur,
1262 5482 1380 5554 Vidi
1427 5483 1704 5554 Dominum
1729 5482 2011 5554 sedentem,
2043 5492 2148 5554 etc.

552 5550 712 5626 quam
742 5571 772 5611 a
799 5555 1156 5638 scriptoribus
1183 5550 1281 5638 pro
1313 5553 1470 5638 Esaia
1493 5550 2071 5638 substitutumﬂaeid,
2087 5553 2152 5608 ad

550 5620 713 5696 (ᾗιιβῐη
737 5620 948 5682 scilicet
977 5620 1264 5696 obscurius
1291 5623 1527 5696 refertur
1548 5620 1831 5696 émbrosii
1859 5620 2029 5675 locus.

627 5694 654 5734 δ
693 5696 898 5752 Omnes
929 5694 1090 5762 edit.,
1151 5693 1373 5764 Mystica
1399 5710 1519 5766 ergo
1549 5690 1661 5747 Deo
1687 5688 1951 5756 libantur;
1983 5689 2158 5749 codex

2332 4593 2688 4658 instituuntur,
2739 4592 2885 4647 docet
2936 4609 3028 4663 per
3074 4593 3127 4646 id
3166 4591 3302 4663 quod
3354 4591 3528 4646 Aaron
3578 4590 3846 4644 mulierum

2331 4684 2538 4737 inaures
2559 4684 2612 4737 in
2634 4684 2783 4737 vituli
2803 4693 2958 4753 caput
2976 4686 3302 4755 con/laverit,
3326 4683 3608 4756 signiﬁcari
3625 4692 3845 4754 ereptum

2326 4773 2634 4844 serpentinis
2647 4773 2856 4842 flatibus
2883 4775 3009 4842 fidei
3033 4774 3378 4848 signaculum,
3411 4790 3472 4828 ac
3492 4781 3846 4845 prtemonstra-

2329 4876 2434 4920 tam
2459 4864 2765 4920 Judworum
2790 4866 3143 4921 idololatriam
3167 4885 3185 4921 :
3207 4884 3298 4938 per
3315 4867 3370 4921 id
3385 4882 3502 4922 vero
3524 4866 3660 4938 quod
3681 4867 3846 4937 fractis

2326 4960 2511 5015 tabulis
2538 4959 2744 5031 Moyses
2767 4960 2985 5015 vitulum
3009 4961 3326 5025 comminuit,
3349 4961 3571 5015 indicari
3588 4959 3844 5014 delendam

2333 5051 2632 5122 superbiam
2674 5069 2734 5107 ac
2771 5053 3050 5122 perﬁdiam
3084 5069 3102 5105 :
3130 5069 3222 5123 per
3238 5053 3375 5106 illud
3407 5052 3619 5107 tandem
3644 5051 3776 5121 quod
3796 5051 3843 5104 in

2337 5145 2630 5214 proximum
2644 5146 2802 5218 jussit
2813 5146 3012 5208 saevire,
3041 5158 3132 5198 nos
3151 5143 3443 5212 admoneri,
3475 5153 3530 5198 ut
3551 5141 3842 5212 consangui-

2256 5273 2416 5347 La;t.,
2452 5274 2677 5346 Mystica
2697 5292 2818 5347 pars
2848 5285 3112 5347 ergo,etc.
3147 5293 3162 5340 ;
3195 5275 3293 5331 sed
3314 5275 3618 5346 elegantius
3650 5279 3702 5331 in
3734 5274 3842 5330 reli-

2256 5345 2379 5413 quis
2397 5345 2578 5416 men’te
2605 5345 2918 5415 suppletur,
2927 5347 3236 5416 disciplina;
3267 5347 3318 5400 in
3341 5345 3528 5416 paucis
3553 5356 3732 5403 autem
3754 5360 3841 5401 ms.

2262 5429 2360 5482 pro
2393 5415 2855 5486 libaturilegimus
2894 5417 3040 5470 libat.

2336 5493 2380 5559 °_
2399 5483 2653 5559 Nonnulli
2680 5483 2816 5559 inss.
2849 5495 2906 5559 et
2923 5496 3037 5559 vet.
3059 5486 3218 5552 edit.,
3247 5489 3325 5542 vel
3345 5489 3737 5559 thymiamatis;
3764 5488 3841 5544 alii

2262 5560 2318 5608 et
2346 5553 2503 5629 Item.
2535 5553 2694 5620 edit.,
2723 5555 2803 5629 uel
2831 5557 3250 5629 thymiamaterii.

2335 5619 2361 5659 ἀ
2401 5622 2476 5676 Ita
2507 5619 2809 5691 mss.;edit.
2847 5619 2997 5692 vero,
3035 5628 3322 5698 intelligere
3350 5628 3484 5682 licet.
