4076 6172
528 234 663 288 1251

1907 236 2152 294 SANCTI
2192 238 2516 299 AMBROSII

3699 261 3854 319 1252.

527 344 741 402 Domini
765 344 946 402 offerri
997 351 1161 414 atque
1213 343 1488 400 immolari
1519 361 1617 415 pro
1671 357 1899 418 peccato
1930 366 1944 402 :
1972 350 2123 404 illum
2152 349 2204 410 Α
2232 360 2401 408 ternae
2449 354 2819 425 indulgentiae,
2845 359 2916 414 sit
2963 361 3072 418 illis
3102 365 3300 420 coelum
3325 382 3555 434 aereum,
3576 384 3851 430 concreto

525 455 658 494 vero
707 440 757 492 in
799 452 908 507 quo
957 451 1080 491 sors
1145 439 1571 494 transmissionis
1609 483 1623 504 ,
1676 441 1875 496 dimitti
1929 443 1980 496 in
2034 445 2128 500 de-

523 542 727 586 sertum
760 546 774 593 ;
810 538 867 582 ut
894 529 1130 598 accipiat
1175 531 1360 601 populi
1393 532 1730 604 iniquitates,
1764 536 1849 590 vel
1896 536 2128 607 alicujus

523 632 831 697 peccatoris
857 627 1046 698 (Leuit.
1069 646 1157 684 xvn
1175 673 1188 695 ,
1210 630 1244 685 8
1262 642 1308 686 et
1329 632 1484 702 seq.).
1520 632 1671 688 Sicut
1697 634 1841 688 enim
1873 632 1982 688 duo
2002 644 2128 689 sunt

523 721 575 774 in
618 735 770 791 agro,
796 730 853 776 et
883 737 1026 778 unus
1052 737 1243 779 eorum
1275 736 1610 791 assumetur,
1644 735 1701 781 et
1727 726 1866 788 alius
1889 725 2126 781 derelin-

517 822 721 883 quetur
750 812 969 885 (Matth.
1004 831 1152 881 xxw,
1180 815 1314 884 40);
1368 817 1440 871 ita
1473 827 1602 872 sunt
1653 817 1760 872 duo
1795 818 1953 884 hirci,
1990 834 2126 872 unus

516 904 609 972 qui
639 905 709 960 ad
749 906 1079 961 sacriﬁcium
1107 917 1190 962 est
1225 907 1400 974 utilis,
1452 908 1596 963 alius
1627 909 1719 979 qui
1770 909 1822 982 in
1848 908 2124 964 desertum

519 997 841 1054 dimittitur.
878 999 976 1056 llic
1029 1001 1164 1056 nulli
1192 1002 1310 1056 usui
1345 1042 1360 1066 ,
1413 1017 1589 1072 neque
1637 1002 1906 1071 edendus,
1951 1018 2128 1074 neque

523 1092 740 1164 loco
769 1093 1070 1162 epulandus
1115 1103 1203 1149 est
1228 1094 1578 1150 sacerdotum
1603 1094 1772 1173 ﬁliis.
1801 1095 1954 1150 Sicut
1981 1095 2123 1150 enint

513 1200 582 1240 ex
613 1185 700 1249 iis,
731 1201 854 1256 quae
880 1187 1267 1242 alimentorum
1291 1195 1440 1253 sunt,
1469 1187 1615 1258 quod
1641 1188 1842 1243 bonum
1875 1195 1980 1253 est,
2012 1186 2126 1243 edi-

522 1291 612 1336 tur
640 1297 654 1336 :
684 1281 827 1350 quod
858 1281 1050 1338 inutile
1078 1291 1172 1337 aut
1201 1282 1769 1352 malum,projicitur;
1804 1281 1878 1336 ita
1908 1289 1964 1337 et
1983 1280 2124 1336 bona

520 1389 686 1444 opera
709 1374 1012 1444 epulatoria
1041 1373 1296 1440 dicimus,
1332 1383 1357 1410 δι
1381 1376 1506 1444 quia
1551 1372 1834 1429 suntesui.

595 1467 681 1522 M.
705 1467 822 1522 Non
853 1467 1088 1537 placebit
1115 1482 1248 1538 ergo
1273 1468 1527 1531 Domino,
1553 1468 1597 1521 si
1622 1466 1914 1522 manducet
1943 1479 2127 1520 sacer-

525 1559 626 1614 dos
654 1558 1008 1623 sacriﬁcittm,
1060 1559 1111 1613 in
1143 1559 1288 1628 quod
1319 1558 1346 1596 δ
1379 1558 1531 1613 fraus
1571 1557 1643 1612 sit
1671 1555 1984 1622 oblationis,
2019 1570 2125 1610 non

526 1653 730 1709 sedula:
757 1652 1122 1708 confessionis
1151 1653 1462 1708 sinceritas.
1491 1651 1561 1705 Et
1593 1650 1716 1705 ideo
1739 1650 1920 1705 hircus
1943 1652 2050 1704 iste
2074 1649 2126 1702 in

2232 459 2381 509 aere,
2411 455 2467 501 et
2496 447 2734 503 solidata
2779 449 2833 504 in
2892 453 3095 508 metalli
3155 456 3415 527 rigorem,
3447 463 3519 518 sit
3549 463 3658 520 illis
3692 475 3846 522 terra

2233 536 2440 605 ferrea,
2473 549 2662 608 partus
2686 556 2813 596 suos
2839 545 3093 600 nesciens
3116 589 3132 613 ,
3171 546 3189 583 ί
3228 558 3288 604 ut
3324 553 3470 622 quod
3515 555 3848 629 plerumque

2234 626 2413 699 in0pia
2434 630 2649 696 habeat,
2665 633 2967 691 discordias
2982 651 3194 695 serens.
3216 641 3395 713 Rapto
3415 645 3563 701 enim
3588 626 3842 716 utuntur,

2230 720 2318 789 qui
2350 721 2496 777 victu
2525 723 2799 795 indigent;
2831 739 2886 782 ut
2913 729 3106 786 alienis
3123 732 3424 804 dispendiis
3451 739 3649 799 famem
3680 759 3842 801 suam

2231 813 2510 871 ablevent.

2300 907 2353 960 4.
2389 906 2510 962 iam
2552 911 2596 964 si
2627 921 2681 966 et
2709 912 2920 969 offensa
2944 916 3364 978 inhabitantium
3404 924 3834 997 ltujnsmodisit,

2231 1007 2289 1052 ut
2321 998 2501 1055 divina
2552 1007 2922 1063 commotione
2972 1010 3038 1065 iis
3091 1011 3398 1072 inferantur
3445 1020 3654 1091 przelia,
3703 1039 3840 1081 vere

2231 1097 2377 1144 terra
2407 1101 2488 1147 est
2534 1092 2733 1161 ferrea,
2770 1111 2793 1145 ες
2825 1100 3056 1156 telorum
3114 1109 3389 1177 segetibus
3441 1112 3751 1184 inhorreus,
3779 1126 3842 1174 et

2231 1184 2344 1239 suis
2376 1186 2519 1242 nuda
2559 1188 2846 1260 fructibus,
2881 1194 3107 1253 fecunda
3152 1201 3218 1255 ad
3263 1218 3503 1271 pinnam,
3535 1209 3836 1268 sterilisad

2229 1274 2563 1334 alimoniam.
2599 1280 2702 1338 Ubi
2734 1293 2915 1341 autem
2961 1288 3346 1349 abundantia?
3388 1296 3524 1354 Ecce
3559 1319 3655 1374 ego
3703 1305 3836 1372 pluo

2229 1368 2370 1423 vobis
2397 1387 2576 1439 panes,
2605 1373 2730 1430 dicit
2761 1374 3017 1436 Dominus
3065 1382 3266 1455 (Exod.
3289 1405 3406 1458 xvt,
3459 1391 3536 1461 4).
3589 1368 3743 1464 i/ale,
3777 1406 3840 1453 et

2231 1475 2331 1517 nos
2354 1461 2543 1534 dilige;
2570 1467 2696 1536 quia
2731 1485 2832 1525 nos
2860 1480 2914 1527 te
2939 1472 3242 1544 diligimus.

2622 1563 2828 1635 1061
2868 1565 3207 1625 EPISTOLA
3259 1573 3448 1630 LXIX.

2234 1644 2459 1718 Roganti
2496 1667 2654 1720 quare
2688 1652 2799 1709 Lex
2837 1658 2974 1712 viros
3010 1671 3144 1716 ueste
3181 1665 3446 1734 muliebri,
3489 1685 3552 1723 ac
3589 1675 3836 1731 mulieres

521 1745 800 1801 desertum
829 1743 1189 1798 dimittendus
1219 1752 1325 1810 est,
1359 1743 1448 1797 ubi
1471 1751 1798 1798 erravetunt
1827 1751 2004 1812 patres
2027 1755 2125 1796 no-
2159 1742 2206 1801 B
2303 1746 2442 1799 virili
2465 1748 2541 1801 uti
2564 1750 2872 1819 prohibeat;
2897 1757 3171 1824 respondet
3191 1776 3223 1812 a
3243 1770 3428 1816 natura
3452 1765 3508 1818 id
3525 1766 3833 1839 abhorrere,

525 1836 648 1898 stri,
673 1845 997 1890 erraverunt
1028 1834 1082 1888 in
1117 1849 1212 1900 eo,
1249 1843 1306 1889 et
1337 1849 1443 1888 non
1478 1841 1771 1903 potuerunt
1797 1846 1816 1866 ε’
1847 1832 1914 1887 ad
1944 1847 2127 1887 resur-

523 1927 787 1984 rectionis
813 1936 1018 1982 terram
1050 1917 1356 1996 pervenire,
1386 1924 1483 1980 sed
1525 1923 1732 1980 interiit
1762 1939 1792 1977 a
1837 1933 1978 1978 terra
2008 1938 2123 1979 me-

521 2024 699 2083 moria
739 2037 952 2077 eorum.
984 2021 1225 2090 Denique
1254 2035 1376 2089 quae
1429 2019 1540 2074 sint
1587 2018 1892 2088 epulatoria
1935 2033 2121 2088 opera,

510 2115 638 2171 andi
673 2132 685 2167 :
724 2113 791 2168 Et
822 2123 968 2168 erunt
999 2112 1214 2166 sabbata
1255 2121 1407 2166 terra:
1435 2110 1576 2164 vobis
1626 2107 1960 2179 σπωμένη.
1995 2125 2122 2174 xxv,

512 2206 593 2276 6).
650 2205 970 2276 Epulatoria
1007 2204 1175 2259 .enitn
1231 2212 1286 2258 et
1327 2202 1617 2258 refectoria
1668 2201 1885 2272 requies
1908 2202 1960 2255 in
1989 2201 2122 2267 Deo,

513 2315 637 2371 qua:
676 2298 806 2352 facit
857 2297 1028 2352 animi
1057 2294 1536 2366 tranquillitatem.
1572 2293 1726 2350 Unde
1753 2304 1807 2350 et
1840 2310 1937 2349 nos
1961 2294 2126 2349 etiam

518 2389 574 2445 in
606 2404 860 2444 sermone
887 2388 1317 2459 requiescamus.
1347 2385 1501 2452 Vale,
1550 2395 1608 2441 et
1657 2400 1779 2452 nos,
1835 2393 1891 2440 ut
1923 2384 2124 2454 diligis,

512 2483 712 2553 dilige;
742 2482 868 2552 quia
897 2496 998 2536 nos
1031 2489 1084 2535 te
1107 2479 1406 2550 diligimus.

1027 2571 1364 2630 EPISTOLA
1403 2571 1640 2627 LXVIII.

521 2670 787 2736 Quidnam
827 2666 968 2724 Deus
1022 2665 1222 2720 Judazis
1274 2666 1640 2719 interminatus
1672 2665 1852 2734 fuerit,
1907 2665 2121 2721 dicens:

586 2763 792 2820 Ponant
822 2762 1020 2819 ctelutn
1053 2775 1282 2825 aareum,
1314 2767 1368 2813 et
1405 2768 1606 2813 terram
1631 2760 1882 2813 ferream.

1061 2854 1370 2908 Aunnostus
1411 2851 1667 2907 ROIULo.

591 2951 644 3004 ἱ.
669 2950 804 3004 Cum
836 2948 913 3002 sis
941 2948 996 3002 in
1021 2961 1175 3016 agro,
1210 2944 1381 2999 miror
1407 2958 1513 3013 qua
1537 2943 1752 2998 ratione
1777 2942 1846 2998 de
1875 2959 1962 2999 me
1983 2959 2126 3014 qua:—

522 3042 754 3100 t'endum
789 3040 1092 3111 putaveris,
1116 3053 1212 3094 cur
1261 3037 1467 3093 dixerit
1521 3037 1659 3092 Deus
1693 3035 1757 3090 :d
1785 3037 1987 3092 Ponam
2029 3055 2128 3092 ca:-

2303 1847 2356 1892 ut
2377 1856 2440 1892 ea:
2461 1840 2624 1894 brutis
2644 1843 2773 1912 ipsis
2791 1847 3130 1920 intelligitur;
3148 1855 3365 1923 feminas
3383 1867 3554 1912 tamen
3570 1861 3804 1916 virorum
3817 1907 3832 1930 ,

2299 1947 2451 2000 quam
2490 1936 2626 1990 viros
2667 1937 2980 2006 feminarum
3009 1945 3206 1999 cultum
3236 1963 3432 2004 sumere
3463 1953 3789 2011 tolerabilius
3816 1973 3837 2010 :

2301 2032 2355 2076 at
2386 2024 2548 2095 legem
2576 2030 2750 2099 potius
2781 2047 2892 2088 esse
2919 2034 2982 2087 de
3011 2038 3238 2094 moribus
3265 2081 3279 2105 ,
3309 2058 3463 2110 quant
3492 2043 3556 2098 de
3581 2047 3829 2105 vestibus.

2305 2112 2432 2169 Post
2457 2134 2575 2187 qua:
2601 2121 2654 2174 in
2683 2138 2800 2191 eos,
2828 2127 2919 2196 qui
2946 2129 3168 2198 capillos
3193 2133 3482 2202 crisparent
3501 2177 3514 2200 ,
3550 2136 3829 2194 invehitur.

2579 2211 2883 2270 Auanosms
2930 2216 3181 2283 laeuo,
3227 2223 3480 2280 salutem.

2309 2300 2356 2353 1.
2392 2299 2664 2358 Pcrtulisti
2695 2304 2763 2360 ad
2795 2322 2881 2363 me
2909 2311 3067 2378 quasi
3106 2312 3250 2369 ﬁlius
3275 2317 3598 2385 quaesivisse
3617 2323 3832 2394 aliquos

2231 2391 2299 2449 de
2328 2403 2400 2462 te,
2422 2397 2551 2464 quid
2577 2398 2680 2455 sibi
2711 2401 2845 2456 velit
2872 2403 3017 2472 quod
3050 2413 3157 2461 tam
3209 2422 3402 2466 severe
3444 2411 3559 2468 Lex
3597 2391 3834 2472 immun-

2205 2485 2330 2554 ,dos
2367 2503 2466 2543 eos
2492 2488 2711 2558 dixerit,
2744 2494 2837 2564 qui
2861 2495 3021 2551 alieni
3051 2513 3218 2555 sexus
3249 2510 3538 2560 uterentur
3567 2507 3829 2576 vestibus,

2230 2578 2317 2634 vel
2350 2581 2496 2636 viros
2526 2582 2734 2639 scilicet
2782 2587 2867 2642 vel
2917 2589 3175 2648 mulieres
3205 2610 3219 2658 ;
3264 2595 3343 2650 sic
3379 2597 3527 2654 enim
3565 2599 3831 2671 scriptum

2231 2681 2314 2727 est
2340 2690 2352 2724 :
2386 2673 2414 2710 h
2446 2675 2568 2729 Non
2596 2678 2693 2732 erit
2724 2695 2804 2734 res
2828 2683 2926 2735 viri
2952 2699 3109 2755 super
3135 2688 3422 2757 mulierem,
3454 2709 3618 2764 neque
3641 2695 3832 2752 induc-

2231 2774 2313 2817 tur
2337 2766 2417 2819 rir
2443 2767 2630 2824 stolam
2651 2771 2952 2827 muliebrem
2982 2792 3000 2840 ;
3029 2777 3154 2845 quia
3176 2780 3476 2838 immundus
3503 2795 3578 2840 est
3605 2786 3832 2845 Domino

2231 2857 2419 2924 omnis,
2451 2861 2539 2927 qui
2570 2863 2748 2931 fecerit
2774 2864 2883 2920 luet:
2913 2867 3089 2940 (Deut.
3118 2887 3251 2937 uti,
3283 2874 3364 2946 5).

2302 2949 2356 3003 2.
2393 2951 2522 3006 Etsi
2552 2969 2681 3010 vere
2703 2955 2992 3027 discutias,
3024 2961 3387 3036 incongruum
3411 2980 3516 3038 est,
3541 2972 3684 3042 quod
3711 2974 3830 3044 ipsa

2230 3041 2392 3096 etiam
2419 3043 2679 3102 abhorret
2700 3052 3041 3108 natura.Cur
3060 3057 3206 3111 enim
3238 3060 3404 3117 homo
3427 3079 3533 3119 non
3561 3041 3639 3121 vis
3657 3066 3830 3122 videri

519 3136 627 3188 lum
655 3149 843 3188 aereum
871 3175 885 3198 ,
927 3141 973 3185 et
1027 3141 1217 3186 terram
1265 3131 1486 3200 ferream
1541 3129 1724 3201 (Deut.
1779 3147 1968 3197 xxvut,
2007 3129 2122 3202 25).
2155 3126 2199 3187 C
2231 3147 2374 3200 esse,
2408 3135 2554 3204 quod
2581 3146 2740 3194 natus
2762 3142 2865 3198 es?
2903 3159 3002 3199 cur
3032 3147 3267 3205 alienam
3296 3153 3392 3208 tibi
3421 3157 3656 3214 assumis
3700 3174 3832 3229 spe-

525 3227 655 3282 Nam
683 3225 895 3295 species
923 3225 1038 3294 ipsa
1087 3223 1226 3292 agri,
1251 3230 1308 3276 et
1337 3236 1579 3292 praesens
1631 3220 1882 3276 fertilitas
1933 3221 2132 3277 docere

528 3334 629 3374 nos
658 3325 846 3389 potest
874 3325 1075 3385 quanta
1102 3313 1391 3370 clementia
1420 3313 1491 3369 sit
1518 3316 1684 3380 aeris,
1716 3323 1770 3367 et
1799 3313 1924 3368 coeli
1957 3314 2134 3371 indul-

526 3411 745 3480 gentia,
802 3407 1023 3478 quando
1073 3407 1333 3477 dignatur
1384 3407 1522 3461 Deus
1591 3407 1894 3463 ubertatem
1954 3407 2130 3464 dare:

523 3501 744 3573 quando
774 3509 958 3556 autem
992 3499 1276 3564 sterilitas,
1306 3496 1764 3568 quemadmodum
1803 3498 1984 3553 clausa
2011 3515 2134 3555 om-

523 3596 864 3666 nia.spissus
891 3608 1006 3656 aer,
1029 3600 1088 3647 ut
1110 3591 1164 3646 in
1191 3592 1426 3660 rigorem
1457 3591 1583 3648 aeris
1610 3590 1872 3646 solidatus
1896 3601 2132 3662 putetur.

530 3687 685 3744 Unde
712 3687 846 3741 alibi
890 3685 1061 3740 babes
1097 3684 1221 3753 quia
1278 3682 1334 3738 in
1363 3682 1554 3738 diebus
1586 3683 1718 3737 Elite
1769 3683 2010 3740 clausum
2054 3694 2138 3741 est

526 3779 726 3836 coelum
757 3777 914 3832 annis
937 3777 1108 3832 tribus
1131 3786 1186 3831 et
1216 3775 1495 3831 mensibus
1526 3789 1618 3830 sex
1637 3775 1727 3846 (ill
1747 3775 1880 3848 lteg.
1914 3778 2132 3850 xvtt,t).

601 3874 657 3928 2.
683 3870 1036 3943 Signiﬁcatur
1056 3869 1222 3949 igitur
1252 3869 1497 3923 clausum
1529 3869 1728 3924 coelum
1759 3885 1964 3925 aereum
1990 3885 2135 3938 esse,

533 3983 693 4023 nsum
725 3967 808 4022 sui
838 3967 998 4022 terris
1048 3980 1268 4035 negare.
1327 3964 1499 4020 Terra
1554 3981 1772 4036 quoque
1825 3967 2005 4024 ferrea
2031 3977 2136 4037 est,

533 4075 657 4113 cum
684 4069 978 4130 proventus
1001 4058 1213 4126 abnuit,
1243 4066 1298 4113 et
1315 4058 1460 4128 jacta
1492 4057 1597 4114 sibi
1625 4059 1833 4114 semina
1865 4069 2139 4132 tamquam

539 4153 721 4208 hostili
749 4151 948 4206 duritia
971 4151 1197 4222 genitali
1229 4150 1514 4206 eexcludit
1564 4167 1717 4219 arvo,
1762 4168 1882 4224 qure
1933 4156 2141 4224 gremio

540 4247 680 4301 solet
728 4245 941 4300 blandre
986 4243 1177 4299 matris
1225 4242 1434 4300 fovere.
1489 4245 1716 4311 Quando
1754 4248 1898 4302 enim
1939 4247 2141 4304 ferrum

540 4341 833 4396 l‘ructiﬁcat
859 4340 883 4393 ἲ
913 4339 1141 4406 Quando
1168 4353 1245 4393 tes
1275 4339 1478 4393 imbres
1503 4338 1750 4394 relaxat?

615 4436 669 4490 3.
697 4433 790 4488 His
819 4433 982 4502 igitur
1009 4429 1374 4485 miserandam
1428 4428 1626 4484 famem
1679 4429 1916 4487 minatur
1939 4433 2143 4505 impiis,

2233 3225 2399 3280 ciem?
2415 3241 2511 3281 cur
2531 3231 2782 3290 mentiris
2812 3234 3070 3292 feminam
3101 3256 3114 3292 :
3149 3241 3240 3297 vel
3264 3251 3340 3310 tu,
3362 3243 3578 3316 femina,
3605 3250 3831 3306 virum?

2237 3315 2361 3373 Suis
2392 3334 2837 3395 unumquemque
2861 3342 3058 3384 sexum
3089 3331 3266 3389 induit
3304 3346 3493 3393 natura
3545 3341 3832 3400 indumen-

2238 3411 2328 3466 tis.
2361 3413 2598 3485 Denique
2644 3417 2892 3476 diversus
2944 3439 3094 3492 usus,
3123 3427 3372 3486 diversus
3394 3433 3573 3500 color,
3628 3447 3830 3506 motus,

2239 3502 2508 3574 incessus,
2535 3506 2548 3544 ί
2582 3508 2814 3568 diversae
2843 3516 3007 3582 vires,
3039 3517 3246 3575 diversa
3273 3535 3375 3577 vox
3418 3535 3503 3580 est
3526 3527 3580 3581 in
3613 3531 3732 3586 viro
3776 3543 3833 3589 et

2239 3593 2461 3651 femina.

2310 3688 2362 3742 5.
2403 3689 2510 3746 Sed
2544 3693 2707 3750 etiam
2740 3696 2794 3752 in
2828 3699 3018 3771 reliqui
3059 3703 3276 3772 generis
3304 3706 3677 3766 animantibus
3723 3715 3832 3772 alia

2239 3781 2450 3851 Species
2473 3783 2674 3854 leonis,
2707 3788 2814 3844 alia
2846 3790 3066 3860 leaenae,
3095 3806 3107 3845 ι
3148 3795 3254 3851 alia
3280 3798 3386 3866 vis,
3446 3801 3587 3858 alius
3617 3820 3788 3863 sonus
3816 3825 3831 3863 :

2241 3875 2346 3931 alia
2371 3878 2534 3945 tauri,
2560 3880 2662 3935 alia
2687 3883 2890 3940 vitul:e.
2917 3885 2974 3940 In
2996 3888 3172 3944 cervis
3197 3905 3414 3961 quoque
3429 3906 3694 3965 quantum
3722 3899 3834 3958 dis-

2243 3975 2322 4023 tat
2366 3984 2550 4038 sexus,
2603 3982 2810 4030 tantum
2854 3977 3129 4051 discrepat
3157 3984 3409 4052 species;
3443 3996 3502 4043 ut
3544 4004 3640 4046 eos
3670 3993 3834 4049 etiam

2242 4062 2456 4120 eminus
2489 4067 2662 4134 possis
2693 4068 3030 4128 discernere.
3058 4073 3115 4128 In
3144 4076 3335 4133 avibus
3360 4094 3495 4137 vero
3516 4086 3679 4140 etiam
3710 4102 3836 4156 pro-

2243 4154 2366 4224 pius
2392 4156 2458 4210 ad
2511 4160 2764 4215 vestitum
2793 4174 2876 4217 est
2908 4163 3050 4220 inter
3079 4181 3174 4223 eos
3193 4176 3250 4224 et
3276 4169 3528 4230 homines
3547 4189 3835 4247 compara-

2246 4247 2359 4314 tio;
2395 4249 2447 4305 in
2480 4251 2588 4308 illis
2618 4254 2765 4309 enim
2821 4271 3010 4313 sexum
3055 4263 3319 4319 naturalia
3365 4265 3479 4336 ipsa
3522 4269 3838 4329 indumenta

2243 4340 2582 4401 discernunt.
2615 4347 2743 4405 Pavi
2773 4366 2952 4408 mares
2979 4357 3256 4425 speciosi,
3285 4359 3499 4417 feminae
3546 4381 3653 4421 non
3701 4367 3833 4424 item

2249 4449 2546 4506 pennarum
2591 4443 2743 4497 vario
2781 4445 3073 4516 pinguntur
3099 4450 3320 4509 decore.
3345 4453 3587 4513 Fasianis
3613 4474 3835 4531 quoque

545 4527 716 4597 utqui
749 4525 1009 4597 pietatem
1040 4522 1279 4578 filiorum
1329 4521 1608 4578 communi
1652 4522 1891 4578 omnium
1921 4525 2142 4584 domino
2168 4513 2224 4574 D
2247 4527 2496 4588 diversus
2542 4533 2716 4601 color,
2755 4538 2844 4607 qui
2883 4539 3188 4614 distinguat
3232 4559 3393 4602 sexus
3421 4548 3830 4612 discretionem.

541 4629 598 4676 et
625 4617 763 4690 patri
815 4615 1098 4672 exhibere.
1123 4613 1391 4681 nesciunt,
1425 4622 1646 4669 careant
1675 4615 2011 4674 nutrimento
2044 4634 2138 4690 pa-

618 4744 643 4772 α
667 4734 741 4789 Ita
767 4740 877 4788 vet.
902 4731 1034 4787 edit.
1055 4745 1119 4785 ac
1145 4729 1327 4799 plures
1347 4743 1504 4795 mss.;
1536 4739 1592 4784 at
1624 4729 1780 4786 Rom.
1815 4730 1948 4787 edit.
1973 4733 2137 4791 etalii

544 4806 668 4862 cod.
697 4805 862 4860 etiam
883 4817 990 4859 non
1023 4803 1328 4872 pauei,qute
1352 4812 1469 4872 sunt
1497 4803 1631 4855 usui.

619 4878 646 4916 ι)
667 4871 1052 4948 Βογεντροᾱξ,
1077 4874 1220 4948 fraus
1249 4873 1314 4925 sit
1333 4871 1670 4948 adulationis.

620 4943 921 5003 cNonnulli
944 4943 1192 5014 mss.,iad
1228 4943 1638 5014 repromissionis
1681 4953 1887 4998 terram.

620 5018 646 5055 ά
679 5019 838 5072 Rom.
896 5017 1053 5080 edit.,
1087 5013 1294 5068 Ponam’
1308 5016 1446 5068 vobis
1474 5017 1657 5071 ctelum
1685 5016 1816 5070 sicut
1846 5033 2064 5084 amount,
2096 5028 2142 5074 ct

553 5103 744 5146 terram
768 5098 986 5173 vestram
1014 5088 1146 5142 sicut
1178 5090 1428 5173 ferream.
2021 5161 2033 5173 Ι
2094 5161 2124 5173 η

625 5174 648 5199 υ
672 5161 876 5216 Omnes
901 5159 1058 5223 edit.,
1078 5157 1306 5212 excludit
1330 5157 1443 5211 alvo
1471 5173 1492 5223 ;
1519 5173 1708 5214 omnes
1732 5173 1886 5224 mss.,
1920 5161 2147 5215 excludit

548 5249 839 5356 artiol‘iras.
869 5311 926 5355 et
953 5315 1068 5384 seq:
1098 5299 1257 5382 edit.,
1289 5309 1335 5352 et
1360 5299 1494 5368 quod
1516 5299 1814 5384 plerumque
1840 5302 2014 5371 inopia
2041 5302 2141 5384 lia-

545 5377 644 5431 bet.
678 5373 902 5456 Atnerb.
932 5381 986 5427 et
1013 5369 1448 5456 pleriqluelmss,
1480 5369 1534 5456 ut
1563 5369 2025 5456 quodplfr'umque
2045 5374 2144 5456 int:

549 5447 639 5519 pia
681 5442 898 5523 habebat
925 5461 941 5506 ;
966 5438 1121 5523 mss.;
1167 5438 1353 5523 liabeat
1385 5440 1550 5523 :fod.
1602 5438 1735 5523 vero
1761 5441 1997 5523 Belv..et
2044 5444 2138 5523 alii

546 5509 795 5576 hutinulli
854 5523 914 5568 nt
970 5516 1040 5589 in_
1073 5517 1355 5589 contextu.
1411 5509 1518 5589 sed
1573 5510 1825 5589 ut.locus
1883 5512 1970 5566 hic
2025 5515 2137 5582 pla-

538 5588 666 5645 nius
697 5603 725 5638 a
776 5585 978 5641 lectore
1029 5583 1361 5662 intelligatur
1389 5622 1404 5644 ,
1434 5581 1533 5662 ita
1581 5580 1792 5662 videtur
1845 5598 1966 5662 esse
2005 5580 2137 5662 con-

542 5657 877 5717 struendus:
910 5653 1212 5710 discordias
1236 5662 1402 5717 serat,
1430 5661 1699 5720 tamquam
1733 5653 1784 5706 id
1824 5653 1965 5722 quod
2015 5656 2131 5723 ple-

543 5743 772 5799 rumque
793 5727 972 5796 inopia
1002 5725 1214 5780 habeat.

2247 4621 2384 4689 Quid
2415 4623 2468 4678 in
2498 4625 2697 4694 pullis?
2723 4628 2894 4696 Quam
2937 4646 3138 4690 canora
3187 4653 3292 4693 vox
3321 4638 3468 4710 galli,
3495 4639 3520 4678 ιι
3551 4649 3837 4706 nocturnis

2320 4748 2344 4783 κ
2363 4739 2736 4799 Allusionibus
2761 4743 2993 4817 Virgilii,
3008 4749 3085 4804 ait
3099 4749 3364 4820 Nannius,
3385 4753 3499 4812 haec
3522 4758 3686 4816 verba
3702 4776 3837 4818 con-

2244 4818 2390 4865 stant
2421 4829 2435 4865 :

2373 4903 2632 4957 Horrescit
2650 4909 2835 4959 strictis
2857 4923 3009 4974 seges
3031 4916 3250 4979 ensibus,
3274 4932 3474 4984 ait-aque
3497 4923 3706 4986 fulgent.

2320 4991 2349 5030 ¹ι
2376 4995 2532 5086 Rom:
2560 4997 2716 5064 edit.,
2735 4999 2859 5083 on
2881 5003 2975 5086 erit
3005 5006 3213 5086 vestitus
3241 5010 3338 5064 uiri
3365 5028 3521 5086 super
3548 5017 3829 5086 mulierem,

2248 5081 2411 5151 neque
2438 5068 2681 5151 inOtluetnr
2705 5073 2780 5125 vir
2813 5074 2945 5127 stola
2974 5076 3238 5145 muliebri;
3259 5068 3504 5151 quonidm
3541 5068 3835 5146 immundus

2248 5147 2322 5190 est
2348 5135 2571 5194 Domino
2601 5140 2710 5196 Deo
2739 5152 2851 5207 tuo,
2881 5155 2984 5200 etc.

2331 5214 2344 5251 ί
2381 5215 2608 5306 Diversa:
2635 5221 2880 5306 νῖκαι-ιιι)
2906 5223 3260 5306 ltisceverbis
3289 5229 3402 5306 hiat
3424 5232 3620 5306 ingens
3647 5239 3832 5296 lacuna

2249 5285 2304 5382 in
2333 5302 2462 5369 mss.
2483 5289 2615 5382 fere
2639 5293 2893 5382 omnibus
2912 5296 3128 5382 Ietedit.
3148 5285 3835 5382 Αωετδηαὶῖἷιῆἶίέῖξῖρῖ

2248 5357 2510 5439 plerisset
2531 5360 2811 5439 Erasmus,
2837 5365 2992 5420 nobis
3013 5367 3081 5422 ad
3109 5383 3229 5422 eam
3263 5357 3834 5439 restituendam-solus

2247 5428 2379 5482 ωτι.
2410 5429 2586 5485 codex
2606 5428 2865 5490 auxilium
2893 5439 3319 5507 suppeditasset.

2318 5509 2333 5556 t
2364 5507 2439 5562 Ita
2470 5508 2624 5565 Eras.
2652 5519 2710 5566 et
2729 5527 2844 5586 seq.
2867 5515 3024 5585 edit.,
3049 5527 3106 5572 at
3127 5518 3260 5575 Lzet.
3287 5523 3485 5594 codex,
3509 5531 3588 5585 uel
3612 5532 3718 5586 alia
3737 5534 3830 5601 vis,

2238 5577 2375 5631 alius
2394 5594 2598 5635 sensus.

2313 5654 2337 5693 ¹ι
2364 5656 2518 5738 liras.
2549 5668 2607 5738 et
2626 5675 2743 5731 seq.
2759 5663 2934 5738 _e_dit.,
2967 5671 3336 5738 nocturnisque
3376 5677 3641 5735 vicibus...
3674 5691 3726 5735 et
3754 5699 3837 5738 ca-

2313 5688 2337 5693 —
2365 5688 2518 5712 υιαο.
2551 5688 2607 5714 σι.
2626 5688 2743 5731 seq.
2777 5688 2934 5730 cutt.,
2967 5688 3205 5724 norturm
3272 5689 3336 5727 ue
3376 5688 3641 5735 vicibus...
3674 5691 3726 5735 et

2240 5727 2505 5782 nendum?
2537 5728 2830 5803 Numquid,
2855 5745 2962 5792 etc.
2993 5738 3126 5795 [λιιι.
3157 5688 3356 5813 οοᾝει,
3389 5756 3447 5803 ιιι
3478 5751 3530 5805 itt
3556 5759 3728 5808 textu.
