4092 6190
253 351 286 408 ‘l
299 349 413 407 233

1454 351 1942 411 EPISTOLARUM
1982 353 2266 412 CLASSIS
2304 356 2368 412 ll.

3429 362 3570 418 1254

252 467 484 524 vicibus
525 468 770 525 solemne
802 481 1000 521 munus
1021 467 1085 522 ad
1116 467 1462 523 excitandum
1486 469 1866 525 ctcanendum
1895 475 1950 536 Α
2046 470 2163 525 bilis
2203 470 2343 538 labi,
2379 488 2440 526 ac
2481 489 2767 547 resurgere.
2807 474 3063 540 Quocirca
3099 492 3217 531 cum
3253 479 3308 532 in
3344 478 3572 534 Canticis

254 563 632 618 ministrans?
675 561 942 631 Numquid
991 561 1080 615 illa
1127 572 1338 617 mutant
1381 562 1621 633 speciem
1669 563 1867 618 suam?

252 655 378 711 Cur
400 671 501 710 nos
532 663 744 710 mutare
776 653 1194 709 desideramus?

343 750 397 803 4.
431 747 496 802 Ει
522 749 739 818 quidem
769 746 961 804 Graeco
993 763 1145 803 more
1170 747 1386 803 inﬂuxit
1419 755 1474 802 ut
1501 747 1717 803 femina:
1740 747 1866 802 viri-

255 841 410 897 libus
455 841 610 912 quasi
659 841 1119 898 succinctioribus
1163 841 1362 897 tunicis
1401 851 1638 897 utantur.
1680 852 1706 879 ι
1735 842 1866 898 Esto

255 945 445 990 tamen
473 944 530 989 ut
559 934 665 990 illa:
696 935 899 990 imitari
930 935 1217 990 videantur
1241 935 1483 990 melioris
1515 949 1678 990 sexus
1706 944 1863 990 natu-

251 1045 404 1096 ram,
437 1029 565 1102 qttid
595 1029 696 1084 viri
720 1027 999 1085 inferioris
1038 1045 1200 1085 sexus
1241 1030 1460 1084 mentiri
1504 1029 1741 1099 speciem
1771 1043 1866 1082 vo-

250 1120 424 1176 lunt?
453 1121 791 1176 Mendacium
823 1131 880 1176 et
927 1122 979 1176 in
1028 1121 1196 1177 verbo
1229 1132 1384 1190 turpe
1429 1131 1534 1185 est,
1577 1119 1776 1176 nedum
1811 1121 1860 1174 in

252 1214 472 1270 habitu.
510 1215 751 1286 Denique
779 1215 832 1270 in
857 1215 1095 1285 templis,
1130 1215 1218 1270 ubi
1253 1215 1588 1271 mendacium
1619 1214 1764 1278 ﬁdei,
1791 1215 1861 1269 ibi

252 1307 606 1364 mendacium
635 1318 862 1364 natnrx.
897 1308 1008 1363 Illic
1059 1322 1336 1363 assumere
1363 1308 1510 1362 viros
1541 1306 1860 1362 muliebrem

252 1397 283 1436 l’
308 1410 537 1466 vestem,
557 1385 879 1473 gestumque
899 1400 1211 1460 letuineum.
1229 1415 1442 1455 sacrum
1459 1397 1862 1470 putatur.Unde

202 1558 215 1574 .
252 1491 371 1549 Lex
403 1493 540 1548 dicit
567 1494 692 1564 quia
723 1493 1033 1549 immundus
1055 1503 1139 1549 est
1173 1493 1400 1548 Domino
1448 1492 1624 1546 omnis
1647 1490 1730 1545 vir
1767 1490 1859 1560 qui

250 1585 455 1640 stolam
481 1585 805 1642 muliebrem
840 1586 1100 1642 induerit.

333 1681 388 1735 5.
418 1680 675 1735 Arbitror
697 1690 876 1735 autem
917 1679 1059 1750 quod
1101 1695 1206 1735 non
1241 1688 1347 1734 tam
1397 1678 1465 1735 de
1490 1689 1665 1748 veste,
1698 1697 1857 1752 quam

247 1770 330 1827 de
359 1772 606 1827 moribus
637 1771 860 1838 dixerit,
895 1771 980 1826 vel
1006 1773 1075 1828 de
1103 1771 1291 1827 usibus
1315 1773 1515 1827 nostris
1540 1782 1704 1843 atque
1725 1774 1860 1828 acti-

2045 578 2315 632 processus
2331 565 2519 618 anima:
2535 563 2839 619 robustioris
2856 565 3234 635 describantur,
3255 569 3309 621 in
3331 567 3384 620 M
3393 568 3569 622 icha'a:

2041 672 2161 711 vero
2186 658 2458 726 praphetia
2480 659 2642 726 lapsa:
2664 660 2962 725 conversio;
2983 676 3097 714 eam
3124 660 3564 716 considerandam

2044 750 2306 818 proponit.
2328 748 2610 804 Prwmissa
2629 751 2789 822 igitur
2808 753 3032 805 nominis
3055 753 3290 808 Micha’a:
3311 755 3566 824 interpre-

2041 843 2255 909 tatione,
2275 844 2532 898 miseriam
2551 845 2851 915 peccatricis
2868 862 2933 898 an
2943 845 3058 900 imre
3079 847 3311 918 exponit,
3335 848 3568 900 internas

2039 937 2387 1008 correptiones
2419 947 2619 1004 narrat,
2647 937 2794 991 addit
2825 937 3208 994 exhortationes
3233 955 3292 992 ac
3324 939 3566 1008 paratum

2044 1029 2254 1083 Domini
2295 1030 2552 1084 auxilium
2578 1071 2592 1094 ,
2644 1030 2846 1101 felicem
2889 1030 3117 1095 eiusdem
3161 1031 3570 1084 immutationem

2037 1123 2226 1192 aperit,
2244 1132 2291 1176 et
2321 1139 2479 1188 quam
2507 1124 2552 1176 ei
2581 1122 2818 1178 Christus
2846 1123 3086 1194 largitur,
3105 1124 3478 1193 fecunditatem
3506 1139 3568 1176 ac

2038 1216 2484 1284 tranquillitatem.
2532 1214 2736 1271 Deinde
2776 1212 2863 1271 ubi
2898 1217 3128 1286 repetivit
3163 1233 3266 1270 non
3312 1233 3479 1288 pauca
3507 1232 3569 1269 ex

2036 1311 2392 1382 superioribus
2417 1351 2434 1378 ,
2463 1310 2733 1383 subjungit
2766 1311 2997 1380 ejusdem
3026 1311 3215 1365 anima:
3245 1328 3340 1381 pro
3367 1327 3463 1365 sua
3495 1311 3530 1362 li
3546 1338 3561 1349 ο

2036 1403 2298 1457 beratione
2333 1404 2619 1474 gratiarum
2656 1404 2907 1457 actiones.
2949 1401 3077 1457 Post
3115 1419 3231 1472 qua:
3280 1401 3566 1458 "orantia-

2036 1512 2158 1551 nunt
2185 1497 2253 1549 ad
2279 1495 2715 1564 perseverantiam
2745 1495 3074 1550 exhortatur.
3102 1553 3108 1561 ,

2411 1669 2716 1723 Aunuosws
2754 1667 3130 1724 HORONTIANO.

2037 1782 2088 1834 Ι.
2112 1781 2400 1852 Propheta:
2425 1781 2645 1852 quidem
2672 1780 3152 1851 congregationem
3179 1782 3443 1852 gentium,
3475 1791 3559 1837 at-

250 1866 383 1931 bus,
416 1880 524 1934 quo
557 1865 696 1921 alius
724 1865 1084 1930 virum,alius
1130 1864 1386 1921 feminam
1441 1866 1637 1922 deceat
1681 1877 1854 1924 actus.

1965 1889 2070 1945 que
2098 1874 2354 1930 Ecclesia:
2386 1874 2781 1929 annuntiarunt
2829 1873 3244 1929 aediﬁcationem
3275 1872 3511 1928 luturam
3548 1892 3561 1937 ;

251 1955 416 2012 [Inde
445 1967 499 2012 et
530 1959 820 2025 Aposto’us
857 1957 952 2022 ait,
987 1960 1138 2029 quasi
1181 1959 1452 2026 interpres
1502 1957 1700 2029 Legis:
1733 1959 1856 2013 Μα-

246 2051 411 2105 lieres
442 2062 620 2106 vestra:
653 2052 705 2105 in
735 2049 972 2106 Ecclesia
1023 2063 1224 2108 taceant
1284 2053 1516 2125 1062.
1555 2052 1675 2107 Non
1724 2057 1857 2108 enim

247 2144 573 2217 permittitur
597 2146 668 2198 eis
690 2145 850 2214 loqui,
871 2147 960 2200 sed
979 2146 1213 2200 subditas
1243 2163 1369 2212 esse,
1398 2149 1530 2200 sicut
1571 2147 1682 2202 Lex
1707 2148 1853 2201 dicit.

249 2237 322 2291 Si
347 2237 470 2305 quid
508 2247 678 2291 autent
709 2239 882 2293 rolunt
910 2240 1137 2306 discere,
1168 2240 1308 2294 domi
1328 2241 1463 2295 viros
1489 2257 1610 2294 suos
1637 2241 1857 2294 interro-

244 2338 378 2400 gent
405 2328 450 2398 (1
478 2329 599 2386 Cor.
633 2347 742 2398 xlv,
769 2331 858 2397 55,
893 2330 1008 2402 56).
1054 2333 1117 2387 Et
1143 2331 1208 2386 ad
1249 2331 1627 2386 Timotheum:
1668 2331 1856 2386 Mulier

242 2424 306 2476 in
362 2421 570 2477 silentio
604 2424 769 2478 discat
802 2436 822 2463 ο
849 2441 966 2479 cum
996 2427 1135 2479 omni
1175 2424 1506 2497 subjectione.
1538 2423 1735 2479 Docere
1762 2441 1857 2478 au-

243 2528 360 2569 tem
388 2517 593 2572 mulieri
633 2535 735 2572 non
775 2519 1050 2591 permitto,
1098 2534 1258 2588 neque
1305 2517 1562 2572 dominari
1613 2519 1664 2571 in
1692 2519 1855 2572 virum

245 2609 299 2680 (Ι
334 2607 466 2663 Tim.
520 2626 580 2676 ll,
616 2611 704 2677 11,
747 2610 860 2682 {2).

333 2701 384 2756 6.
419 2702 592 2771 Quam
621 2703 868 2758 deforme
891 2711 1071 2758 autem
1105 2703 1280 2758 virum
1324 2703 1507 2759 facere
1541 2718 1707 2775 opera
1740 2721 1858 2760 mu-

244 2797 446 2852 liebria
472 2797 496 2850 ?
521 2795 664 2867 Ergo
699 2807 753 2852 et
785 2797 1018 2868 pariant,
1067 2813 1198 2867 ergo
1231 2799 1557 2869 parturiant,
1592 2799 1682 2870 qui
1727 2800 1856 2855 cris-

247 2899 388 2962 pant
415 2903 630 2945 comam
661 2891 802 2945 sicut
847 2890 1082 2946 feminze.
1123 2889 1189 2945 Et
1217 2899 1396 2946 tamen
1429 2891 1536 2946 illae
1582 2892 1854 2959 velantur,

245 2983 347 3040 isti
372 2982 991 3053 belligerantur.Verum
1031 2983 1268 3039 habeant
1299 2987 1734 3055 excusationem,
1765 2989 1856 3057 qui

248 3077 467 3149 patrios
480 3091 611 3132 usus
625 3087 948 3145 sequuntur,
964 3077 1057 3133 sed
1075 3089 1254 3132 tamen
1277 3077 1558 3144 barbaros,
1574 3090 1632 3134 ut
1650 3078 1853 3146 Persae,

249 3178 316 3224 ιιι.
332 3169 516 3238 Gothi,
547 3171 862 3227 utArmenii
881 3189 893 3225 :
914 3172 1088 3243 major
1110 3171 1332 3242 quidem
1361 3181 1853 3245 cstnatura,quatn

249 3276 320 3332 pa
330 3262 450 3317 tria.

330 3357 385 3411 7.
416 3355 556 3423 Quid
580 3356 648 3412 de
669 3357 793 3412 aliis
818 3358 1082 3425 dicemus,
1112 3359 1203 3430 qui
1237 3359 1338 3414 hoc
1364 3361 1430 3416 ad
1472 3361 1737 3415 luxuriam
1759 3361 1858 3416 de-

251 3445 543 3504 rivandum
577 3456 806 3518 putant:
837 3458 896 3504 ut
923 3449 1327 3506 calamistratos
1358 3461 1414 3506 et
1448 3461 1726 3522 torquatos
1754 3451 1853 3506 ha-

251 3540 422 3596 beant
442 3539 495 3595 in
522 3541 960 3612 ministerio,ipsi
977 3543 1241 3612 promissa
1265 3544 1454 3611 barba,
1479 3545 1600 3599 illos
1627 3545 1853 3600 remissa

253 3647 412 3689 coma
437 3633 460 3687 ?
489 3633 681 3690 Merito
702 3634 813 3690 illic
829 3650 938 3690 non
968 3644 1214 3690 servatur
1251 3636 1594 3700 castimonia,
1626 3636 1714 3690 ubi
1747 3653 1854 3690 non

257 3733 477 3780 tenetur
522 3740 692 3781 sexus
718 3726 1036 3791 distinctio;
1072 3728 1124 3782 in
1174 3742 1281 3798 quo
1326 3727 1596 3783 evidentia
1650 3737 1856 3783 naturae

258 3817 572 3885 magisteria
613 3827 760 3883 sunt,
795 3819 1011 3875 dicente
1051 3820 1315 3889 Apostolo
1347 3839 1358 3873 :
1391 3820 1548 3875 Decet
1589 3822 1856 3874 mulierem

258 3925 359 3961 non
383 3908 604 3962 velatam
648 3927 796 3964 orare
840 3910 1008 3966 Deum
1031 3913 1056 3965 ?
1089 3912 1199 3967 Nec
1221 3919 1334 3985 ipsa
1356 3924 1544 3966 natura
1593 3913 1740 3966 docet
1772 3930 1858 3967 ros

259 4003 399 4071 quod
420 4003 493 4054 rir
515 4003 724 4074 quidem
745 4001 771 4040 ἀ
799 4007 843 4060 si
870 4021 1068 4060 comam
1089 4008 1306 4074 nutriat,
1335 4006 1616 4078 ignominia
1642 4015 1715 4060 est
1739 4006 1816 4059 illi
1838 4023 1858 4060 :

258 4094 449 4150 mulier
480 4113 593 4150 vero
619 4099 667 4152 si
691 4100 906 4170 capillos
935 4100 1118 4154 habent
1138 4143 1151 4166 ,
1180 4102 1345 4174 gloria
1375 4113 1446 4155 est
1472 4103 1548 4156 illi
1570 4119 1587 4166 ;
1611 4102 1858 4171 quoniam

258 4187 464 4256 quidem
510 4192 688 4262 capilli
727 4208 820 4262 pro
862 4194 1107 4246 velamine
1147 4193 1194 4246 ei
1235 4193 1345 4246 dati
1386 4202 1505 4246 sunt
1545 4192 1588 4263 (l
1621 4191 1743 4246 Cor.
1779 4208 1855 4254 λι,

262 4280 476 4348 15-15).
520 4282 649 4336 υἱυο
693 4292 816 4338 sunt
845 4299 966 4354 qua:
995 4285 1196 4340 releras
1226 4278 1655 4355 requirentibus.
1687 4285 1854 4349 Vale,

260 4388 316 4433 et
354 4393 452 4433 nos
489 4386 544 4432 ut
576 4376 719 4432 ﬁlius
745 4376 951 4447 dilige;
983 4378 1106 4448 quia
1152 4392 1250 4432 nos
1304 4389 1356 4434 te
1388 4388 1444 4432 ut
1475 4388 1735 4449 parentes
1777 4377 1857 4432 di-

257 4472 492 4544 liginttts.

798 4563 1129 4620 EPISTOLA
1171 4564 1336 4620 LXX.

261 4657 707 4724 Quemadmodum
741 4657 890 4725 {ortis
915 4657 1104 4710 anima:
1127 4667 1200 4711 cst
1228 4662 1280 4710 in
1307 4657 1441 4712 bona
1471 4667 1642 4727 stare,
1670 4659 1745 4712 ita
1767 4659 1857 4712 de-
1885 4651 1938 4710 D

333 4831 358 4857 ει
386 4823 546 4877 Multa
592 4822 821 4877 concilia
855 4822 1092 4876 virilium
1121 4821 1352 4876 vestium
1381 4836 1482 4877 usu
1528 4820 1744 4877 feminis
1773 4821 1857 4874 in-

261 4892 558 4957 terdicunt,
593 4903 653 4946 ttt
676 4892 998 4956 Gangrense
1029 4908 1152 4948 can.
1186 4895 1288 4960 15,
1313 4903 1367 4949 et
1392 4893 1516 4947 alia.
1545 4891 1699 4961 Quod
1730 4905 1864 4945 vero

258 4963 454 5017 similis
509 4967 738 5018 mutatio
779 4964 912 5017 viris
941 4979 1048 5018 non
1083 4965 1211 5018 item
1260 4963 1537 5033 prohibita
1568 4965 1863 5032 reperitur.

258 5033 394 5088 illud
450 5035 575 5088 inde
623 5045 730 5099 est,
759 5034 902 5104 quod
935 5035 1043 5089 rari
1074 5034 1165 5104 qui
1198 5050 1362 5090 sexus
1412 5036 1494 5087 sui
1545 5034 1864 5102 dignitatem

258 5105 363 5160 hac
393 5104 612 5159 infamia
639 5103 1102 5168 dehonestarent,
1125 5105 1289 5159 futuri
1319 5103 1513 5159 crediti
1542 5112 1688 5158 sunt.

332 5175 358 5214 ι’
389 5175 526 5230 Luat.
569 5177 766 5240 codex,
797 5185 988 5249 uestem
1034 5179 1286 5249 gestiunt,
1315 5191 1427 5249 quia
1475 5176 1754 5249 femineum
1766 5192 1864 5249 _sa-

258 5264 405 5301 crum
433 5256 642 5316 putetur
675 5264 692 5301 :
725 5247 920 5302 melius
947 5245 1077 5301 vero
1107 5246 1242 5301 edit.
1262 5245 1332 5300 At
1363 5245 1658 5313 interjectis
1692 5245 1864 5300 tribus

259 5318 488 5373 vocibus
512 5318 628 5372 sola
668 5320 826 5370 Rom.
868 5317 1004 5370 edit.
1038 5317 1240 5372 habet:
1275 5317 1534 5381 Quoniam
1572 5316 1864 5370 immundus

261 5399 337 5443 est
371 5388 593 5442 Domino
649 5386 760 5442 Deo
791 5398 880 5441 tuo
907 5389 1094 5447 omnis.
1137 5387 1226 5452 qui
1272 5389 1450 5458 fecerit
1487 5386 1616 5452 lucc,
1643 5385 1740 5440 hoc
1765 5398 1863 5452 est,

262 5461 361 5527 vir,
390 5471 498 5514 etc.

339 5544 360 5567 ο
392 5529 522 5585 Cum
551 5532 691 5584 omni
716 5531 1055 5603 subiectione,
1089 5529 1140 5603 in
1186 5543 1318 5603 mss.
1353 5531 1542 5603 lacuna
1571 5528 1862 5603 desinit‘ad

264 5606 382 5657 haec
438 5603 623 5667 verba,
676 5597 875 5666 quibus
939 5597 1338 5653 Amerbachius
1390 5602 1489 5652 ista
1540 5600 1861 5668 prannittit:

265 5673 548 5743 Apostolus
573 5675 738 5740 inquit
763 5690 781 5728 :
813 5671 1004 5727 Mulier
1034 5669 1318 5743 in_silentio
1347 5670 1529 5743 discat.

337 5743 363 5781 ἀ
399 5744 542 5799 Edit.
566 5754 634 5815 let
661 5745 845 5815 plures
875 5757 1033 5815 mss.,
1057 5741 1102 5794 si
1132 5754 1332 5815 contam
1364 5741 1562 5815 habeat.
1596 5741 1661 5794 Et
1702 5740 1863 5815 inira,

287 5821 361 5896 ira
390 5811 643 5892 velamine
663 5808 846 5869 eisunt
871 5831 889 5879 _;
915 5814 1004 5867 alii
1055 5808 1296 5866 nonnulli
1329 5811 1616 5876 utrobique
1649 5809 1865 5871 melius,

288 5883 326 5942 ἱι
349 5889 399 5943 in
428 5883 598 5942 textu.

1960 1967 2055 2021 sed
2086 1977 2262 2020 tamen
2290 1965 2416 2036 quia
2465 1965 2518 2019 in
2544 1965 2786 2020 Ecclesia
2842 1979 2948 2019 non
2981 1965 3154 2020 solum
3187 1965 3403 2020 fortium
3447 1965 3567 2020 ani-

1962 2076 2174 2116 marum
2194 2061 2339 2131 jugis
2361 2060 2662 2132 prolectus,
2682 2077 2870 2116 verum
2892 2063 3058 2116 etiam
3083 2062 3423 2118 inﬁrmarum
3449 2063 3565 2132 lap-

1959 2167 2072 2216 sus,
2105 2165 2156 2206 et
2185 2167 2375 2206 rursus
2404 2152 2690 2224 conversio
2709 2163 2794 2207 est
2826 2170 2838 2204 :
2875 2152 2998 2206 ideo
3020 2167 3313 2222 possumus
3341 2169 3408 2208 ex
3438 2168 3563 2224 pro-

1961 2246 2192 2318 pheticis
2220 2247 2373 2301 libris
2393 2247 2654 2315 colligere
2693 2245 3149 2316 quemadmodum
3179 2256 3271 2299 aut
3302 2247 3559 2314 praeclara

1960 2339 2051 2393 illa
2083 2347 2138 2392 et
2187 2337 2344 2392 fortis
2371 2337 2552 2390 anima
2598 2338 2717 2391 sine
2773 2336 2882 2390 ulla
2913 2336 3193 2405 gradiatur
3231 2334 3558 2401 ollensionc,

1960 2440 2055 2508 aut
2085 2431 2352 2486 inﬁrmior
2382 2429 2614 2496 labatur,
2648 2437 2742 2484 aut
2763 2429 2910 2499 lapsa
2941 2437 3183 2498 reparet,
3210 2443 3272 2483 ac
3301 2427 3561 2483 rel'drmet

1957 2523 2204 2595 gradum.

2030 2617 2084 2670 2.
2114 2616 2298 2686 Itaque
2327 2615 2462 2670 sicut
2494 2614 2546 2668 in
2574 2624 2596 2649 ε
2635 2612 2880 2668 Canticis
2919 2612 3260 2669 canticorum
3294 2612 3469 2667 beata:
3494 2612 3551 2666 il-

1963 2710 2066 2764 lius
2095 2709 2290 2762 an‘imte
2317 2707 2610 2761 continuos
2649 2718 2943 2774 processus
2973 2703 3225 2773 legimus,
3247 2704 3320 2757 ita
3371 2703 3423 2757 in
3461 2703 3558 2756 Mi-

1958 2802 2129 2869 chaea,
2161 2801 2230 2857 de
2257 2816 2364 2871 quo
2396 2799 2557 2854 nobis
2586 2798 2854 2867 propheta
2878 2811 3062 2852 sermo
3098 2795 3309 2869 1063
3337 2806 3560 2851 exortus

1959 2904 2062 2960 est,
2087 2894 2500 2950 consideremus
2544 2891 2710 2960 lapsa:
2749 2889 3189 2945 conversionem.
3246 2890 3361 2942 Non
3410 2886 3556 2942 enim

1960 2989 2133 3044 otiose
2157 2997 2208 3042 te
2226 2986 2420 3041 movit:
2443 2984 2504 3038 Et
2529 2993 2605 3050 tu,
2626 2981 3096 3047 Bethleem,domus
3110 2979 3343 3053 Ephrata
3366 2979 3558 3050 (Mich.

1961 3099 2015 3148 v,
2049 3082 2130 3151 2),
2160 3080 2304 3152 quod
2336 3078 2538 3134 dictum
2582 3086 2665 3132 est
2693 3077 2761 3130 ab
2815 3075 2917 3129 hoc
2957 3074 3241 3144 propheta.
3273 3071 3558 3140 Quomodo

1961 3175 2105 3229 enim
2129 3183 2306 3242 potest
2335 3170 2528 3225 domus
2556 3168 2756 3223 luroris
2801 3180 2948 3231 esse,
2977 3165 3066 3219 ubi
3109 3166 3360 3221 Christus
3401 3175 3558 3219 natus

1885 3259 1930 3320 C
1963 3279 2047 3324 est
2078 3270 2100 3322 ?
2126 3267 2238 3322 Hoc
2263 3266 2409 3322 enim
2438 3263 2749 3334 exprimunt
2787 3261 3030 3316 locorum
3069 3259 3351 3324 voeabula,
3375 3259 3470 3314 sed
3496 3259 3560 3313 il-

1962 3365 2195 3418 lustrant
2215 3359 2593 3431 operationum
2627 3356 2912 3427 mysteria.

2033 3457 2086 3510 ’5.
2142 3459 2220 3509 Ac
2248 3453 2477 3522 primum
2503 3449 2913 3506 consideremus
2938 3448 3064 3516 quid
3095 3445 3557 3517 interpretationis

1964 3552 2015 3603 in
2044 3547 2237 3602 Latino
2267 3545 2464 3601 habeat
2489 3543 2770 3600 Michacas.
2808 3539 3089 3612 Signiﬁcat
3126 3551 3305 3594 autem
3327 3579 3345 3604 ,
3374 3539 3507 3605 Quis
3531 3557 3560 3591 a

1967 3644 2075 3696 Deo
2103 3661 2116 3696 :
2173 3640 2282 3704 vel,
2315 3646 2375 3693 ut
2404 3637 2532 3693 alibi
2561 3637 2866 3692 invenimus
2889 3676 2903 3697 ,
2947 3633 3076 3701 Quis
3116 3633 3239 3698 iste,
3273 3634 3291 3669 τ
3331 3632 3562 3686 Morathi

1964 3733 2126 3800 ﬁlius,
2152 3732 2202 3786 id
2235 3740 2340 3797 est,
2375 3729 2607 3784 haeredis
2625 3727 2811 3800 (Mich.
2833 3743 2869 3790 ι,
2898 3725 2971 3795 1).
3001 3724 3133 3792 Quis
3152 3735 3328 3778 autem
3357 3722 3554 3786 haeres.

1964 3828 2065 3882 nisi
2112 3826 2281 3880 Filius
2332 3824 2453 3889 Dei,
2485 3823 2574 3892 qui
2607 3822 2708 3875 ait:
2756 3819 2942 3874 Omnia
2991 3818 3116 3870 mihi
3151 3816 3340 3869 tradita
3379 3825 3496 3869 sunt
3527 3832 3558 3867 a

1968 3920 2124 3972 Patre
2150 3932 2263 3969 meo
2297 3913 2508 3984 (Matth.
2547 3928 2624 3975 xt,
2653 3911 2770 3978 27);
2801 3920 2855 3964 et
2884 3924 3007 3962 cum
3048 3908 3165 3976 ipse
3193 3917 3337 3960 esset
3359 3905 3551 3970 haeres,

1965 4025 2063 4066 nos
2091 4018 2212 4062 esse
2235 4006 2406 4061 voluit
2427 4002 2781 4059 cohaeredes?
2808 4001 3000 4056 Merito
3043 4000 3158 4070 quis
3199 4000 3296 4052 iste
3321 4043 3333 4066 ,
3389 4014 3495 4054 non
3527 4016 3557 4054 e

1966 4101 2163 4172 populo
2195 4112 2356 4164 unus,
2381 4097 2475 4152 sed
2499 4097 2705 4150 electus
2726 4093 2792 4148 ad
2823 4092 3055 4162 gratiam
3084 4091 3212 4159 Dei,
3248 4093 3300 4146 in
3326 4107 3434 4162 quo
3481 4093 3560 4146 lo-

1963 4195 2144 4265 quitur
2164 4190 2400 4260 Spiritus
2425 4195 2666 4250 sanctus,
2699 4186 2788 4255 qui
2819 4183 3144 4254 proinhetare
3187 4185 3353 4253 erepit
3373 4185 3426 4236 in
3449 4184 3558 4236 die-

1964 4287 2056 4340 bus
2105 4282 2332 4338 Joatltan
2364 4322 2378 4345 ,
2425 4289 2470 4333 et
2525 4278 2699 4332 Achaz
2735 4319 2750 4342 ,
2803 4286 2851 4330 et
2915 4273 3150 4328 Ezechias
3191 4290 3368 4345 regum
3421 4271 3561 4327 Judn

1964 4377 2157 4449 (Mich.
2190 4393 2228 4441 I,
2262 4373 2338 4446 1).
2369 4372 2486 4440 Quo
2512 4369 2701 4424 ordine
2739 4367 3071 4438 signiﬁcatur
3097 4365 3318 4420 visionis
3349 4362 3561 4434 profec-

1965 4484 2091 4534 tus;
2136 4484 2164 4523 a
2222 4465 2378 4520 malis
2431 4463 2575 4517 enim
2619 4461 2838 4530 regibus
2859 4458 3086 4530 adboni
3117 4457 3257 4529 regis
3315 4456 3560 4525 pervenit

1967 4575 2209 4618 tempora
2221 4599 2234 4612 .

2037 4578 2075 4615 ιι
2118 4578 2234 4615 ora.

2037 4578 2180 4710 LpEt
2202 4652 2326 4707 ideo
2355 4650 2610 4721 quoniam
2646 4655 2668 4686 α
2702 4647 2878 4702 anima
2902 4643 3103 4698 alﬁicta
3136 4643 3237 4698 sub
3267 4640 3422 4695 malis
3439 4649 3566 4693 ante

2049 4829 2070 4851 θ
2100 4817 2428 4887 Progressus
2450 4813 2645 4887 anima:
2691 4811 2744 4864 in
2777 4807 3016 4887 Canti_cis
3037 4816 3180 4861 cant.
3214 4805 3444 4887 obscure
3473 4804 3568 4887 ad-

1973 4875 2254 4943 umbrath
2284 4888 2335 4940 in
2371 4885 2465 4939 lib.
2495 4883 2565 4938 de
2597 4882 2744 4936 Isaac
2773 4891 2828 4935 et
2855 4878 3036 4934 anima
3069 4875 3568 4946 exponitatqueiil-

1973 4962 2171 5015 lustrat
2199 4956 2544 5014 Ambrosius.
2570 4953 2725 5020 Quod
2753 4961 2939 5006 autem
2960 4948 3049 5004 hic
3074 4945 3273 5002 aitsibi
3304 4961 3426 5002 cum
3457 4945 3564 5020 Hn-

1973 5033 2230 5086 rnnliano
2259 5043 2567 5084 sermonem
2597 5018 2681 5078 vde
2713 5023 2931 5076 llliclta'a
2962 5029 3206 5074 exortum
3257 5032 3401 5081 esse,
3432 5018 3564 5071 satis

1977 5103 2181 5157 indicat
2209 5115 2427 5155 causam
2470 5097 2595 5150 huic
2623 5094 2869 5164 epistolae
2916 5106 3024 5145 non
3053 5089 3277 5145 aliunde
3305 5103 3466 5158 quam
3495 5104 3562 5144 ex

1977 5174 2168 5229 eodem
2197 5170 2472 5239 collaquio
2503 5163 2669 5222 fuisse
2697 5163 3018 5243 protectum.
3321 5227 3368 5243 η

2047 5244 2066 5280 ί
2100 5243 2174 5297 Ita
2201 5252 2307 5297 vet.
2333 5227 2465 5296 edit.
2494 5254 2556 5292 ac
2578 5227 2713 5292 mss:
2739 5234 2899 5288 Rom.
2920 5241 3098 5287 autem
3126 5231 3284 5294 edit.,
3310 5227 3567 5285 Morasthi

1971 5316 2132 5383 ﬁlius,
2157 5315 2338 5370 hwres.
2366 5310 2763 5383 Alluditporro
2781 5305 3102 5383 Ambrosius
3122 5303 3186 5356 ad
3207 5301 3378 5383 prima
3405 5301 3565 5383 hujus

1971 5370 2252 5454 propheta:
2303 5383 2465 5438 verba
2485 5401 2507 5454 ιγ
2559 5370 2778 5454 verbum
2826 5375 3160 5454 Domini”...
3192 5373 3260 5426 ad
3289 5370 3563 5454 Micha’ant

1975 5444 2333 5509 Morasthitem
2357 5468 2372 5518 ;
2400 5453 2599 5524 quibus
2620 5450 2840 5520 quidem
2883 5461 2987 5500 non
3015 5445 3203 5524 ipsius
3232 5453 3385 5524 pater
3409 5483 3424 5509 ,
3468 5444 3566 5510 sed

1971 5528 2146 5597 patria
2179 5532 2331 5597 terra
2345 5514 2682 5594 signiﬁcatur
2717 5539 2743 5597 εΔ
2773 5527 2937 5597 atque
2967 5516 3104 5597 adeo
3128 5514 3448 5597 Morastlti...’
3471 5529 3566 5568 seu

1975 5584 2207 5652 'Morathi
2257 5584 2429 5666 ﬁlius:
2457 5603 2689 5666 utroque
2715 5584 2861 5646 enini
2879 5589 3055 5666 _mndo
3083 5597 3243 5666 recte
3271 5584 3566 5666 scribitur,

1971 5669 2114 5723 idem
2144 5676 2227 5720 est
2249 5655 2311 5718 ac
2356 5655 2614 5718 Morasthi
2665 5673 2842 5717 natus.
2879 5661 2952 5714 lle
2979 5660 3127 5713 vocis
3155 5669 3333 5711 autem
3363 5655 3570 5724 signiﬁ-

1971 5741 2186 5794 catione
2201 5735 2521 5790 Ambrosius
2537 5751 2658 5788 cum
2679 5735 2717 5788 ll
2729 5733 3009 5803 ieronymo
3024 5731 3076 5784 in
3095 5729 3326 5803 Prologo
3340 5725 3408 5780 ad
3427 5728 3571 5798 ejus-

1971 5807 2354 5875 detancltaeaz
2386 5807 2725 5875 prophetiam
2759 5800 3238 5875 plancconveuit.‘
3343 5867 3347 5871 _
3452 5865 3488 5875 ’Δ
3536 5855 3560 5875 ,ι

2048 5887 2070 5924 ις
2105 5865 2409 5930 Innituntur
2432 5865 2518 5927 alii
2550 5865 2786 5928 nominis
2808 5873 3045 5928 ﬁliclta‘aé
3065 5867 3420 5942 signiﬁcatus.
3447 5865 3579 5925 Nam
