4076 6172
570 291 716 350 ηπ

1896 285 2140 342 SANCTI
2183 289 2220 342 Α
2235 285 2503 344 SlBliOSll

3736 283 3887 340 1°56

572 411 858 466 laborabat
911 407 1159 476 regibus,
1217 417 1376 473 quem
1419 415 1734 472 processum
1791 401 2171 455 conversionis
2201 403 2248 462 Λ
2281 399 2404 454 Ιιιιξε
2442 401 2590 470 prius
2625 399 2970 469 exstirpanda
3015 408 3177 461 sunt;
3218 413 3286 452 ne
3323 399 3407 452 his
3449 394 3592 452 'truet
3620 396 3732 451 fera
3795 399 3886 450 ia.

575 505 938 562 suazhaheat,
963 497 1422 552 considerandum
1467 495 1705 548 videtur.
1739 494 2024 547 Di-Strurta
2056 501 2172 546 erat

579 597 734 664 quasi
763 591 1050 656 infirmior,
1080 600 1131 645 et
1158 590 1334 643 omnis
1364 585 1596 642 munitio
1619 586 1734 654 ejus
1756 583 1898 640 facta
1943 593 2060 640 erat
2089 586 2172 639 via

575 686 1003 749 transeuntium,
1029 692 1084 738 et
1110 682 1364 737 incursus
1401 680 1739 751 passionum,
1772 677 1983 732 luxnria
2019 692 2172 731 reso-

577 781 714 844 luta,
748 794 810 834 ac
837 775 1080 841 deliciis,
1112 777 1347 831 contrita
1377 783 1534 838 erat,
1583 787 1646 828 ac
1687 773 1924 842 relegata
1953 785 1983 823 a
2041 769 2177 824 facie

583 874 830 928 Domini:
864 869 1046 928 Turris
1091 874 1203 944 ejus
1239 867 1476 935 squalida
1514 875 1646 933 erat,
1699 881 1819 936 qua:
1848 864 2021 936 posita
2049 873 2175 931 est,

579 976 638 1022 ut
668 968 720 1020 in
753 961 931 1021 Esaia:
976 966 1191 1019 cantico
1220 964 1453 1034 legimus
1486 959 1659 1029 (Esai.
1693 977 1747 1027 v,
1774 960 1854 1029 2),
1888 959 1942 1014 in
1999 958 2181 1013 medio

581 1060 829 1114 ﬂorentis
872 1057 1062 1111 vincar.
1089 1055 1312 1128 Squalet
1337 1057 1538 1111 etenim
1576 1054 1766 1112 turris.
1791 1051 2006 1124 quando
2056 1052 2180 1106 vitis

580 1151 800 1216 arescit,
835 1161 858 1185 τι
891 1159 945 1204 et
974 1149 1093 1203 ovis
1125 1161 1219 1202 sua
1253 1157 1433 1203 errat:
1469 1145 1813 1216 regrediente
1846 1156 2023 1200 autem
2056 1145 2183 1200 vitis

580 1247 884 1313 viriditate,
907 1246 992 1300 vel
1017 1262 1138 1309 ove,
1161 1242 1504 1313 resplendet;
1539 1243 1668 1297 nihil
1703 1244 1846 1298 enim
1881 1243 2183 1313 squalidius

583 1341 889 1411 iniquitate.
925 1338 1055 1393 nihil
1086 1334 1675 1410 splendidiusjustitia.

747 1435 825 1488 Ad
854 1434 989 1487 hanc
1022 1433 1218 1487 turrim
1251 1441 1541 1487 revocatur
1569 1430 1686 1483 ovis
1707 1471 1721 1494 ,
1751 1427 1972 1499 quando
2004 1429 2183 1482 anima

585 1539 920 1584 revocatura
957 1527 1144 1598 lapsu,
1177 1535 1231 1580 et
1261 1525 1312 1579 in
1362 1524 1449 1578 illa
1475 1538 1577 1578 ove
1604 1519 1810 1576 ChriSIi
1844 1537 2068 1592 regnum
2095 1537 2184 1578 re-

586 1623 684 1690 dit,
730 1620 873 1691 quod
895 1629 980 1674 est
1011 1619 1260 1674 initium:
1293 1618 1416 1688 quia
1449 1615 1567 1683 ipse
1593 1625 1677 1669 est
1704 1613 1920 1668 initium
1961 1625 2013 1669 et
2063 1615 2186 1671 ﬁnis

590 1715 771 1785 (Apoc.
807 1730 854 1777 ι,
883 1712 964 1783 8),
1012 1711 1093 1766 vel
1147 1710 1359 1765 initium
1408 1709 1636 1770 salutis;
1691 1708 1788 1762 sed
1836 1716 2014 1761 tamen
2057 1723 2183 1762 cor-

2281 505 2628 548 ternecentur
2653 495 2845 548 anima:
2872 504 3012 548 sata.

2351 588 2404 642 8.
2432 587 2583 641 Tunc
2606 587 2769 641 etiam
2797 587 2925 641 illud
2951 587 3211 657 prospicit
3242 586 3500 656 providus
3523 586 3722 640 anima:
3750 600 3891 641 con-

2279 681 2451 735 sultor
2473 724 2487 747 ,
2520 693 2574 735 ut
2597 682 2887 736 concludat
2915 696 3035 736 eam
3057 684 3109 735 in
3137 681 3512 750 voluptatibus
3540 683 3684 749 suis,
3717 692 3888 752 atque

2283 774 2603 829 intercludat
2649 776 2768 844 ejus
2816 774 3178 844 cupiditates,
3226 791 3293 828 ne
3343 776 3396 829 in
3445 776 3511 830 iis
3552 775 3885 830 delectetur.

2283 865 2456 923 Utiles
2508 869 2652 922 enim
2699 879 2820 923 sunt
2875 870 3255 938 correptiones
3305 871 3582 939 parentis,
3639 871 3728 939 qui
3771 886 3888 925 non

2285 960 2458 1028 parcit
2501 962 2700 1032 virgar;
2744 972 2799 1014 ut
2828 963 3171 1016 obedientem
3225 963 3512 1032 prmeeptis
3555 962 3888 1017 salutaribus

2286 1063 2506 1124 prmstet
2527 1054 2764 1108 animam
2795 1054 2990 1109 ﬁliisui
3024 1053 3207 1126 (Prov.
3238 1071 3349 1120 xm,
3386 1053 3513 1124 24).
3544 1053 3705 1125 Virga
3733 1055 3886 1110 enim

2288 1147 2505 1210 visitat,
2561 1146 2704 1200 sicut
2765 1147 3028 1216 legimus:
3087 1147 3320 1200 l'isitabo
3376 1148 3428 1199 in
3481 1147 3624 1218 virga
3688 1147 3888 1213 iniqui-

2287 1250 2417 1294 tates
2449 1256 2622 1293 eorum
2656 1242 2675 1308 (
2705 1237 2852 1293 Psal.
2911 1255 3180 1302 Lxxxvttt,
3227 1240 3354 1307 5'5).
3386 1237 3567 1308 Itaque
3597 1239 3689 1308 qui
3729 1240 3885 1308 virga

2289 1331 2560 1386 maxillam
2593 1332 2831 1402 percutit
2861 1329 3174 1385 Israelitica:
3201 1331 3430 1396 animat,
3459 1329 3643 1384 erudit
3668 1332 3785 1384 ebm
3817 1330 3887 1384 ad

2287 1421 2632 1493 disciplinam
2683 1425 2954 1494 patientiae
3002 1424 3276 1476 Dominiea
3316 1422 3679 1494 correptione.
3713 1421 3888 1478 Nemo

2287 1518 2431 1570 enim
2464 1517 2756 1586 desperare
2801 1515 2994 1573 debet.
3023 1517 3355 1588 quicumque
3399 1516 3695 1585 corripitur
3723 1526 3889 1585 atque

2289 1610 2564 1678 arguitur;
2613 1611 2704 1680 qui
2758 1612 2901 1664 enim
2947 1609 3121 1679 diligit
3171 1607 3374 1676 tilium,
3424 1605 3886 1680 corripit(Eccli.

2291 1717 2393 1754 xxx
2413 1743 2426 1764 ,
2463 1699 2540 1772 Ι).
2571 1699 2740 1757 Nemo
2769 1702 2834 1757 de
2862 1703 3109 1758 remedio
3136 1701 3369 1757 difﬁdat.

590 1807 788 1875 ripitur
819 1806 990 1873 prius,
1024 1818 1092 1859 eo
1122 1800 1265 1870 Quod
1303 1813 1408 1856 tam
1433 1801 1671 1874 graviter
1699 1803 1993 1867 erraverit,
2019 1810 2075 1855 et
2104 1803 2186 1856 di-
2215 1800 2262 1859 Β
2357 1793 2412 1848 9.
2451 1792 2594 1850 Ecce
2626 1796 2719 1850 tibi
2749 1795 2836 1851 tibi
2866 1796 3062 1852 domus
3095 1795 3334 1851 furorem
3370 1795 3603 1852 videntis
3633 1807 3776 1863 erat,
3812 1795 3888 1850 ibi

590 1899 733 1952 citur
755 1897 804 1952 ei
829 1915 840 1950 :
880 1895 949 1952 Ut
974 1897 1096 1964 qu’d
1117 1897 1428 1966 cognovistis
1450 1895 1630 1948 mala?
1656 1894 1903 1962 numquid
1949 1911 2042 1949 rex
2086 1913 2188 1949 non

592 2001 699 2042 erat
723 1989 812 2042 tibi
843 1987 1027 2060 (Hich.
1059 2003 1136 2049 tv,
1160 1987 1214 2056 9)
1239 1989 1261 2042 ?
1291 1988 1402 2042 Hoc
1433 1996 1538 2050 est,
1573 1987 1816 2041 habebas
1840 2002 2048 2056 regem,
2097 1986 2190 2053 qui

593 2093 643 2136 te
672 2091 924 2151 regeret,
949 2090 1004 2135 et
1035 2088 1282 2134 tueretur
1303 2122 1316 2143 ,
1371 2079 1593 2134 deviare
1623 2094 1652 2133 a
1692 2079 1917 2147 justitizc
1971 2079 2190 2134 tramite

595 2190 703 2229 non
736 2173 1122 2236 dehuisti,nec
1153 2172 1463 2241 relinquere
1486 2173 1605 2225 vias
1660 2171 1894 2232 Domini,
1950 2171 2043 2240 qui
2096 2169 2189 2225 tibi

592 2267 946 2322 rationabiles
991 2277 1188 2321 sensus
1235 2265 1555 2336 impertivit.
1585 2263 1613 2302 δ
1643 2265 1744 2320 Ubi
1776 2274 1934 2319 erant
1979 2265 2189 2333 cogita-

594 2360 771 2414 tiones
793 2368 898 2412 tuae
921 2401 934 2420 ,
967 2358 1056 2411 ubi
1089 2358 1318 2412 consilia
1347 2400 1362 2424 ,
1394 2357 1590 2427 quibus
1620 2356 1923 2426 ιιιτυνίἀθτθ
1972 2356 2188 2425 injosd-

593 2453 758 2514 tiam,
819 2449 1139 2520 propulsare
1194 2449 1516 2518 iniquitates
1545 2449 1712 2502 insito
1757 2447 1850 2502 tibi
1881 2450 2067 2516 vigore
2096 2461 2192 2517 po-

597 2543 791 2598 tuisti?
828 2543 931 2598 Cur
958 2543 1449 2613 comprehenderunt
1483 2553 1530 2596 te
1559 2544 1763 2596 dolores
1786 2553 1838 2595 ut
1861 2541 2194 2612 parturientis

594 2635 811 2706 (Ibid.);
836 2646 892 2687 ιιι
919 2636 1224 2704 parturires
1253 2634 1592 2704 iniquitates,
1625 2643 1681 2689 et
1712 2650 1931 2702 pareres
1977 2633 2191 2704 injusti-

599 2728 738 2783 tias?
795 2729 984 2784 Nullus
1035 2728 1182 2785 enim
1231 2728 1406 2799 major
1436 2738 1522 2785 est
1579 2729 1755 2793 dolor,
1813 2744 1974 2798 quam
2006 2730 2051 2782 is
2101 2729 2190 2799 qui

596 2826 803 2894 peccati
842 2837 1106 2880 mucrone
1132 2825 1383 2880 vulnerat
1412 2823 1842 2880 conscientiam:
1895 2839 2070 2892 neque
2103 2827 2189 2880 ul-

597 2919 706 2970 lum
733 2917 950 2988 gravius
979 2925 1061 2970 est
1091 2930 1254 2982 onus,
1287 2932 1452 2986 quam
1478 2925 1820 2988 peccatorum
1853 2917 2061 2969 sarcina
2090 2958 2104 2979 ,
2137 2925 2192 2969 et

599 3009 808 3075 pondus
851 3008 1198 3078 ﬂagitiorum.
1235 3009 1506 3076 Deprimil
1551 3010 1819 3071 animam,
1854 3018 2045 3063 curvat
2104 3022 2192 3061 us-

596 3118 699 3172 que
754 3101 816 3153 ad
853 3113 1087 3165 terram,
1143 3118 1209 3156 nc
1241 3117 1298 3156 se
1323 3104 1534 3171 erigetc
1567 3102 1758 3171 possit.
1791 3101 2007 3167 Gravia,
2071 3103 2186 3165 lili,‘

2293 1885 2485 1940 domus
2508 1888 2660 1956 panis
2682 1898 2796 1942 est:
2825 1889 2912 1944 tibi
2932 1887 3248 1954 crudelitas,
3276 1888 3346 1943 ibi
3374 1891 3569 1960 pietas:
3605 1889 3695 1942 ubi
3723 1904 3891 1958 prona

2293 1977 2663 2033 innocentium
2683 2022 2696 2046 ,
2725 1981 2794 2034 ibi
2821 1981 3208 2037 universorum
3241 1981 3557 2052 redemptio,
3587 1982 3724 2035 sicut
3751 1982 3894 2035 scri-

2296 2082 2443 2141 ptum
2468 2082 2584 2128 est:
2619 2067 2687 2128 Et
2720 2086 2772 2128 tu
2798 2119 2812 2142 ,
2841 2074 3134 2142 Bethleem,
3164 2077 3347 2129 domus
3379 2073 3615 2144 Ephrata
3641 2113 3656 2136 ,
3709 2091 3812 2127 non
3837 2090 3893 2129 es

2293 2165 2506 2218 minima
2537 2167 2668 2220 inter
2711 2168 2970 2238 principes
2999 2166 3176 2232 Iuda;
3214 2185 3279 2222 ea:
3309 2180 3355 2222 te
3385 2170 3515 2221 enim
3545 2167 3697 2221 exibit
3731 2164 3892 2220 Prin-

2296 2273 2410 2328 ceps
2448 2257 2499 2311 in
2533 2251 2700 2314 Israel
2749 2260 2952 2333 (Μὴ-[ι.
2988 2279 3055 2329 v,
3088 2259 3181 2332 2).
3217 2260 3495 2316 Bethleem
3525 2259 3719 2314 domus
3734 2260 3890 2328 panis

2295 2360 2411 2419 est,
2446 2353 2684 2423 Epitrata
2714 2355 2906 2411 domus
2943 2355 3180 2410 furorem
3206 2356 3460 2410 videntis.
3490 2355 3605 2410 Hoc
3629 2354 3887 2409 habetin-

2299 2449 2612 2516 terpretatio
2633 2448 2856 2502 istorum
2893 2448 3190 2502 nominum.
3227 2447 3284 2501 lu
3315 2447 3595 2502 Bethleem
3627 2455 3785 2501 natus
3804 2454 3888 2500 est

2295 2540 2363 2594 de
2405 2539 2568 2594 Maria
2624 2539 2904 2594 Christus:
2940 2541 3130 2595 cadent
3177 2550 3358 2594 autem
3408 2540 3714 2606 Bethleem,
3765 2555 3888 2608 qua:

2298 2633 2530 2702 Ephrata
2557 2632 2708 2703 (Luc.
2737 2649 2794 2698 tt,
2823 2634 2898 2704 6).
2931 2634 2986 2687 lu
3010 2633 3174 2688 domo
3199 2633 3360 2703 igitur
3383 2632 3577 2686 furoris
3597 2642 3887 2702 generatus

2297 2734 2379 2778 est
2422 2723 2710 2779 Christus:
2759 2735 2816 2780 et
2866 2725 2988 2781 ideo
3014 2727 3126 2794 jam
3159 2743 3265 2780 non
3300 2725 3496 2778 domus
3530 2723 3756 2789 furoris,
3790 2725 3885 2782 sed

2296 2817 2486 2871 domus
2520 2819 2693 2886 panis,
2725 2820 2849 2888 quia
2894 2837 3081 2887 panem
3111 2815 3318 2890 recepit
3341 2836 3462 2874 eum
3486 2863 3501 2886 ,
3533 2821 3620 2890 qui
3661 2820 3885 2874 descen-

2297 2907 2370 2961 dit
2415 2909 2481 2962 de
2512 2911 2652 2965 ραιῐο
2686 2909 2876 2980 (Joan.
2912 2929 2994 2978 vt,
3028 2912 3098 2968 50
3123 2913 3160 2980 ).
3193 2912 3398 2967 Domus
3435 2924 3612 2967 autem
3647 2913 3882 2968 furorem

2299 2999 2536 3056 videntis
2565 3012 2648 3056 est
2677 3004 2944 3074 Epitrata;
2977 3006 3098 3074 quia
3153 3005 3260 3059 illic
3289 2998 3530 3059 llerodes
3559 3005 3684 3060 dum
3728 3007 3885 3061 Chri-

2297 3103 2436 3146 stum
2469 3095 2722 3166 requirit,
2747 3098 2938 3165 perimi
2970 3097 3500 3164 statuitjnfantulos;
3527 3100 3664 3154 unde
3702 3099 3810 3154 Vox
3829 3102 3883 3155 in

594 3197 771 3262 gravia
816 3197 977 3250 nimis
1023 3195 1346 3250 delictorum
1394 3196 1656 3263 pondera,
1711 3193 1956 3263 Denique
1999 3194 2088 3248 illa
2135 3196 2185 3247 in
2218 3190 2262 3252 C
2299 3186 2464 3240 Rama
2490 3189 2669 3242 audita
2699 3199 2774 3242 est
2809 3189 3001 3244 Rachel
3043 3193 3296 3260 plorantis
3337 3192 3474 3260 ﬁlios
3505 3210 3622 3248 suos
3662 3193 3878 3264 (Matth.

596 3290 892 3360 Evangelio
935 3287 1162 3353 mu'ier,
1187 3303 1306 3358 quae
1342 3298 1563 3341 curvata
1593 3297 1710 3340 erat
1733 3329 1746 3349 ,
1789 3287 2024 3355 speciem
2059 3303 2194 3356 prm-

596 3384 826 3435 tendeos
883 3382 1077 3434 animm
1119 3380 1454 3441 laborantis,
1504 3394 1531 3431 a
1580 3375 1800 3432 Christo
1857 3378 2031 3445 potuit
2077 3377 2194 3431 solo

595 3476 728 3544 erigi
751 3473 919 3544 (Luc.
945 3490 1068 3536 χιιι,
1105 3471 1226 3544 Η

666 3570 720 3622 6.
758 3568 892 3622 lluic
924 3583 1052 3637 ergo
1076 3568 1272 3620 anima!
1301 3564 1531 3618 dicitur:
1571 3563 1808 3617 Viriliter
1830 3581 1945 3635 age,

602 3660 1079 3732 cetappropinqua,
1098 3657 1208 3728 ﬁlia
1227 3656 1378 3720 Sion,
1399 3666 1451 3708 ut
1477 3649 1943 3727 parturias(Mich.
1976 3672 2049 3721 tv,
2079 3655 2186 3728 l0).

600 3756 827 3810 Dolores
855 3754 1000 3807 enim
1039 3751 1392 3820 parturientis
1419 3748 1826 3802 tribulationem
1857 3758 2155 3817 aperantur
2177 3793 2191 3818 ,

593 3850 860 3903 tribulatio
887 3846 1220 3918 patientiam,
1263 3844 1512 3914 patientia
1543 3832 1923 3912 probationem,
1959 3844 2192 3911 probatio

595 3958 754 4008 spem,
803 3956 918 4010 spes
950 3947 1118 3991 autem
1151 3952 1253 3990 non
1293 3935 1565 4006 confundit
1612 3937 1663 3988 in
1715 3947 1966 3989 wternum
2009 3935 2185 4008 (Rom.

595 4048 645 4095 ν,
677 4029 782 4096 5,4
803 4032 841 4099 ).
875 4029 1048 4085 Simul
1071 4029 1314 4098 egeritur
1345 4040 1506 4098 atque
1529 4027 1842 4083 excluditur
1869 4045 2030 4084 omne
2047 4030 2189 4100 quod

592 4121 882 4176 adversum
911 4131 994 4176 est
1019 4120 1177 4177 bonis
1206 4121 1481 4186 moribus;
1518 4134 1584 4176 ne
1623 4119 1913 4176 residentia
1938 4121 2058 4192 ejus
2081 4122 2192 4176 tru-

593 4226 802 4270 tescant
841 4216 1084 4282 semina,
1128 4226 1291 4286 atque
1334 4216 1384 4269 in
1433 4229 1603 4269 novos
1655 4213 1850 4269 iterum
1883 4215 2192 4284 germinent

595 4315 800 4378 partus.

661 4401 715 4458 7.
749 4397 776 4439 ἀ
821 4401 933 4457 Nec
970 4403 1146 4456 otiose
1182 4401 1382 4455 dantur
1425 4402 1473 4456 ei
1515 4415 1717 4454 cornua
1745 4410 1799 4456 et
1837 4401 2083 4469 ungulae;
2133 4410 2193 4456 ut

585 4503 832 4550 conterat
861 4509 1056 4548 omnes
1085 4491 1396 4561 manipulos
1427 4508 1572 4548 areae
1593 4535 1608 4559 ,
1642 4496 1785 4547 sicut
1829 4493 2054 4548 vitulum
2095 4494 2187 4550 Li-

2297 3295 2362 3344 ιι,
2397 3281 2518 3350 ιε).

2369 3375 2452 3426 10.
2499 3373 2602 3427 Sed
2631 3374 2740 3442 jam
2776 3390 2934 3429 nemo
2967 3378 3182 3444 timeat,
3212 3377 3335 3448 quia
3363 3379 3577 3451 requies
3604 3380 3691 3434 illa
3719 3395 3880 3448 quam

2294 3465 2569 3533 quaerebat
2593 3467 2755 3520 David
2791 3469 2808 3537 (
2841 3466 2984 3522 Psal.
3015 3473 3241 3540 cum),
3272 3471 3447 3526 audita
3477 3481 3556 3527 est
3593 3474 3641 3526 in
3679 3473 3884 3543 Epitra-

2297 3567 2381 3624 ta,
2430 3559 2644 3614 inventa
2678 3573 2759 3615 est
2809 3564 2860 3616 in
2903 3565 3110 3634 campis
3153 3568 3320 3620 silvae.
3355 3563 3504 3621 Tunc
3544 3567 3719 3620 adhuc
3747 3567 3882 3621 silva

2294 3665 2409 3708 etat
2430 3655 2706 3710 nationum
2733 3661 3114 3730 congregatio:
3137 3661 3232 3716 sed
3261 3673 3601 3732 posteaquam
3633 3663 3686 3716 in
3717 3662 3885 3716 Citri-

2293 3759 2432 3804 stum
2456 3751 2705 3817 credidit,
2733 3752 3001 3820 fructuosa
3030 3757 3162 3811 facta
3192 3769 3268 3812 est
3304 3758 3320 3825 (
3345 3755 3469 3809 Luc.
3506 3772 3556 3820 ι,
3589 3755 3661 3810 49.
3681 3756 3729 3827 ),
3753 3757 3878 3826 quia

2294 3841 2559 3897 benedicti
2604 3845 2806 3898 ventris
2853 3844 3086 3900 fructum
3133 3849 3358 3917 recepit.
3395 3847 3601 3901 Moitua
3636 3856 3718 3901 est
3749 3864 3880 3916 ergo

2293 3931 2495 3988 Rachel
2528 3937 2831 4004 parturiens
2860 3936 3026 4008 (Gen.
3066 3954 3206 3992 xxxv
3228 3981 3242 4003 ,
3290 3941 3405 4011 l9);
3440 3940 3564 4009 quia
3595 3939 3702 4009 jam
3747 3947 3872 3992 tuac

2293 4027 2445 4097 quasi
2478 4029 2795 4097 patriarchae
2832 4046 2967 4084 uxor
3005 4030 3240 4087 furorem
3275 4033 3502 4086 Herodis
3528 4029 3763 4098 videbat,
3788 4031 3875 4100 qui

2295 4135 2393 4174 nec
2421 4121 2738 4177 minuscula:
2766 4122 2909 4178 artati
2939 4125 3198 4195 pepercit.
3227 4123 3397 4180 Simul
3425 4124 3548 4194 quia
3567 4125 3618 4178 iu
3651 4122 3877 4192 Epitrata

2294 4215 2504 4284 peperit
2532 4215 2809 4284 Benjamiu
2833 4219 3015 4286 specie
3045 4219 3403 4287 superiorem,
3435 4218 3644 4290 1065
3677 4227 3875 4288 myste-

2293 4307 2375 4362 rio
2404 4307 2794 4377 posteriorem,
2825 4309 3048 4365 Paulum
3091 4313 3334 4378 scilicet,
3361 4313 3449 4380 qui
3475 4321 3758 4380 antequam
3789 4325 3877 4379 ge-

2293 4412 2600 4468 neraretur,
2635 4419 2743 4458 non
2777 4403 3030 4459 minimos
3057 4404 3275 4460 dolores
3305 4406 3455 4459 matri
3481 4403 3752 4473 praestitit,
3784 4419 3878 4455 eu-

2289 4496 2379 4566 jus
2430 4497 2570 4552 ﬁlios
2619 4499 3065 4568 persequebatur.
3110 4501 3176 4554 Et
3211 4500 3320 4554 illic
3353 4507 3557 4552 mortua
3585 4506 3639 4551 et
3663 4496 3875 4565 sepulta

591 4589 716 4644 hani
741 4588 946 4661 (Mich.
977 4603 1047 4649 tv,
1081 4586 1192 4658 15).
1228 4586 1338 4641 Nisi
1368 4588 1512 4641 enim
1542 4587 1803 4656 manipuli
1824 4583 2042 4642 contriti
2075 4585 2190 4642 l‘ue-
2214 4581 2266 4641 1)
2293 4599 2370 4640 est
2399 4605 2413 4651 ;
2444 4598 2498 4642 ιιι
2531 4604 2628 4644 nos
2650 4588 2972 4643 Commortui
3001 4597 3057 4644 et
3084 4589 3381 4661 consepulti
3404 4605 3526 4644 cum
3551 4587 3788 4654 Christo,
3824 4588 3875 4642 in

588 4680 729 4743 rint,
776 4680 947 4750 palea:
991 4678 1306 4743 ventilatm,
1351 4677 1561 4734 fructus
1604 4693 1867 4749 apparere
1898 4681 2188 4736 interiores

586 4783 640 4828 et
671 4773 882 4828 absolvi
916 4783 1211 4843 nequeunt.
1245 4770 1595 4826 Comminuat
1626 4773 1789 4843 igitur
1817 4782 1981 4844 atque
2019 4789 2186 4829 excu-

582 4867 680 4922 tiat
707 4867 862 4937 prius
891 4871 1074 4924 animo
1105 4867 1397 4937 proﬁciens
1432 4868 1746 4936 passionum
1775 4867 2081 4938 superﬂua;
2127 4877 2187 4923 ut

583 4961 796 5015 fructus
855 4975 986 5014 suos
1036 4961 1420 5017 demonstrare
1475 4961 1647 5030 possit
1700 4961 1754 5015 in
1805 4961 1921 5030 ipsa
1975 4971 2182 5033 segete.

579 5051 794 5120 Quanta
827 5049 1054 5108 adversa
1076 5062 1236 5121 sunt,
1271 5069 1395 5124 quae
1427 5063 1616 5124 partus
1644 5051 1940 5122 impediant
1971 5051 2177 5109 bonos!

575 5199 934 5262 prasterquam
990 5189 1133 5262 quod
1167 5191 1362 5260 exponi
1418 5199 1590 5258 potest
1620 5230 1634 5254 ,
1691 5188 1803 5259 quis
1827 5204 1858 5242 a
1889 5185 1996 5262 Deo
2022 5232 2037 5256 ,
2088 5189 2174 5245 vel

568 5262 685 5330 quis
711 5259 824 5327 iste,
850 5275 971 5332 quae
1001 5259 1219 5330 quidem
1243 5259 1734 5330 interpretationes
1755 5301 1769 5325 ,
1798 5259 1960 5332 modo
1991 5270 2170 5332 tamen

573 5333 800 5400 primam
831 5331 1125 5401 scripseris
1175 5335 1288 5400 quis
1325 5333 1475 5394 adeo,
1512 5347 1618 5387 non
1651 5333 1764 5400 quis
1788 5349 1819 5384 a
1853 5331 1959 5385 Deo
1986 5374 2000 5398 ,
2031 5331 2172 5387 haud

566 5405 638 5457 ita
671 5404 931 5458 recedunt
955 5405 1022 5456 ah
1048 5415 1114 5459 eo
1132 5405 1280 5474 quod
1303 5403 1669 5474 Hieronymus
1685 5405 1803 5457 loco
1824 5419 1985 5472 supra
2006 5405 2173 5458 citato

563 5475 696 5528 dicit
744 5492 755 5526 ε
815 5494 833 5528 t
888 5471 1174 5540 Micltmas,
1208 5471 1351 5537 ὅστις
1379 5471 1556 5528 οὖν.
1587 5514 1599 5526 .
1635 5474 1774 5542 apud
1825 5471 1922 5527 nos
1972 5484 2168 5540 sonat,

561 5545 674 5613 quis
704 5548 870 5615 quasi,
903 5546 1008 5610 vel,
1034 5545 1147 5614 quis
1164 5543 1372 5616 velutp
1405 5553 1601 5616 pratter
1632 5545 1731 5598 has
1765 5543 1927 5616 igitur
1956 5549 2173 5616 exposi-

565 5611 742 5672 tiOnes
773 5617 939 5671 etiam
971 5611 1274 5685 explicatur
1324 5611 1578 5671 Michaaas
1631 5611 1948 5670 humiliatus
1981 5657 1993 5680 ,
2028 5611 2171 5686 'per-

564 5701 778 5753 cassus,
810 5699 916 5745 etc.

646 5765 670 5793 ι
709 5757 837 5812 Mss.
868 5758 1112 5826 aliquot,
1144 5767 1194 5810 et
1241 5769 1341 5813 uva
1368 5775 1461 5812 sua
1491 5765 1648 5812 torret
1673 5772 1692 5822 ;
1717 5769 1768 5811 et
1801 5754 1940 5810 infra
1964 5799 1979 5823 ,
2005 5759 2184 5812 viridi-

589 5835 692 5877 tate
722 5842 829 5879 ιιιιε
851 5825 1161 5895 resplendet.
1197 5828 1374 5897 Atque
1403 5831 1471 5882 ita
1504 5831 1554 5883 in
1589 5827 1941 5896 sequentibus
1969 5843 2183 5902 semper

2292 4676 2535 4736 Ecclesia
2564 4698 2930 4752 resurgamus.
2965 4682 3090 4737 Inde
3107 4689 3250 4739 enim
3275 4684 3377 4738 alia
3402 4680 3874 4751 interpretatione,

2292 4774 2376 4830 vel
2405 4773 2689 4830 fecundata
2712 4816 2726 4840 ,
2760 4775 2847 4830 vel
2873 4776 3080 4847 repit-ta
3111 4777 3382 4833 fructibus
3403 4818 3416 4841 ,
3447 4775 3682 4846 Ephrata
3715 4775 3875 4844 signi-

2291 4867 2498 4922 licatur.

2366 4961 2450 5015 ll.
2489 4969 2513 4999 ε
2543 4960 2639 5015 ilic
2672 4970 2852 5015 tamen
2874 5002 2889 5027 ,
2932 4961 2982 5015 id
3017 4974 3135 5026 est,
3178 4963 3230 5016 in
3264 4962 3406 5016 libro
3435 4960 3752 5031 prophetico
3799 4962 3875 5014 in—

2286 5057 2534 5110 venimus
2576 5056 2834 5130 ὀλιγοστὸς
2878 5051 2950 5124 εἷ,
2997 5055 3050 5110 id
3099 5065 3214 5123 est,
3247 5055 3302 5111 in
3339 5057 3680 5125 paucioribus
3707 5069 3784 5108 es.
3823 5053 3872 5107 In

2282 5207 2380 5246 uva
2413 5192 2777 5259 substituitur,
2807 5189 2901 5247 sed
2933 5192 3109 5248 minus
3137 5204 3307 5248 recte.

2351 5261 2379 5300 δ
2414 5263 2569 5334 Rom.
2623 5263 2783 5328 edit.,
2831 5263 2932 5318 Ant
2981 5265 3254 5319 consilium
3301 5274 3446 5317 tuum
3478 5264 3670 5330 periit?
3731 5263 3873 5334 quasi

2281 5334 2418 5387 dicat
2445 5353 2464 5388 .·
2497 5333 2596 5388 Ubi
2620 5345 2760 5400 sunt,
2793 5348 2896 5391 etc.

2357 5417 2378 5478 εξ
2410 5405 2609 5478 Eadem
2642 5408 2882 5478 edit.,»et
2909 5406 3046 5470 dole,
3078 5407 3190 5477 [ilia
3220 5405 3371 5473 Sion,
3406 5418 3459 5460 ut
3491 5403 3783 5478 parturiens

2355 5473 2380 5510 ἀ
2409 5476 2566 5531 Rom.
2601 5477 2760 5542 edit.,
2793 5476 3000 5550 Cornua
3027 5473 3117 5532 tua
3147 5495 3338 5548 ponam
3361 5473 3553 5550 ferrea,
3587 5489 3632 5532 et
3657 5479 3875 5549 ungulas

2280 5555 2395 5599 tuas
2423 5564 2610 5618 ponam
2640 5563 2828 5601 teneas.
2869 5546 2988 5601 Non
3018 5546 3200 5611 otiose,
3232 5560 3338 5604 etc.

2354 5625 2377 5652 ε·
2410 5617 2669 5690 Absoluta
2699 5620 2971 5690 preecipua
2999 5620 3345 5684 difficultate,
3376 5620 3632 5676 nimirum
3658 5636 3761 5690 qua
3793 5635 3879 5675 ra-

2289 5688 2436 5742 tione
2455 5689 2656 5760 domus
2686 5689 2885 5742 furoris
2912 5693 3093 5744 vocari
3143 5693 3312 5760 possit
3340 5691 3470 5746 illutl
3498 5688 3788 5760 oppidum,
3827 5694 3878 5746 in

2290 5775 2399 5828 qtto
2431 5759 2678 5814 Christus
2702 5763 2848 5814 nasci
2895 5761 3059 5815 voluit
3080 5803 3094 5825 ,
3122 5759 3445 5818 Ambrosius
3473 5759 3546 5818 ad
3571 5759 3775 5817 variam
3805 5764 3879 5817 le-

2291 5832 2525 5884 ctionem
2555 5849 2657 5906 qua
2689 5830 2996 5903 propositus
3030 5841 3212 5886 textus
3239 5833 3380 5904 apud
3415 5831 3692 5892 Michzeam
3722 5843 3882 5906 atque
