4076 6172
293 251 434 309 1157

1495 246 1988 312 EPISMMRUI
2024 249 2309 314 οιιεειε
2344 251 2411 313 ιι.

3454 249 3596 315 1938

293 369 550 424 ιΙτιιιΙιωο
573 374 788 423 autem:
811 365 881 422 Et
912 374 969 422 tu
990 358 1276 429 Bethleem.
1304 365 1491 421 Ws
1517 361 1681 431 lude,
1708 379 1810 420 non
1837 379 1890 420 es
1918 370 1971 430 Α
1999 366 2178 437 Usque
2206 368 2274 423 ad
2312 376 2515 439 tempus
2559 369 2813 441 portentis
2831 367 3011 441 (Ptol.
3042 380 3209 435 xvm,
3240 368 3322 439 ἢ.
3378 366 3477 427 Otii
3504 373 3602 425 ml~

290 458 696 531 ittpattciort'bus
725 458 920 530 (Misit.
946 474 997 524 ν,
1029 456 1112 529 s).
1130 456 1461 513 lbi'domus
1489 456 1657 523 Iuda,
1681 457 1770 513 hic
1797 456 1898 511 do-

291 566 414 606 mus
464 550 739 621 Ephrata:
773 551 827 604 iu
852 558 966 621 qua
1006 549 1299 606 verborum
1340 547 1710 619 discrepantia
1733 589 1751 613 ,
1784 556 1892 605 non

291 657 555 701 sensuum
574 652 679 698 est.
712 640 847 696 Nam
883 652 938 697 et
978 640 1165 698 ludas
1196 640 1431 696 interior
1463 640 1600 696 vidit
1628 641 1888 707 furorem,

289 748 348 794 et
397 736 642 792 exterior
696 736 940 806 pertulit.
972 734 1042 790 Et
1094 735 1148 790 in
1214 734 1563 804 paucioribus
1602 742 1718 800 est;
1764 732 1891 805 quia

293 828 451 901 pauci
476 836 635 896 sunt,
668 827 761 898 qui
786 826 992 882 intrant
1017 826 1069 880 in
1095 825 1317 881 domum
1358 825 1514 895 panis
1547 839 1643 897 per
1694 838 1896 895 angus-

294 933 404 977 tam
435 921 600 976 viam.
633 918 701 973 Et
728 934 835 973 non
866 927 952 973 est
993 918 1046 973 in
1076 918 1446 988 paucioribus,
1470 917 1523 974 id
1544 928 1652 983 est,
1675 916 1745 974 de
1767 933 1895 989 pro—

290 1016 624 1083 ﬁcientibus,
665 1028 785 1085 qua
814 1010 1093 1068 Christum
1123 1028 1232 1067 nou
1259 1012 1500 1084 agnovit.
1527 1010 1639 1068 Nec
1670 1011 1892 1068 minima

290 1117 399 1176 est,
422 1123 542 1180 qua
570 1107 873 1164 estdomus
906 1104 1340 1172 benedictionis,
1373 1112 1428 1160 et
1452 1104 1651 1160 divinae
1696 1103 1891 1174 gratia

291 1205 693 1277 receptaculum
723 1221 739 1259 :
771 1210 830 1259 et
855 1203 909 1257 in
939 1215 1008 1257 eo
1037 1199 1265 1255 minima
1288 1240 1305 1267 ,
1337 1199 1423 1254 cui
1462 1199 1508 1253 is
1547 1200 1638 1269 qui
1678 1197 1888 1268 aliquid

289 1296 505 1353 confert
567 1295 820 1361 Christo,
872 1293 1085 1349 videtur
1134 1290 1369 1347 deferre.
1425 1290 1496 1346 Et
1540 1290 1634 1360 qui
1681 1289 1891 1361 appetit

292 1390 621 1455 Ecclesiam,
645 1386 920 1443 Christum
943 1385 1180 1456 appetit;
1202 1384 1254 1438 in
1276 1384 1470 1454 quovis
1493 1381 1719 1438 minimo
1741 1383 1887 1438 enim

289 1482 543 1538 Christus
601 1491 695 1537 aut
740 1480 991 1548 luditur,
1051 1488 1146 1534 aut
1192 1478 1526 1543 honoratur,
1589 1478 1888 1533 secundum

290 1574 437 1644 quod
502 1575 620 1644 ipse
665 1573 774 1626 ait:
808 1570 961 1639 Quod
1002 1571 1138 1627 enim
1182 1571 1273 1624 uni
1318 1570 1502 1624 Irarum
1552 1570 1889 1626 minimarum

291 1666 493 1737 fecistis
517 1702 535 1733 ,
568 1665 695 1719 mihi
734 1664 931 1734 fecistis
967 1662 1189 1736 (Matth.
1217 1679 1319 1718 xxv
1339 1702 1356 1730 ,
1408 1662 1525 1735 40).

2002 457 2154 513 venit
2199 457 2479 526 Christus,
2532 460 2753 516 advenit
2796 460 3124 526 fecunditas;
3158 459 3381 516 advenit
3402 460 3598 533 partus

1999 551 2187 626 (Miris.
2218 569 2284 620 v,
2333 553 2430 624 3);
2474 555 2614 611 sicut
2660 555 2881 611 advenit
2908 550 3196 620 Ecclesiae,
3226 562 3350 627 quas
3379 560 3599 629 peperit

1997 646 2180 716 plures
2199 686 2216 713 ,
2243 660 2404 718 quam
2429 662 2554 719 qua
2580 646 2726 703 ‘tliios
2750 644 2984 704 habebat
3007 665 3021 702 ι
3046 658 3105 704 et
3121 650 3337 720 peperit
3359 654 3593 722 septem,

1996 740 2047 794 id
2079 748 2187 805 est,
2236 738 2527 810 legitimos,
2558 741 2903 811 tranquillos,
2934 734 3213 810 paciﬁcos.
3243 736 3439 814 incipit
3463 758 3597 814 ergo

1994 834 2290 904 concipere
2311 836 2523 903 anima,
2552 844 2607 891 et
2626 836 2850 890 tor-mari
2882 835 2936 889 in
2968 849 3030 891 ea
3055 835 3325 905 Christus,
3359 844 3479 908 qua:
3503 844 3596 893 re-

1994 926 2200 996 ceperit
2228 926 2518 983 adventum
2543 928 2694 997 eius,
2746 936 2801 982 et
2828 927 3070 997 pascitur
3111 927 3168 982 in
3208 928 3416 984 divitiis
3442 931 3592 999 ejus;

1994 1029 2051 1075 ut
2083 1020 2220 1075 nihil
2252 1020 2301 1075 ei
2331 1021 2505 1086 desit,
2546 1031 2606 1075 ut
2632 1020 2879 1075 videntes
2909 1021 3071 1075 etiam
3093 1028 3212 1075 eam
3242 1021 3369 1076 altat
3396 1023 3593 1077 animm

1994 1121 2336 1168 revertantur
2364 1112 2431 1167 ad
2463 1114 2604 1168 viam
2626 1114 2839 1168 salutis;

2065 1202 2157 1261 l1.
2186 1202 2252 1260 Et
2270 1207 2367 1259 erit
2394 1206 2441 1261 ei
2464 1215 2570 1277 pan:
2592 1205 2784 1278 (Mitti.
2813 1221 2867 1271 v,
2898 1204 2981 1277 5),
3005 1205 3099 1260 sed
3126 1220 3233 1260 non
3260 1211 3443 1277 potest
3468 1218 3566 1277 pro

1993 1298 2111 1353 bari
2141 1298 2244 1353 nisi
2280 1298 2690 1355 testationibus.-
2727 1298 2880 1354 Tuttc
2906 1299 3051 1355 enim
3080 1308 3183 1368 pax
3217 1299 3336 1369 ejus
3364 1300 3594 1354 estima-

1994 1391 2139 1446 bitur
2166 1401 2220 1445 et
2264 1390 2669 1462 tranquillitas:
2708 1404 2833 1445 eum
2864 1391 3161 1447 excluserit
3195 1398 3361 1446 Venas
3382 1392 3593 1462 'cOgita—

1993 1485 2204 1551 tiones,
2240 1486 2327 1540 vel
2372 1484 2797 1555 compresserit,
2824 1492 2949 1538 cum
2988 1491 3173 1538 motus
3220 1494 3410 1540 omnes
3460 1483 3592 1540 edo‘

1993 1577 2189 1631 muerit
2232 1579 2547 1648 passionum
2593 1576 3022 1645 iusurgentium,
3068 1572 3595 1633 enminerebuerint

1990 1669 2287 1740 angustiae,
2338 1669 2647 1739 persecutio
2669 1708 2686 1735 ,
2720 1668 2892 1724 fames
2916 1709 2932 1735 ,
2983 1669 3281 1739 periculum
3303 1710 3318 1734 ,
3350 1668 3587 1739 gladius.

365 1758 453 1813 12.
485 1756 660 1826 Ipsam
676 1765 859 1812 autem
887 1756 1165 1813 Bethleem
1197 1771 1319 1813 esse
1339 1772 1462 1827 qum
1492 1765 1580 1813 est
1602 1757 1884 1829 Ephrata,
1918 1766 1966 1826 Β
1991 1759 2145 1815 Tunc
2173 1762 2298 1823 erit,
2330 1760 2521 1830 inquit,
2560 1774 2700 1829 pes;
2726 1760 2855 1830 quia
2882 1759 2937 1813 in
2970 1759 3057 1814 bis
3083 1760 3339 1814 omnibus
3367 1770 3591 1830 supera-

285 1852 451 1907 docet
479 1850 644 1905 lectio
684 1849 942 1918 Genesis,
974 1848 1066 1906 ubi
1092 1850 1170 1904 ait
1197 1867 1211 1903 :
1248 1849 1459 1905 Mortuo
1484 1861 1557 1904 est
1584 1859 1755 1904 autem
1778 1849 1885 1905 Ra-

285 1944 420 2011 chel,
436 1954 483 1999 et
499 1944 702 2014 sepulta
719 1944 856 1999 estin
872 1943 951 1996 via
971 1940 1346 2013 Ephratmipsa
1355 1951 1430 1997 est
1446 1941 1709 1998 Bethleem
1722 1942 1882 2015 (Gen.

287 2038 573 2108 xxxv,i9).
598 2037 656 2093 In
683 2037 770 2093 via
799 2036 827 2074 δ
856 2036 1136 2107 sepultura
1166 2046 1253 2091 est
1278 2044 1486 2092 sanctae
1510 2035 1740 2102 Rachel,
1762 2051 1885 2107 quae

287 2142 448 2204 typus
464 2130 559 2186 luit
591 2129 867 2197 Ecclesiae,
896 2138 955 2183 ut
982 2138 1332 2184 transeuntes
1346 2128 1529 2183 dicant
1549 2145 1562 2181 :
1584 2126 1885 2182 Benedictio

288 2222 500 2279 Domini
552 2239 708 2294 super
760 2236 851 2277 vos
888 2220 1066 2291 (Psal.
1111 2236 1352 2288 cxxvttt,
1386 2217 1474 2291 8);
1528 2228 1613 2275 et:
1666 2218 1882 2274 Venien-

285 2325 365 2371 tes
391 2318 586 2373 venient
615 2316 670 2369 in
692 2315 1038 2371 exsultatione
1067 2311 1242 2386 (Paul.
1272 2328 1443 2377 cxxv,
1488 2313 1571 2382 6).

359 2412 448 2467 15.
480 2409 670 2465 Omnis
697 2410 880 2480 itaque
906 2408 1107 2471 anima,
1132 2422 1254 2476 quae
1281 2406 1477 2476 recipit
1504 2419 1699 2475 panem
1730 2405 1883 2460 ilium

285 2503 710 2560 descendentem
751 2502 821 2558 de
866 2501 1007 2557 ctelo
1030 2540 1048 2567 ,
1089 2499 1286 2555 domus
1313 2499 1466 2570 panis
1487 2507 1592 2564 est,
1627 2500 1731 2553 hoc
1754 2505 1881 2563 est;

288 2600 443 2669 panis
468 2598 699 2665 Christi,
718 2612 843 2668 qua:
869 2595 1165 2653 habitantis
1195 2596 1248 2649 in
1270 2609 1329 2650 se
1352 2593 1506 2663 panis
1523 2591 1765 2649 ccclesiis
1792 2590 1885 2646 lir-

289 2702 562 2747 mameuto
577 2691 763 2755 alitur,
781 2697 838 2745 et
856 2688 1023 2743 corde
1035 2688 1410 2742 conlirmatur.
1436 2685 1592 2742 Unde
1613 2694 1668 2741 et
1683 2683 1883 2739 Paulus

287 2785 392 2842 ait:
443 2784 634 2839 Omnes
659 2783 804 2838 enim
836 2798 971 2836 unus
1015 2782 1165 2853 panis
1214 2796 1389 2834 sumus
1420 2778 1466 2851 (l
1499 2779 1620 2834 Cor.
1653 2795 1718 2845 ιι,
1753 2778 1819 2834 17
1839 2777 1877 2848 ).

288 2878 476 2932 Omnis
504 2878 687 2932 anima
718 2874 897 2931 ﬁdelis
925 2873 1202 2929 Bethleem
1242 2883 1324 2929 est
1350 2914 1365 2938 ,
1404 2874 1548 2928 sicut
1576 2870 1880 2927 Jerusalem

290 2972 488 3025 dicitur
508 3009 524 3035 ,
565 2984 686 3039 quae
733 2980 920 3037 pacem
951 2975 1008 3023 ot
1050 2965 1500 3037 tranquillitatem
1530 2964 1693 3019 habet
1722 2978 1882 3033 supe‘

286 3066 450 3120 rioris
498 3063 842 3128 Jerusalem,
899 3076 1021 3130 ante
1079 3060 1132 3114 in
1174 3059 1317 3115 emlo
1367 3068 1474 3113 est.
1526 3055 1697 3113 Verus
1725 3055 1882 3126 panis

1990 1867 2111 1907 mus
2130 1861 2355 1924 propter
2370 1866 2497 1908 eum
2514 1892 2531 1920 ,
2564 1855 2653 1923 qui
2699 1856 2799 1908 nos
2820 1851 3009 1908 dilexit
3030 1893 3044 1919 ,
3072 1848 3332 1921 quoniam
3362 1854 3593 1909 conlidi-

1989 1961 2110 2002 mus
2136 1949 2189 2002 in
2220 1961 2287 2002 eo
2308 1947 2433 2018 quia
2460 1961 2636 2016 neque
2658 1952 2832 2012 moi-s,
2861 1955 2885 1982 θ
2908 1959 3088 2016 neque
3109 1946 3194 2001 vis
3221 1947 3590 2001 mutationum

1989 2056 2087 2096 nos
2105 2041 2175 2096 ab
2199 2041 2321 2110 ejus
2342 2040 2570 2095 divellat
2596 2028 2867 2094 charitate
2910 2048 2967 2093 et
3005 2046 3229 2109 separet
3257 2038 3439 2110 (Itoni.
3466 2047 3582 2107 vui,

1988 2133 2102 2204 35).
2125 2132 2278 2188 Tunc
2304 2146 2436 2202 ergo
2462 2132 2614 2187 dabit
2642 2133 2991 2196 tentationes,
3020 2141 3078 2185 ut
3099 2127 3229 2202 justi
3263 2134 3586 2203 probentur.

1989 2227 2057 2281 Et
2102 2226 2365 2279 Dominus
2402 2225 2623 2293 quidem
2673 2225 2766 2278 dat
2812 2224 3145 2280 tentationcs
3177 2234 3240 2280 ea
3269 2220 3582 2293 voluntate,

1988 2332 2045 2374 ut
2070 2319 2346 2373 neminem
2369 2316 2545 2386 decipi
2573 2317 2699 2371 velit
2717 2334 2731 2370 ε
2748 2316 2847 2371 sed
2868 2317 2994 2386 quia
3020 2317 3269 2386 plerique
3294 2311 3587 2375 vincuntur

1989 2410 2194 2465 inilrmi
2219 2409 2645 2474 tentationibus,
2671 2410 2761 2480 qui
2806 2406 2976 2464 fortes
3028 2416 3189 2474 sunt,
3225 2411 3543 2479 probantur.

2061 2502 2150 2558 18.
2180 2502 2335 2557 Tunc
2360 2501 2466 2556 illis
2495 2502 2593 2555 erit
2616 2516 2703 2555 res
2727 2516 2759 2555 o
2780 2497 3004 2555 Domino
3025 2498 3217 2571 (Mich.
3250 2510 3305 2568 v,
3338 2503 3420 2572 7);
3453 2509 3583 2557 tunc

1988 2596 2239 2666 requies:
2276 2601 2406 2648 tunc
2440 2591 2547 2648 erit
2577 2594 2756 2647 anima
2797 2592 2931 2662 jhsti
2957 2628 2973 2659 ,
3021 2593 3159 2648 sicut
3188 2595 3394 2648 emotus
3421 2596 3587 2649 leonis

1990 2688 2011 2727 ί
2063 2690 2117 2742 in
2164 2687 2385 2742 ovilibus
2427 2696 2665 2759 pecorum
2697 2680 2887 2759 (tam,
2931 2679 3012 2757 8).
3046 2686 3202 2755 Quod
3253 2678 3586 2759 Evangelia)

1986 2779 2238 2850 exemplo
2264 2778 2335 2833 ad
2364 2778 2643 2834 Christum
2672 2776 2879 2833 referre
2906 2784 3015 2832 non
3047 2772 3431 2845 dubitaverim;
3456 2784 3584 2851 quia

1985 2873 2100 2943 ipse
2129 2872 2267 2927 dixit
2290 2885 2305 2924 :
2332 2869 2474 2924 Tunc
2486 2871 2623 2940 justi
2653 2869 2922 2941 fulgebunt
2948 2869 3080 2923 sicut
3097 2871 3177 2924 set
3201 2870 3256 2923 in
3283 2884 3444 2944 regno
3478 2861 3586 2925 Ρα-

1984 2967 2077 3020 tris
2121 2965 2204 3018 sui
2221 2963 2437 3038 (Matth.
2470 2970 2586 3030 ιιιι,
2628 2962 2744 3034 45).
2774 2960 3218 3032 Comprimentur
3255 2964 3400 3018 enim
3448 2964 3584 3032 nos:

1985 3061 2153 3129 drigte
2200 3059 2322 3129 ejus
2369 3056 2777 3113 irrationabiles
2808 3056 3018 3112 scilicet
3048 3057 3284 3128 impetus
3313 3066 3368 3112 'et
3402 3062 3583 3113 motus

287 3166 398 3224 est,
430 3157 521 3225 qui
564 3156 769 3210 l'ractus
796 3164 850 3208 et
875 3153 1241 3207 comminutus
1273 3161 1296 3190 ο
1328 3150 1546 3211 satiavit
1573 3148 1877 3203 univerSos.
1912 3154 1957 3216 ο
1990 3155 2146 3209 istius
2174 3153 2424 3223 corporis
2451 3150 2639 3223 (Mitti.
2666 3165 2723 3216 γ,
2754 3146 2885 3220 iii);
2914 3148 3195 3205 sedabitar
3221 3146 3390 3207 illud:
3427 3150 3586 3207 Fotis

359 3249 448 3306 M.
482 3248 682 3316 Quinta
736 3254 916 3300 autem
959 3244 1182 3299 traditio
1210 3243 1405 3308 habet,
1461 3243 1661 3296 Domus
1706 3241 1880 3312 panis.

287 3342 418 3397 Betlt
442 3340 588 3396 enim
616 3338 813 3393 domus
839 3345 959 3400 est,
1015 3336 1142 3390 least
1187 3334 1341 3405 ponis
1374 3333 1595 3391 dicitur.
1642 3335 1717 3389 De
1747 3334 1883 3389 alio-

286 3451 408 3494 rum
441 3432 822 3511 traditionibus
870 3439 1094 3502 propter
1125 3430 1407 3500 perﬁdiam
1450 3428 1765 3497 Judaicam,
1811 3446 1880 3485 ne

288 3529 388 3600 ipsi
421 3543 481 3583 se
510 3526 929 3597 redarguerem,
961 3523 1044 3578 vel
1087 3523 1157 3577 ab
1204 3522 1336 3591 ipsis
1367 3523 1697 3593 praeteritum
1726 3530 1880 3593 puta-

287 3637 441 3687 mus,
473 3621 557 3676 vel
586 3620 857 3675 sublatum
884 3618 953 3673 ab
980 3617 1123 3672 aliis.

360 3716 448 3772 ili.
476 3714 707 3770 Deluda
743 3724 960 3784 quoque
988 3712 1130 3766 tribu
1151 3724 1272 3766 esse
1302 3709 1578 3765 Bethleem
1609 3710 1769 3765 docet
1797 3710 1880 3764 le-

286 3812 396 3865 ctio
423 3810 474 3863 in
500 3808 744 3864 Judicum
774 3807 935 3874 libro,
970 3805 1093 3877 quia
1118 3806 1199 3860 vir
1225 3804 1318 3860 ille
1346 3804 1507 3861 levita
1536 3803 1750 3874 accepit
1777 3804 1879 3859 sibi

289 3898 646 3957 concubinam
674 3899 743 3955 de
771 3899 1050 3955 Bethleem
1096 3896 1267 3964 Juda,
1309 3904 1367 3951 et
1395 3897 1531 3952 irata
1562 3903 1646 3951 est
1671 3896 1720 3951 ei
1750 3910 1882 3951 con-

287 3992 485 4048 cubina
515 3992 631 4062 ejus
653 4031 677 4059 γ
696 4002 751 4047 et
772 3992 935 4048 rediit
964 3991 1017 4045 in
1047 3991 1268 4046 domum
1318 3992 1490 4060 patris
1514 3993 1599 4045 sui
1634 3991 1686 4045 in
1720 3990 1883 4046 Beth-

287 4088 430 4144 leem
480 4086 614 4142 Juda
667 4085 868 4157 (ludis.
909 4100 1037 4151 xtx,
1076 4084 1159 4154 2).

359 4180 446 4237 16.
478 4179 506 4218 ά
538 4180 804 4250 Egressus
852 4178 1040 4249 itaque
1083 4176 1335 4234 Christus
1366 4194 1395 4232 a
1434 4177 1630 4234 diebus
1658 4179 1879 4243 saeculi;

287 4282 416 4328 tunc
436 4271 584 4329 enim
598 4269 758 4327 nobis
780 4268 973 4340 incipit
992 4271 1276 4336 sarculum,
1297 4270 1517 4341 quando
1537 4270 1655 4325 dies
1666 4271 1879 4339 salutis,

281 4374 337 4422 et
360 4378 617 4438 egressus
637 4362 704 4418 ad
731 4361 1057 4418 currendum
1089 4363 1230 4417 viam
1268 4360 1418 4418 dedit
1444 4362 1633 4420 lsroel.
1674 4363 1887 4437 1m

1983 3263 2204 3322 pugnae,
2233 3247 2373 3299 intus
2398 3246 2604 3299 timores
2632 3244 2651 3315 (
2674 3243 2721 3299 ll
2748 3243 2870 3299 Cor.
2898 3256 3000 3309 vti,
3022 3238 3113 3315 8);
3148 3243 3241 3299 sed
3272 3244 3493 3316 tibique;
3526 3245 3582 3303 id

1983 3350 2068 3396 est
2090 3380 2104 3405 ,
2137 3339 2285 3403 intus
2307 3347 2361 3392 et
2387 3337 2519 3393 foris
2542 3376 2556 3402 ,
2584 3336 2950 3407 tranquillitas
2975 3337 3110 3391 erit:
3132 3345 3195 3392 et
3217 3348 3327 3392 non
3355 3339 3459 3394 erit
3487 3340 3580 3409 qtti

1982 3431 2318 3506 respondeat
2358 3441 2415 3488 et
2470 3432 2690 3488 resistat
2740 3432 2897 3487 honre
2927 3432 3231 3498 voluntati;
3278 3433 3403 3502 quis
3449 3431 3583 3489 ohe-

1981 3526 2186 3582 dieutia
2209 3524 2391 3581 carnis
2414 3567 2430 3592 ,
2468 3523 2684 3579 sublato
2712 3525 2920 3594 pariete
2955 3516 3211 3580 maceriae
3234 3565 3250 3591 ,
3298 3528 3424 3579 etim
3465 3521 3583 3579 iue-

1979 3622 2087 3675 rint
2110 3627 2337 3689 utraque
2352 3628 2541 3683 unum,
2564 3628 2754 3673 omnes
2777 3617 3016 3672 abolebit
3037 3615 3339 3673 discordias
3355 3614 3580 3686 (Epheit.

1980 3728 2050 3779 ll,
2092 3712 2221 3782 id).
2318 3705 2327 3712 ’

2058 3806 2147 3862 l9.
2181 3804 2241 3860 Si
2269 3819 2370 3875 qua
2399 3814 2579 3859 autem
2611 3804 2786 3859 anima
2814 3803 3028 3858 inﬁrma
3048 3846 3063 3871 ,
3096 3802 3238 3859 βίοιῆ
3265 3798 3356 3857 ille
3385 3798 3581 3857 secuit.

1985 3897 2113 3953 dum
2140 3910 2359 3951 carnem
2384 3896 2571 3959 let-aet,
2599 3895 2934 3960 titubaverit,
2954 3893 3098 3949 etab
3121 3890 3209 3948 illa
3229 3891 3433 3949 Christi
3451 3885 3582 3949 cita:

1984 3990 2141 4043 ritate
2171 3985 2642 4056 persecutionlbus
2672 3986 2883 4039 turbata
2912 3996 2970 4039 se
3002 3980 3399 4056 aliquantulum
3424 3988 3583 4056 s‘epa;

1988 4079 2142 4145 rarit,
2177 4088 2201 4127 s
2228 4074 2519 4148 corripitur
2546 4085 2708 4147 atque
2749 4078 2992 4148 arguitur
3021 4077 3175 4149 quasi
3203 4074 3394 4147 infida,
3426 4081 3581 4151 quasi

1987 4174 2227 4245 ingrata,
2260 4173 2416 4244 quasi
2446 4170 2747 4238 incredula,
2786 4187 2905 4239 qua
2932 4172 3158 4227 litterate
3189 4180 3216 4225 a
3248 4171 3584 4231 vanitatibus

1988 4268 2203 4334 seaculi,
2236 4267 2289 4321 in
2320 4277 2414 4322 ess
2442 4264 2789 4335 respiciendo
2814 4264 3100 4320 reciderit:
3135 4280 3165 4319 a
3190 4264 3297 4335 qua
3329 4268 3437 4320 mn
3464 4282 3585 4321 mu-

1992 4366 2118 4420 nera
2143 4405 2158 4429 ,
2188 4372 2299 4418 non
2330 4370 2610 4416 taurorum
2660 4356 2960 4424 sacrificia;
3005 4357 3103 4414 sed
3126 4357 3501 4415 tantummodo
3528 4362 3591 4416 nt

285 4552 598 4608 Matthazum
647 4548 751 4603 sibi
799 4546 1108 4603 contrarius
1152 4548 1397 4613 videtur,
1437 4549 1651 4604 transit.
1687 4548 1880 4604 Verum
1913 4550 1967 4610 D
1993 4547 2398 4603 Advertendum
2446 4554 2627 4601 autem
2654 4555 2739 4601 est
2766 4546 2878 4601 illis
2923 4545 3057 4601 locis
3082 4546 3167 4617 agi
3201 4546 3272 4601 ab
3302 4546 3596 4603 Ambrosio

286 4625 575 4693 utriusque
593 4618 880 4674 verborum
917 4634 1035 4673 sem
1046 4633 1137 4693 um
1163 4617 1387 4693 pulchre
1407 4618 1517 4693 sibi
1536 4634 1851 4693 congruere
1868 4661 1883 4685 ,

286 4690 491 4751 nedum
513 4692 616 4746 sibi
673 4705 977 4761 repugnare
1027 4690 1117 4743 ubi
1149 4690 1444 4745 declaravit
1469 4732 1481 4751 .
1514 4692 1581 4743 tle
1613 4691 1883 4760 apicibus,

285 4767 338 4819 in
370 4765 567 4832 quibus
594 4760 727 4817 solis
753 4762 1171 4832 repugnantiam
1207 4776 1330 4816 esse
1359 4761 1666 4826 contendit,
1695 4764 1882 4816 conci-

287 4822 481 4890 lian'dis
507 4822 969 4890 minimeiabofat
989 4849 1001 4883 ε
1023 4832 1387 4904 Hieronymus
1409 4833 1607 4887 veroin
1631 4822 1885 4888 eumdem
1926 4848 1933 4857 ‘

289 4906 527 4961 Michtezc
554 4904 761 4968 locum,
792 4903 911 4973 ejus
934 4915 1093 4973 prout
1128 4905 1181 4958 in
1210 4902 1356 4958 LXX
1383 4914 1545 4973 atque
1574 4906 1624 4957 in
1658 4904 1888 4960 llehrmo

286 4977 485 5045 legitur
509 5018 524 5041 ,
555 4990 679 5029 cum
711 4972 878 5042 ipsius
908 4972 1198 5040 citatione,
1226 4976 1370 5043 apud
1402 4972 1708 5029 Mattlta‘um
1758 4989 1892 5030 con-

289 5048 624 5103 trarietatem
704 5046 1088 5099 animadvertit
1135 5062 1153 5109 ',
1209 5062 1274 5100 ac
1326 5055 1487 5100 tantm
1552 5046 1888 5102 diversitatis

285 5134 477 5189 causas
502 5116 755 5189 inquirit.
774 5117 950 5189 Ipsum
974 5116 1329 5189 consuleuun
1355 5117 1529 5189 Solum
1555 5116 1610 5169 in
1635 5117 1885 5172 eumdem

287 5186 636 5260 prophetam,
666 5187 760 5243 sed
780 5186 943 5243 etiam
970 5187 1132 5256 epist.
1162 5186 1227 5241 ad
1244 5187 1560 5242 Pannnach.
1589 5188 1657 5243 de
1679 5190 1889 5259 optimo

285 5276 485 5331 genere
512 5260 931 5327 interpretandi,
964 5261 1209 5328 aliosque
1250 5261 1600 5331 interpretes.

357 5343 382 5370 ⁸
416 5330 559 5387 Edit.
605 5339 662 5386 et
705 5330 927 5401 quidam
958 5346 1117 5397 mss.,
1148 5336 1333 5384 domus
1372 5329 1561 5397 Judw;
1592 5331 1838 5386 nonnulli
1869 5372 1884 5397 ,

285 5405 469 5458 domus
494 5401 524 5456 ,Ι
534 5401 716 5457 ndicat.

356 5473 381 5513 ι)
425 5472 502 5529 Ita
535 5489 666 5530 mss.
720 5472 906 5544 plures
936 5471 1312 5543 porioresque;
1350 5475 1447 5529 alii
1480 5474 1722 5531 nonnulli
1755 5516 1769 5540 ,
1816 5485 1873 5530 et

284 5561 474 5618 omnes
498 5545 888 5618 edit.,,sepulta
917 5553 989 5599 est
1018 5554 1195 5618 sancta
1228 5545 1440 5600 Rachel.

362 5630 382 5657 ο
425 5617 583 5673 Boni.
612 5616 751 5673 edit.
770 5617 916 5680 sola,
966 5617 1120 5670 satiat
1149 5618 1430 5674 uniuersos.
1468 5618 1660 5685 Quinta
1707 5627 1876 5671 autem

289 5688 447 5745 editio
476 5730 491 5746 .
525 5731 538 5744 .
568 5728 581 5743 .
611 5731 627 5745 .
668 5687 731 5744 de
778 5689 1009 5761 aliorum
1050 5687 1378 5761 editionibus.
1409 5690 1550 5745 Alibi
1571 5705 1785 5761 quoque
1826 5688 1879 5741 in

294 5764 484 5840 eadem
515 5761 647 5817 edit.
696 5777 799 5816 vox
834 5759 1044 5823 traditio
1074 5760 1329 5817 similiter
1359 5769 1559 5816 mutata
1587 5759 1880 5834 reperitur.

1991 4620 2059 4674 de
2090 4619 2348 4688 Hexaplis
2373 4626 2537 4688 atque
2565 4617 2809 4686 Octaplis
2830 4617 3103 4687 Otigenis,
3132 4617 3201 4671 de
3221 4617 3415 4687 quibus
3458 4619 3591 4675 dum

1992 4690 2359 4761 Hieronymus
2378 4692 2429 4743 in
2444 4702 2565 4758 cap.
2585 4705 2633 4742 tv
2656 4688 2899 4761 Michi’rre
2916 4688 3180 4761 loquitur.
3205 4689 3368 4743 etiam
3388 4695 3595 4761 quintae

1993 4759 2254 4816 editionis
2282 4775 2471 4814 vocem
2503 4769 2748 4824 usurpat.
2798 4759 2901 4814 Sed
2926 4770 2980 4813 et
3011 4760 3201 4812 eodem
3234 4759 3594 4816 seusu'tii‘ctio

1994 4832 2191 4893 ἐκδοσις
2219 4831 2393 4902 posita
2420 4840 2500 4885 est
2523 4829 2593 4885 ab
2612 4830 2918 4902 Epiphanio
2940 4831 3032 4884 lib.
3067 4830 3135 4883 de
3168 4830 3340 4884 Ponti.
3366 4843 3418 4885 et
3445 4828 3594 4886 Men-

1994 4918 2107 4958 sur.
2151 4900 2301 4958 num.
2336 4902 2402 4967 9,
2447 4912 2498 4957 et
2529 4902 2680 4955 alibi.
2730 4900 3114 4971 Verumtamen
3142 4902 3273 4971 quin
3305 4903 3597 4960 Ambrosio

1994 4990 2097 5028 vox
2127 4974 2341 5029 traditio
2381 4974 2552 5041 magis
2577 4972 2821 5026 arridere
2846 4970 3086 5038 potuerit
3113 5014 3127 5037 ,
3160 4970 3293 5027 nihil
3325 4974 3596 5042 prohibet.

1993 5045 2167 5099 Porro
2189 5047 2259 5099 dc
2286 5047 2539 5113 llexaplis
2560 5042 2914 5113 Octaplisque
2938 5042 3282 5107 Origeninnis
3309 5049 3601 5101 substitere

1996 5118 2122 5171 licet
2143 5112 2445 5170 Eusebium
2469 5115 2560 5169 lib.
2598 5126 2667 5175 vt,
2692 5112 2814 5181 cati.
2845 5116 2933 5177 t7,
2954 5124 3009 5167 et
3028 5112 3239 5167 Valinm
3259 5112 3326 5169 ad
3346 5119 3602 5173 eumdem

1994 5191 2195 5257 locum,
2219 5190 2350 5241 item
2375 5187 2625 5257 ilnetium
2651 5184 2745 5239 lib.
2770 5200 2827 5238 ιιι
2849 5184 3094 5254 0rigen.,
3126 5183 3226 5256 ει.
3256 5193 3417 5257 atque
3438 5190 3594 5243 alios.

2067 5257 2092 5296 '1
2132 5254 2293 5314 Rom.
2322 5259 2478 5326 edit.,
2512 5256 2578 5310 Et
2622 5271 2859 5327 egressus
2902 5259 3017 5326 ejus
3045 5257 3110 5310 ab
3136 5254 3294 5310 initio
3316 5254 3345 5326 ,⁷
3366 5274 3396 5312 a
3421 5261 3599 5315 diebus

1995 5332 2168 5387 siccati
2177 5370 2189 5382 .
2418 5384 2421 5389 r
2574 5388 2581 5391 .

2069 5411 2092 5437 θ
2120 5402 2324 5457 Omnes
2345 5400 2458 5455 odit
2497 5409 2550 5454 et
2600 5414 2730 5453 mss.
2760 5397 2986 5467 aliquot,
3012 5414 3178 5470 neque
3205 5401 3406 5470 quidvis
3436 5413 3603 5457 (eum-

1987 5474 2219 5538 tionum;
2250 5473 2339 5526 alii
2368 5485 2499 5526 mss.
2532 5470 2725 5540 majori
2753 5472 3100 5537 auctoritate,
3133 5487 3299 5543 neque
3321 5476 3397 5529 vis
3437 5480 3602 5529 tantm

1980 5545 2200 5597 tionum.

2068 5615 2085 5652 τ
2131 5614 2291 5669 Rom.
2335 5613 2468 5666 edit.
2499 5613 2640 5677 sola,
2669 5613 2721 5664 in
2745 5611 2986 5684 gregibus
3014 5628 3276 5682 pecorum.

2071 5698 2092 5731 κ
2136 5686 2261 5742 Mss.
2303 5683 2587 5747 nonnulli,
2620 5684 2903 5750 corripitur
2931 5693 3083 5755 atque
3100 5688 3466 5756 corrumpitur.
