4092 6190
456 205 482 261 1
492 201 598 259 239

1790 189 2040 250 SANCTI
2081 187 2411 248 AMBROSII

3626 181 3817 239 1240

453 323 659 378 bonum
705 323 1100 390 cognosceret,
1129 314 1394 387 justitiam
1424 312 1661 377 faceret,
1718 309 2052 382 postulatum
2080 310 2128 370 Α
2158 305 2340 362 lumen
2368 302 2835 362 reconciliationis
2863 315 3002 358 metu
3028 301 3241 357 inimica
3266 317 3401 368 mea,
3434 299 3486 355 id
3512 309 3622 366 est,
3647 300 3761 355 dia
3779 329 3810 342 ο

454 423 563 470 est.
594 412 966 469 Renuntiatum
994 417 1068 465 est
1092 407 1312 480 (inquit)
1342 408 1456 473 tibi,
1479 406 1655 471 homo,
1687 405 1812 476 quid
1853 404 1919 457 sit
1962 403 2054 458 bo-

454 522 614 572 num,
647 512 737 558 aut
778 503 904 574 quid
929 500 1186 557 Dominus
1215 501 1454 569 exquirat
1483 515 1515 554 a
1541 509 1590 553 te
1613 540 1628 565 ,
1674 497 1775 552 nisi
1807 508 1860 550 ut
1888 496 2057 567 facias

453 597 708 668 iudicium
732 603 783 652 et
799 595 1082 667 justitiam,
1126 603 1172 649 et
1199 593 1395 663 diligas
1423 590 1866 656 misericordiam,
1893 598 1941 644 et
1965 606 2060 660 pa-

455 699 603 745 ratus
629 689 702 744 sis
732 689 808 742 ire
846 703 964 741 cum
991 684 1210 742 Domino
1233 697 1321 740 tuo
1346 683 1536 758 (Mich.
1570 697 1644 750 νι,
1677 681 1759 753 8).
1793 681 1903 738 Sed
1933 681 2058 751 quia

459 795 570 838 non
598 779 846 839 servavit
878 778 994 835 haec
1017 778 1109 834 illa
1138 778 1406 834 inﬁrmior
1427 777 1634 844 anima,
1658 774 1779 830 ideo
1802 771 2063 829 Dominus

458 874 565 930 ait:
609 871 723 927 Heu
751 888 830 926 me
855 913 869 938 ,
909 872 1030 942 quia
1059 871 1228 941 factus
1253 885 1368 925 sunt
1396 870 1528 924 sicut
1555 868 1644 938 qui
1674 865 1871 938 colligit
1897 864 2062 933 stipu-

460 965 648 1020 lamin
686 979 846 1019 messe
873 1005 888 1028 ,
936 972 984 1016 et
1013 963 1147 1016 sicut
1194 976 1454 1016 racemum
1485 959 1537 1013 in
1577 957 1835 1012 vindemia
1873 954 2062 1022 (Mich.

463 1073 562 1123 vn,
597 1055 651 1128 l)
672 1056 696 1110 ?
721 1055 970 1111 Audiens
996 1069 1128 1125 ergo
1156 1054 1274 1110 btec
1301 1053 1565 1123 propheta
1589 1092 1605 1119 ,
1657 1050 1712 1105 in
1741 1064 1848 1120 quo
1875 1048 2065 1118 loque-

463 1154 625 1207 batur
654 1149 831 1214 Deus,
864 1147 939 1202 ait
971 1147 1038 1202 ad
1091 1147 1238 1201 illam
1267 1145 1506 1200 animam
1534 1162 1546 1196 :
1571 1142 1688 1197 Heu
1745 1158 1824 1195 me
1859 1141 2066 1212 1067

463 1242 675 1298 anima!
698 1248 724 1277 ι
741 1240 878 1312 quod
906 1255 1008 1294 non
1031 1248 1105 1294 est
1121 1238 1306 1310 plenus
1328 1237 1526 1292 timoris
1547 1253 1578 1290 a
1596 1233 1861 1290 terra.Vel
1884 1233 1932 1288 si
1955 1235 2070 1303 ipse

468 1333 731 1390 Dominus
756 1331 890 1387 dicit
915 1373 931 1398 ,
954 1333 1248 1388 miseratus
1279 1329 1491 1385 futuras
1521 1343 1620 1399 pro
1647 1327 1888 1398 peccatis
1912 1325 2073 1380 ultio-

468 1440 570 1481 nes
591 1466 606 1490 ,
638 1434 802 1496 atque
831 1439 929 1494 pro
954 1423 1157 1480 nostris
1181 1421 1460 1478 erroribus
1493 1419 1876 1492 ingemiscens.

539 1518 632 1574 20.
675 1519 924 1575 Audiens
969 1517 1086 1573 haec
1123 1518 1334 1583 anima,
1382 1514 1510 1586 quia
1537 1515 1804 1569 seminum
1852 1527 2075 1568 suorum

469 1616 676 1670 fructus
704 1627 815 1669 non
843 1613 1094 1683 colliget,
1126 1611 1331 1666 nullum
1353 1651 1370 1678 ,
1403 1623 1582 1666 messe
1611 1609 1810 1664 amissa
1837 1652 1852 1676 ,
1889 1605 2076 1661 ﬁrma-

2159 397 2269 454 boli
2302 399 2575 469 nequitia;
2601 407 2647 452 et
2669 398 2928 468 aperietur
2954 395 3279 466 confusione,
3307 409 3422 459 qua:
3444 410 3581 448 nunc
3603 394 3762 447 dicit
3783 408 3810 446 :

2167 495 2268 551 Ubi
2311 504 2386 550 est
2418 493 2674 549 Dominus
2723 490 2862 546 Deus
2911 501 3028 545 tuus
3079 488 3422 562 (Ibid.,10)?
3452 487 3673 544 Videbit
3733 489 3807 542 in

2164 604 2253 646 me
2278 586 2710 644 misericordiam
2742 586 2882 656 ejus,
2913 583 3121 640 videbit
3149 585 3403 654 pietatem
3433 582 3573 653 ejus.

2235 681 2326 736 22.
2371 681 2439 735 Ει
2471 679 2593 735 ideo
2613 695 2722 734 non
2751 677 3038 734 audiamus
3061 692 3208 744 eum,
3241 675 3464 746 quando
3503 690 3698 730 sumus
3732 678 3803 731 in

2167 775 2412 832 adversis
2459 775 2730 846 aliquibus
2765 773 2986 837 saeculi;
3029 788 3153 827 cum
3184 781 3277 827 aut
3322 770 3480 826 dolor
3525 774 3810 842 corporis

2168 879 2273 938 est,
2305 877 2399 924 aut
2426 869 2661 924 ﬁliorum
2689 868 2941 931 amissio,
2976 867 3068 924 vel
3105 877 3426 926 cmterarum
3469 868 3807 923 necessitu-

2169 962 2353 1018 dinum
2382 979 2394 1016 :
2425 975 2530 1016 non
2573 960 2879 1024 audiamus.
2931 959 3178 1029 inquam,
3221 957 3535 1013 dicentem:
3564 957 3666 1013 Ubi
3709 972 3808 1015 est

2172 1054 2426 1111 Dominus
2466 1053 2607 1108 Deus
2634 1053 2787 1108 tuus?
2814 1051 2966 1107 Tunc
3003 1052 3122 1122 ejus
3158 1051 3491 1106 tentationes
3520 1053 3804 1107 cavendae.

2175 1155 2323 1214 sunt,
2365 1161 2492 1202 cum
2531 1145 2713 1217 gravis
2740 1152 2898 1216 urget
2920 1143 3100 1212 dolor,
3127 1152 3256 1199 tunc
3299 1143 3536 1198 animam
3577 1157 3800 1213 aegram

2177 1252 2430 1300 avertere
2454 1240 2659 1297 studet.

2247 1337 2338 1392 25.
2383 1335 2526 1407 Ergo
2555 1336 2761 1403 anima,
2794 1351 2916 1405 quae
2941 1335 3095 1390 illum
3126 1349 3231 1388 non
3256 1332 3493 1389 audierit
3517 1334 3766 1389 insidian
3787 1367 3808 1377 ο

2179 1440 2287 1486 tem
2317 1428 2443 1495 sibi,
2474 1427 2669 1484 videns
2712 1436 2901 1498 postea
2933 1423 3205 1481 mirabilia
3251 1425 3372 1492 Dei,
3407 1425 3598 1481 videns
3639 1440 3706 1480 se
3737 1427 3802 1480 in

2180 1523 2340 1589 caelo,
2373 1521 2650 1577 diabolum
2677 1531 2859 1575 autem
2893 1518 3036 1575 sicut
3069 1518 3353 1574 colubrum
3390 1528 3695 1589 reptantem
3738 1519 3804 1573 in

2184 1611 2560 1680 terrestribus,
2607 1610 2975 1682 gratulabitur
3011 1610 3244 1665 dicens:
3289 1609 3418 1675 Quis
3463 1608 3605 1665 Deus
3653 1609 3805 1664 sicut

469 1714 717 1761 mentum
741 1702 983 1759 inveniet
1015 1703 1120 1766 sui,
1156 1709 1368 1772 premet
1405 1701 1632 1767 olivam,
1663 1707 1718 1754 et
1761 1699 2072 1754 unetionem
2108 1709 2153 1768 Β
2179 1706 2253 1774 τά,
2285 1706 2524 1776 auferens
2549 1713 2785 1775 peccata,
2826 1711 2872 1757 et
2909 1703 3124 1775 1068
3149 1702 3463 1771 transferens
3498 1701 3806 1771 impietates

473 1800 681 1855 laetitia:
713 1813 820 1853 non
843 1797 1087 1863 habebit,
1110 1810 1287 1866 neque
1317 1795 1466 1850 bibet
1492 1794 1675 1848 vinum
1696 1791 2070 1863 jucunditatis.

2179 1799 2369 1874 (Ibid.,
2401 1797 2648 1869 i8)?Qui
2677 1811 2783 1852 non
2815 1794 2966 1851 fuisti
2987 1811 3199 1851 memor
3229 1795 3610 1868 indignationis
3640 1806 3756 1850 tua:
3786 1815 3802 1849 :

473 1892 828 1964 Cognoscens
874 1892 1037 1948 etiam
1083 1890 1138 1946 in
1177 1889 1434 1960 operibus
1479 1888 1658 1944 carnis
1695 1887 1875 1942 omnia
1916 1887 2078 1957 plena
2180 1892 2274 1948 sed
2301 1892 2517 1946 sicutin
2549 1890 2685 1945 mari
2716 1889 2953 1945 mersisti
2981 1903 3176 1944 omnes
3202 1889 3511 1960 iniquitates
3540 1897 3800 1956 nostras,

471 1986 776 2058 sanguinis,
794 1987 953 2058 plena
973 1983 1512 2054 circumscriptionis,
1532 1980 2076 2052 fraudungifallacite,

475 2081 598 2137 ﬁcta
621 2081 800 2137 ofﬁcia
824 2080 1041 2152 pietatis
1058 2122 1072 2148 ,
1093 2079 1427 2149 compositas
1450 2077 1825 2134 simulationes
1849 2117 1864 2142 ,
1897 2085 1953 2132 et
1980 2077 2081 2131 ini-

479 2174 654 2232 micos
682 2174 785 2230 sibi
819 2188 1012 2230 omnes
1050 2173 1141 2244 qui
1187 2171 1241 2228 in
1286 2171 1452 2227 domo
1484 2179 1642 2237 sunt;
1677 2171 1911 2242 ideoque
1955 2186 2079 2241 pro-

479 2267 612 2323 ximi
636 2266 739 2322 sibi
767 2265 1019 2338 corporis
1052 2273 1232 2321 motus
1258 2263 1550 2329 cavendos,
1598 2263 1690 2335 qui
1733 2272 1856 2319 sunt
1891 2277 2084 2333 graves

484 2361 683 2416 animae
732 2370 939 2418 nostra:
987 2360 1321 2426 adversarii;
1365 2359 1728 2425 convertitur,
1772 2367 1827 2414 et
1867 2358 1937 2414 de
1973 2357 2085 2412 Deo

481 2467 706 2524 sperare
753 2453 969 2525 incipit,
1011 2460 1067 2508 et
1115 2451 1433 2523 intelligens
1477 2465 1607 2506 vere
1653 2451 1925 2506 inimicam
1983 2449 2086 2505 sibi

483 2559 703 2600 carnem
753 2543 1034 2610 existere,
1077 2542 1154 2598 ait
1203 2542 1271 2597 ad
1335 2557 1496 2597 eam:
1525 2539 1654 2596 Noli
1703 2540 2088 2612 supergaudere

483 2637 633 2702 mihi,
663 2636 882 2692 inimica
910 2652 1043 2700 mea,
1068 2636 1192 2705 quia
1223 2633 1388 2690 cecidi
1410 2651 1428 2687 :
1455 2634 1546 2687 sed
1564 2649 1870 2705 resurgam;
1892 2633 2016 2702 quia
2044 2635 2088 2687 si

484 2731 667 2786 sedero
693 2731 748 2784 in
773 2729 1014 2798 tenebris,
1047 2728 1306 2784 Dominus
1334 2728 1651 2783 illuminabit
1683 2744 1762 2783 me
1788 2727 1978 2800 (lbid.,
2007 2727 2084 2800 8).

555 2820 649 2876 21.
689 2819 1068 2878 Considerans
1098 2821 1265 2876 etiam
1297 2820 1562 2877 insultare
1595 2820 1696 2876 sibi
1726 2820 1962 2891 aliquam
1994 2835 2091 2890 po-

490 2920 768 2980 testatem,
797 2929 918 2983 quae
941 2913 1231 2970 resistebat
1260 2912 1395 2977 sibi;
1421 2928 1488 2969 ne
1512 2914 2090 2984 meliorem.sequere-

490 3019 579 3062 tur
599 3007 742 3062 viam
769 3023 783 3059 :
814 3007 841 3045 ι)
867 3017 922 3064 et
952 3007 1280 3078 inequitare,
1303 3007 1450 3078 quod
1482 3006 1678 3063 tradita
1702 3016 1851 3063 esset
1872 3008 1924 3062 in
1957 3007 2093 3062 inte-

488 3102 657 3156 ritum
706 3100 889 3155 carnis
917 3101 964 3173 (Ι
993 3100 1114 3155 Cor.
1162 3115 1215 3165 ν,
1267 3099 1356 3172 5);
1387 3110 1446 3155 ιιι
1491 3101 1719 3156 diversis
1767 3109 2095 3157 attereretur

489 3192 674 3258 malis,
707 3206 828 3261 quas
850 3192 992 3246 vela
1038 3191 1274 3247 Domino
1302 3202 1525 3262 propter
1563 3202 1909 3262 peccatorum
1945 3193 2094 3248 soln-

493 3285 702 3340 tiunem
733 3282 1188 3349 decernerentur,
1234 3284 1321 3340 vel
1350 3285 1420 3340 ab
1465 3283 1656 3354 iniquo
1694 3293 1914 3355 propter
1957 3285 2094 3339 invi-

494 3376 643 3431 diam
683 3375 1106 3440 conversionis;
1162 3385 1222 3430 ut
1271 3376 1338 3430 ad
1371 3391 1432 3432 se
1475 3387 1761 3432 revocaret
1813 3375 2092 3442 afﬂictam,

494 3468 631 3525 dicit
664 3467 889 3524 adhuc:
923 3467 1067 3522 Iram
1104 3467 1318 3522 Domini
1355 3469 1650 3536 sustinebo;
1705 3469 1796 3540 qui
1853 3470 1938 3526 vel
1981 3470 2094 3541 lap-

492 3573 608 3614 sam
655 3558 923 3628 castigat,
965 3557 1050 3613 vel
1100 3557 1196 3614 tibi
1229 3566 1554 3628 potestatem
1595 3558 1872 3631 affligendi
1900 3560 2088 3617 dedit:

495 3649 620 3722 quia
662 3650 892 3721 peccavi,
923 3649 1204 3705 sustinebo
1242 3660 1448 3715 tamen,
1490 3649 1654 3704 donec
1690 3652 1944 3724 justiﬁcet
1986 3654 2095 3725 ipse

495 3757 708 3796 causam
756 3757 924 3796 meam
975 3740 1164 3812 (Mich.
1217 3757 1315 3808 vn,
1362 3741 1438 3811 9).
1490 3741 1604 3798 Nisi
1656 3744 1802 3799 enim
1849 3744 2095 3802 confessa

495 3835 676 3901 fuero,
707 3844 763 3891 et
786 3835 1074 3890 exsolvere
1096 3837 1267 3905 pretia
1300 3835 1644 3906 iniquitatum
1688 3853 1952 3908 mearum,
1985 3857 2095 3897 non

503 3936 697 3996 potero
719 3927 1035 3997 iustiﬁcari.
1066 3925 1200 3983 Cum
1239 3939 1420 3984 autem
1461 3929 1616 3986 fuero
1635 3931 1957 4002 justiﬁcata,
1989 3936 2099 3990 sol-

498 4033 634 4075 vens
663 4018 901 4088 duplicia
931 4028 1154 4091 peccata
1178 4038 1191 4075 :
1223 4032 1245 4060 ο
1276 4019 1478 4077 Educet
1495 4024 1754 4093 judicium
1781 4041 1973 4091 meum,
1999 4027 2095 4083 dc-

498 4125 712 4182 ponens
749 4111 1212 4182 indignationem;
1244 4115 1369 4185 quia
1409 4116 1748 4172 satisfactum
1809 4121 2095 4175 sententia:

499 4215 604 4262 est.
652 4203 852 4260 Educet
899 4223 981 4261 me
1018 4208 1087 4262 ad
1126 4208 1322 4272 lumen,
1366 4220 1420 4262 ut
1461 4208 1663 4264 uideam
1685 4211 1956 4282 justitiam
1980 4215 2096 4283 ejus

499 4295 714 4370 (Ibid.),
743 4308 800 4354 et
836 4298 1100 4369 aspiciam
1129 4298 1548 4355 delectationem
1579 4301 1718 4370 ejus.
1752 4302 1957 4358 Videbit
1990 4305 2093 4361 boc

2182 1984 2207 2023 ἀ
2231 1987 2370 2041 sicut
2399 1984 2719 2056 Egyptium
2753 1982 3055 2053 plumbum,
3075 1991 3130 2037 et
3160 1982 3351 2038 redisti
3381 1981 3448 2037 ad
3471 1983 3796 2038 misericor-

2182 2075 2325 2132 diam
2355 2075 2727 2141 voluntarius,
2759 2088 2922 2144 quam
2950 2073 3170 2144 gemino
3206 2074 3488 2129 contulisti
3529 2090 3789 2140 munere,

2184 2169 2467 2226 dimittens
2514 2174 2736 2238 peccata
2764 2207 2780 2233 ,
2835 2174 2999 2236 atque
3047 2164 3420 2231 abscondens,
3485 2165 3792 2221 secundum

2186 2258 2331 2331 quod
2362 2258 2624 2328 scriptum
2651 2265 2734 2312 est
2757 2271 2771 2308 :
2796 2255 2946 2311 Beati
2972 2273 3189 2326 quorum
3211 2258 3440 2312 remissa:
3453 2266 3573 2312 sunt
3602 2259 3806 2328 iniqui-

2190 2363 2339 2420 tates,
2390 2362 2439 2406 et
2489 2368 2711 2423 quorum
2738 2360 2870 2406 tecta
2898 2361 3017 2406 sunt
3048 2362 3260 2422 peccata
3298 2350 3471 2422 (Psal.
3516 2367 3666 2412 mu.
3703 2351 3801 2417 1)!

2191 2449 2307 2505 Alia
2333 2447 2476 2504 enim
2503 2448 2767 2517 sanguine
2792 2445 2914 2502 Filii
2938 2445 3016 2501 tui
3037 2447 3239 2512 abluis,
3269 2446 3376 2501 alia
3400 2445 3575 2502 donas
3595 2445 3762 2501 nobis
3787 2463 3799 2504 :

2197 2554 2218 2581 ο
2252 2553 2309 2599 ιιι
2337 2543 2497 2599 bonis
2524 2542 2782 2614 operibus
2829 2550 2885 2597 et
2912 2541 3354 2598 confessionibus
3384 2549 3600 2597 nostros
3642 2554 3804 2595 erro-

2194 2650 2286 2691 res
2331 2644 2594 2706 tegamus.
2644 2634 2800 2704 Quod
2842 2649 2974 2705 ergo
3015 2632 3131 2688 ait:
3161 2633 3417 2702 Auferens
3459 2642 3688 2703 peccata,
3730 2632 3802 2686 ad

2195 2729 2576 2785 remissionem
2610 2729 2883 2798 pertinet;
2916 2729 3040 2798 quia
3089 2729 3306 2799 penitus
3341 2744 3402 2783 ea
3438 2727 3602 2791 tollit,
3625 2727 3706 2781 'ita
3744 2740 3804 2782 ιιι

2196 2836 2300 2876 non
2329 2822 2440 2875 sint
2467 2835 2697 2891 quorum
2732 2834 2940 2876 memor
2990 2820 3267 2901 nouerit.
3302 2819 3456 2888 Quod
3506 2835 3629 2874 vero
3673 2819 3752 2873 ait
3783 2837 3795 2871 :

2199 2913 2242 2969 Τ
2243 2915 2532 2984 ransferens
2565 2911 2585 2950 ί
2612 2913 2940 2984 iniquitates;
2963 2927 3029 2968 eo
3055 2911 3197 2982 quod
3226 2911 3616 2967 conﬁtentibus
3637 2910 3799 2966 nobis

2199 3007 2383 3077 lapsus
2407 3017 2647 3072 nostros,
2681 3015 2738 3061 et
2775 3005 3235 3061 obumbrantibus
3262 3019 3363 3062 eos
3409 3005 3566 3060 bona:
3597 3019 3798 3074 opera-

2123 3100 2168 3164 C
2203 3098 2365 3154 tionis
2387 3097 2565 3154 fructu
2597 3097 2906 3153 referantur
2935 3098 2990 3152 in
3030 3107 3312 3153 auctorem
3356 3099 3553 3168 culpae,
3587 3107 3643 3154 et
3674 3112 3803 3168 pec-

2196 3193 2301 3248 cati
2331 3192 2690 3249 incentorem.
2725 3191 2866 3259 Quid
2911 3190 3054 3246 enim
3095 3191 3242 3246 aliud
3285 3192 3416 3262 agit,
3444 3190 3537 3262 qui
3581 3191 3800 3261 culpam

2197 3285 2417 3353 fatetur,
2455 3284 2559 3339 nisi
2599 3294 2658 3338 ut
2686 3283 3030 3339 adversantis
3058 3283 3318 3354 nequitia:
3358 3283 3626 3354 spiritalis
3671 3283 3802 3338 dolo

2197 3393 2257 3432 se
2283 3386 2337 3433 ct
2365 3376 2568 3432 malitia
2603 3376 2976 3432 transductum
3008 3376 3239 3447 probet?

2268 3471 2359 3525 24.
2403 3471 2459 3525 In
2487 3485 2554 3526 eo
2600 3471 2781 3542 itaque
2820 3471 3027 3542 gratias
3056 3471 3164 3540 agit
3204 3469 3378 3522 anima
3408 3469 3551 3533 ista;
3591 3468 3716 3538 quia
3741 3479 3801 3525 et

2197 3563 2377 3620 aufert
2412 3563 2677 3618 Dominus
2722 3575 2966 3633 peccata,
2998 3573 3050 3618 et
3081 3561 3332 3616 transfert
3365 3559 3695 3629 iniquitates,
3737 3571 3797 3614 et

2198 3657 2467 3728 demergit
2520 3657 2575 3712 in
2632 3657 2900 3727 profundo
2959 3657 3142 3712 maris.
3196 3654 3349 3725 Quod
3408 3662 3585 3725 potest
3631 3663 3690 3710 et
3726 3655 3795 3710 ad

2198 3751 2524 3822 baptismum
2566 3750 2795 3818 referri,
2837 3765 2942 3820 quo
2987 3749 3276 3822 Egyptius
3319 3749 3622 3818 mergitur,
3675 3747 3797 3804 Has-

2200 3844 2381 3899 brzcus
2437 3842 2673 3913 resurgit
2717 3860 2728 3894 :
2784 3852 2840 3897 et
2876 3857 2984 3913 quo
3039 3841 3328 3896 altitudine
3373 3840 3688 3912 sapientiae,
3740 3851 3796 3895 et

2201 3935 2468 3991 bonorum
2499 3949 2726 4005 Operum
2755 3934 3086 3990 abundantia
3113 3944 3365 4004 tegantur
3388 3943 3610 4004 peccata
3640 3947 3797 4002 supe-

2204 4029 2370 4097 riora,
2400 4044 2494 4100 per
2515 4027 2731 4084 divitias
2763 4027 3152 4084 misericordias
3186 4026 3285 4082 Dei
3317 4026 3513 4091 nostri,
3552 4026 3642 4096 qui
3685 4041 3793 4079 me-

2203 4137 2325 4177 mor
2371 4121 2751 4192 promissionis
2806 4135 2960 4187 suae,
3021 4136 3183 4190 quam
3234 4118 3458 4175 dederat
3521 4117 3790 4183 Abrahm,

2202 4215 2475 4274 hacredem
2499 4215 2616 4285 ejus
2654 4216 2894 4271 animam
2924 4229 3031 4270 non
3063 4226 3148 4270 est
3176 4229 3368 4285 passus
3395 4215 3596 4285 perire.

2271 4308 2363 4364 25.
2407 4308 2475 4363 Ει
2494 4308 2582 4363 illa
2601 4309 2816 4380 quidem
2837 4309 3016 4362 anima
3037 4307 3140 4362 hoc
3162 4318 3449 4363 revocatur
3476 4305 3656 4361 modo.
3676 4316 3700 4351 Β
3714 4305 3787 4361 Tu

570 4440 597 4471 ⁸
625 4433 786 4488 Rom.
822 4432 979 4499 edit.,
1016 4431 1106 4487 Va:
1150 4433 1274 4486 mihi
1303 4433 1508 4499 anima;
1527 4439 1659 4510 quia
1687 4436 1844 4510 periit
1883 4439 2036 4510 timor
2061 4455 2093 4492 a
2119 4440 2170 4500 D
2194 4441 2352 4510 quod,
2380 4449 2487 4496 etc.

497 4517 671 4571 terra;
701 4513 915 4560 caetera:
940 4519 1005 4559 ac
1033 4518 1166 4559 mss.
1197 4519 1417 4568 omnes,
1446 4506 1580 4558 utin
1611 4514 1779 4560 textu.
1813 4507 1966 4574 Quod
2000 4525 2095 4563 au-

499 4585 608 4633 tem
638 4575 828 4631 Graece
848 4575 1100 4639 habetur,
1131 4575 1388 4631 ἀπόλωλεν
1415 4577 1653 4640 εὐσεϐὴς,
1673 4591 1780 4632 non
1806 4579 1946 4634 male
1976 4596 2098 4635 ver-

494 4647 749 4773 giturab
798 4646 1130 4714 Ambrosio,
1181 4647 1334 4715 periit
1382 4647 1567 4717 plenus
1615 4649 1851 4715 timoris,
1903 4652 2097 4721 supple

538 4733 688 4773 mm.
841 4737 844 4739 ·

538 4733 688 4773 ινιιιι.
841 4737 844 4739 ’

571 4787 599 4866 ξ’
627 4787 857 4866 Quidam
886 4803 1044 4866 ms_s.,-
1076 4800 1121 4843 et
1141 4789 1456 4858 inquietare;
1483 4788 1578 4846 sed
1608 4791 1890 4862 inequitare
1926 4795 2098 4866 magis

494 4858 710 4914 videtur
737 4860 1175 4915 Ambrosianum.

575 4942 596 4999 τε
632 4929 791 4986 Rom.
824 4930 983 4996 edit.,
1017 4929 1199 4985 Faciet
1215 4932 1478 4999 judicium
1508 4950 1694 4988 meum.

568 4998 595 5038 ι¹
623 5001 758 5057 Cod.
785 5001 997 5074 Carol.,
1026 5004 1157 5074 sicut
1186 4998 1498 5074 ﬂgyptium
1525 5007 1795 5072 pupulum.
1830 5007 1894 5061 Et
1923 5010 2097 5063 conti-

494 5087 607 5128 nuo
626 5083 751 5140 post
779 5073 922 5128 Prat.
947 5083 1002 5128 et
1024 5073 1204 5140 Gem.,
1229 5085 1273 5128 et
1296 5073 1572 5130 reddidisti
1595 5079 2016 5132 misericordiam.

571 5144 854 5200 °Observa
892 5159 998 5219 non
1025 5145 1210 5201 dicere
1240 5157 1484 5219 sanctum
1517 5147 1802 5202 Doctorem
1837 5151 1940 5219 tegi
1971 5165 2090 5219 pec-

492 5224 620 5289 cata
647 5230 743 5289 per
771 5216 1134 5271 extrinsecam
1155 5258 1172 5284 ,
1204 5217 1600 5289 utCalvinistae
1625 5219 1818 5274 volunt
1837 5216 2092 5289 ,justitiae

493 5285 696 5360 ﬁbristi
733 5289 1168 5360 imputationem,
1194 5288 1290 5343 sed
1325 5304 1422 5357 per
1448 5289 1586 5343 bona
1609 5303 1774 5357 Opera
1799 5285 2089 5360 egratuita

493 5356 668 5428 ipsius
702 5358 876 5426 gratia
911 5362 1234 5428 promantia.
1270 5356 1441 5426 Quam
1471 5369 1786 5428 perpetuam
1817 5356 2090 5419 Ambrosii

491 5425 796 5484 doctrinam
825 5425 950 5484 esse
979 5430 1139 5486 facile
1156 5425 1417 5499 agnoSccs
1433 5472 1446 5492 ,
1469 5425 1513 5484 si
1533 5425 1740 5486 huncce
1766 5433 1944 5487 locum
1964 5444 2093 5490 etea

492 5499 736 5570 quaailib.
767 5499 836 5556 de
860 5499 976 5555 Noe
1001 5512 1055 5555 et
1079 5504 1240 5566 Area,
1269 5515 1393 5570 cap.
1423 5503 1514 5566 3t,
1546 5517 1696 5555 num.
1724 5503 1825 5556 H7
1857 5520 1958 5558 nec
1985 5521 2092 5560 non

492 5569 656 5636 Apol.
683 5570 851 5642 David
873 5585 996 5640 cap.
1021 5572 1089 5626 15
1106 5613 1120 5637 ,
1143 5587 1295 5626 mtm.
1323 5569 1414 5640 62,
1432 5582 1594 5642 atque
1614 5572 1741 5626 alibi
1763 5574 1814 5626 in
1839 5575 2090 5631 eumdem

486 5649 716 5709 sensum
747 5641 1128 5707 disseruntur,
1162 5644 1305 5696 inter
1333 5657 1393 5704 se
1427 5645 1705 5709 conferas.

571 5706 589 5744 ί
649 5710 806 5764 Rom.
856 5713 1030 5776 edit.,
1077 5712 1367 5781 impietates
1417 5715 1485 5770 ad
1540 5707 1983 5778 misericordiam;
2034 5732 2092 5771 eo

2275 4522 2299 4554 κ
2333 4511 2599 4566 Nonnulla
2651 4511 2707 4566 in
2757 4511 2914 4581 hujus
2944 4510 3191 4581 epistolae.
3231 4509 3433 4566 calcem
3483 4508 3789 4581 Ambrosius

2202 4592 2390 4638 noster
2414 4582 2680 4652 conjecit,
2716 4580 2838 4653 quat
2875 4593 3123 4652 spectant
3166 4581 3485 4653 Horontiani
3528 4580 3786 4653 cognitio-

2201 4669 2346 4709 nem.
2385 4651 2564 4708 Primo
2611 4651 2755 4709 enim
2804 4651 2952 4708 illum
3003 4654 3072 4707 ab
3115 4654 3228 4718 ipsa
3275 4651 3500 4722 pueritia
3530 4651 3788 4721 signiﬁcat

2202 4725 2488 4780 educatum
2545 4735 2707 4794 atquc
2763 4725 3069 4780 institutum
3123 4723 3290 4778 fuisse
3346 4723 3486 4777 inter
3537 4723 3785 4784 clericos.

2201 4795 2661 4862 tptcmadmodum
2693 4797 2820 4851 olim
2850 4810 3046 4866 pueros
3084 4796 3149 4849 ad
3191 4794 3613 4866 ecclesiasticam
3658 4794 3789 4848 mili-

2201 4868 2328 4921 tiam
2358 4867 2654 4923 destinatos
2679 4864 3050 4934 consucvisse,
3074 4866 3138 4920 ad
3163 4867 3254 4922 lib.
3284 4881 3321 4920 ιι
3342 4865 3411 4920 de
3428 4864 3648 4930 Poeniu,
3676 4880 3784 4934 cap.

2203 4938 2259 5002 8,
2289 4953 2438 4993 num.
2474 4938 2544 4992 72
2565 4980 2579 5004 ,
2611 4938 3042 4993 observavimus.
3075 4937 3281 4992 Deinde
3311 4952 3432 4992 eum
3462 4952 3586 4991 eum
3630 4937 3789 5004 impo-

2201 5010 2400 5066 sitione
2423 5024 2677 5063 manuum
2700 5025 2922 5065 suarum
2951 5015 3225 5064 sacratum
3250 5007 3404 5072 dicit,
3429 5007 3787 5063 Mediolanen-

2201 5095 2314 5135 sum
2332 5081 2589 5136 clericum
2610 5079 2777 5136 fuiSse
2803 5082 2936 5134 satis
2957 5080 3218 5136 declarat.
3246 5080 3526 5134 Postremo
3547 5079 3784 5133 eumdem

2201 5151 2362 5205 ﬁdem
2391 5167 2543 5206 suam
2572 5152 2980 5208 demonstrasse
3019 5153 3070 5206 in
3117 5151 3403 5205 diaconatn
3425 5190 3442 5217 ,
3473 5150 3700 5219 indeque
3728 5150 3783 5203 ad

2199 5223 2449 5277 altiorem
2485 5225 2800 5292 pervenisse
2822 5224 3046 5293 gradum
3081 5222 3427 5285 testificatur;
3455 5223 3783 5293 quandoqui-

2198 5293 2319 5347 dem
2347 5303 2406 5346 ut
2431 5291 2590 5362 quam
2625 5294 2784 5348 ﬁdem
2819 5291 2970 5362 prius
2999 5297 3053 5348 in
3080 5293 3361 5348 ministerio
3385 5307 3564 5362 sacro.
3596 5291 3646 5345 id
3681 5301 3782 5358 est,

2195 5364 2481 5419 diaconatn
2502 5405 2514 5426 ,
2542 5381 2654 5433 prm
2683 5379 2742 5419 se
2772 5361 2973 5420 tulerat
2993 5407 3008 5431 ,
3039 5382 3156 5418 eam
3190 5379 3402 5433 quoque
3435 5363 3486 5416 in
3519 5361 3617 5416 Itoc
3636 5364 3783 5429 gradu

2196 5448 2305 5504 quo
2335 5444 2458 5487 tunc
2487 5435 2796 5498 eminebat,
2829 5436 2970 5490 haud
2997 5436 3158 5491 dubie
3185 5434 3492 5490 sacerdotio
3520 5434 3782 5503 exhibeat,

2196 5506 2265 5560 ab
2286 5518 2352 5559 eo
2373 5504 2624 5572 exigitur.
2645 5505 2712 5559 Et
2738 5507 2862 5559 hinc
2887 5508 3256 5576 conjecturam
3282 5520 3391 5576 non,
3413 5504 3586 5558 levem
3606 5504 3776 5568 ducas,

2197 5576 2370 5646 ipsum
2402 5575 2657 5630 Ecclesiae
2687 5576 2988 5646 cujuspiam
3021 5588 3172 5633 extra
3207 5575 3564 5646 Mediolanum
3607 5577 3780 5643 positae

2197 5645 2442 5717 regimini
2471 5646 2542 5700 ab
2571 5645 2862 5703 Ambrosio
2892 5649 3080 5704 nostro
3107 5649 3273 5704 fuisse
3297 5645 3630 5717 praefectum.
