4076 6172
179 315 319 371 19M

1394 317 1879 377 EPISTOLARUM
1915 318 2199 379 CLASSIS
2237 323 2304 378 II.

3350 324 3491 394 ista

174 440 385 496 autem,
441 429 552 499 ﬁli,
605 433 695 503 qui
737 447 766 488 a
812 434 991 504 primo
1030 434 1167 490 ﬂore
1209 435 1461 506 pueritia:
1505 452 1566 492 es
1609 438 1788 493 haeres
1815 438 1865 496 Α
1890 453 1952 494 se
1996 439 2329 510 susciperet,
2375 449 2430 496 et
2462 443 2634 497 veteri
2690 441 3014 499 reformaret
3055 441 3266 514 gratim.
3303 441 3490 514 Itaque

174 522 466 592 Ecclesiae,
497 541 618 595 qua:
650 534 703 580 te
745 527 988 596 suscepit
1031 535 1088 582 et
1139 535 1309 594 tenet,
1339 537 1688 598 perseverato
1727 529 1782 585 iu

173 618 488 689 proposito,
524 633 738 674 memor
763 621 956 690 gratia:
986 619 1082 676 Dei
1109 629 1166 676 et
1195 622 1441 678 muneris
1461 665 1475 688 ,
1508 623 1652 693 quod
1689 639 1784 692 per

174 715 589 780 impositionem
622 716 910 785 suscepisti
952 730 1210 770 manuum
1244 731 1521 781 mearum;
1554 726 1610 771 ut
1647 727 1700 771 et
1729 717 1782 772 in

173 807 288 863 hoc
313 808 505 879 gradu,
538 810 680 863 sicut
703 811 756 863 iu
786 809 1095 864 ministerio
1122 824 1303 876 sacro,
1331 809 1490 866 ﬁdem
1515 818 1658 864 tuam
1683 809 1780 864 de-

173 910 456 958 monstres
483 910 648 972 atque
680 901 1024 968 industriam,
1060 911 1116 956 et
1144 911 1431 972 exspectes
1461 917 1781 958 remunera-

175 993 388 1049 tionem
441 994 651 1050 Domini
697 993 846 1050 Jcsu.
878 992 1034 1057 Vale,
1082 1003 1138 1049 et
1180 1009 1281 1050 nos
1303 1005 1361 1050 ut
1398 994 1541 1050 filius
1579 995 1779 1064 dilige;

173 1085 306 1156 quia
341 1100 440 1141 nos
467 1095 520 1142 te
551 1087 854 1160 diligimus.

689 1177 1029 1236 EPISTOLA
1068 1178 1262 1235 LXXI.

178 1267 315 1323 Post
359 1271 527 1325 varios
569 1271 786 1342 gradus,
819 1273 964 1342 queis
1001 1273 1178 1324 anima
1215 1271 1364 1340 lapsa
1397 1287 1508 1325 sese
1550 1281 1777 1341 reparat,

251 1378 410 1434 supra
436 1364 746 1434 descriptos,
775 1365 858 1418 hic
878 1365 1066 1418 anima:
1093 1363 1266 1433 ﬁdelis
1295 1381 1329 1416 α
1348 1362 1558 1416 Christo
1571 1379 1780 1431 suscep-

251 1457 347 1522 tio,
372 1455 595 1511 eruditio
624 1469 670 1511 et
703 1458 1072 1512 consummatio
1099 1455 1526 1521 considerantur;
1553 1456 1781 1510 ostendi-

251 1560 434 1620 turque
457 1552 512 1605 in
534 1550 728 1609 Christi
752 1553 1021 1606 itineribus
1051 1550 1276 1604 diversos
1321 1549 1551 1618 ejusdem
1593 1549 1780 1603 anima:
1817 1630 1822 1631 γ

255 1659 561 1716 progressus
584 1645 873 1718 designari.

625 1737 926 1793 AIBROSIUS
967 1737 1338 1793 "ORONTIANO.

1894 527 1919 566 ἀ
1962 531 2236 586 inventam
2285 546 2510 588 recurso
2537 533 2785 589 anfractu
2835 535 3042 591 erroris
3096 535 3373 592 revocavit
3420 535 3486 592 ad

1891 623 2224 693 paradisum,
2254 636 2314 679 ut
2339 623 2616 696 Evangelii
2639 627 2801 682 docet
2828 627 3010 683 lectio.

1960 719 2014 773 5.
2049 717 2153 774 Per
2175 727 2289 773 sata
2318 733 2439 774 eam
2470 719 2644 785 duxit,
2673 729 2734 775 ut
2770 721 3017 791 jejunam
3064 732 3341 793 pasceret,
3380 724 3494 793 pri-

1889 825 2034 864 mum
2079 811 2131 864 in
2175 810 2416 876 deserto,
2440 809 2639 868 deinde
2681 811 2735 866 in
2780 810 3185 882 Capharnaum,
3222 815 3338 885 agri
3382 828 3488 870 non

1888 902 2036 957 urbis
2085 903 2360 957 incolatu:
2392 902 2592 960 deinde
2639 903 2789 973 iuxta
2837 903 2975 961 ﬁnes
3018 904 3299 976 Zabulon,
3342 908 3487 963 circa

1887 1005 2150 1050 nocturna
2184 996 2475 1066 proﬁuvia,
2507 996 2561 1051 id
2585 1006 2686 1062 est,
2731 996 3120 1067 prephctarum
3169 998 3486 1054 obscuriora

1885 1089 2211 1159 aenigmata;
2245 1098 2303 1144 ut
2330 1088 2569 1146 disceret
2593 1090 2931 1160 praetendere
2954 1091 3020 1146 ad
3053 1091 3189 1147 ﬁnes
3217 1093 3484 1163 gentium,

1883 1197 1991 1253 quo
2037 1197 2232 1239 omnes
2277 1185 2658 1250 convenirent,
2712 1199 2814 1240 nec
2855 1187 3077 1241 timeret
3119 1185 3315 1242 ﬂuctus
3362 1187 3485 1242 vitae

1886 1279 2046 1351 hujus
2077 1289 2133 1336 et
2159 1281 2464 1348 procellas;
2489 1280 2613 1352 quia
2649 1281 2812 1337 habet
2836 1279 3090 1336 Christus
3121 1297 3286 1337 naves
3312 1282 3482 1336 Thar-

1883 1373 1959 1428 sis
1991 1373 2081 1443 (III
2113 1373 2238 1443 Reg.
2274 1390 2332 1440 κ,
2366 1373 2485 1443 (22),
2517 1373 2893 1444 intelligibiles
2933 1374 3166 1442 scilicet,
3204 1389 3323 1445 qua:
3361 1389 3484 1445 per-

1884 1473 2108 1520 currant
2161 1481 2351 1530 mare,
2398 1475 2454 1522 ct
2498 1465 2565 1521 ad
2613 1467 2802 1536 templi
2855 1466 3316 1521 constructionem
3367 1466 3482 1536 pias

1885 1573 2099 1614 merces
2153 1559 2447 1614 advehant.
2499 1561 2552 1614 lu
2605 1558 2922 1628 hujusmodi
2980 1559 3208 1613 navibus
3265 1559 3486 1626 navigat

1883 1650 2159 1717 Christus,
2210 1662 2265 1708 et
2301 1653 2353 1707 in
2398 1653 2562 1723 puppi
2614 1664 2891 1722 tamquam
2943 1651 3119 1706 bonus
3152 1651 3485 1719 gubernator

1886 1743 2179 1812 tranquillo
2208 1744 2446 1814 quiescit
2471 1744 2645 1798 mari:
2683 1752 2956 1798 commoto
2987 1743 3278 1809 excitatur,
3321 1753 3376 1799 et
3403 1745 3485 1798 in-

254 1828 620 1900 LSuperiore
638 1831 869 1900 epistola
889 1831 956 1886 de
982 1846 1045 1886 ea
1065 1839 1092 1868 ι
1114 1832 1295 1886 anima
1314 1846 1622 1887 sermonem
1647 1847 1777 1888 eon-
1809 1829 1855 1887 B
1883 1849 2068 1910 crepat
2125 1849 2318 1894 ventos
2347 1880 2360 1903 ,
2421 1849 2477 1894 ut
2543 1841 2659 1895 suis
2714 1839 3161 1910 tranquillitatem
3230 1837 3484 1893 refundat

176 1923 407 1978 tulimus
436 1965 450 1988 ,
496 1939 617 1994 quae
658 1923 871 1978 itineris
913 1922 995 1978 sui
1032 1923 1224 1980 devios
1267 1923 1482 1995 aliquos
1530 1925 1775 1979 habuerit

173 2019 478 2088 anfractus,
533 2033 588 2075 ut
628 2030 780 2076 vetus
824 2021 987 2076 Israel
1018 2023 1318 2077 secundum
1376 2038 1596 2078 carnem
1647 2023 1778 2078 ﬂuc-

135 2105 142 2110 ’
177 2123 373 2177 tuans;
423 2112 547 2183 quia
595 2123 648 2168 et
690 2113 806 2183 ipse
843 2113 1170 2169 liberabitur
1201 2129 1298 2184 per
1352 2113 1567 2169 Domini
1607 2116 1776 2169 nostri

171 2204 307 2260 Jesu
333 2204 540 2259 Christi
558 2205 810 2275 gratiam,
836 2222 951 2258 cum
972 2206 1234 2259 intraverit
1262 2205 1528 2274 plenitudo
1553 2208 1776 2274 gentium

175 2295 363 2366 (Rom.
415 2311 504 2360 ιι,
549 2295 686 2367 25):
722 2297 850 2352 licet
893 2298 994 2352 ista
1039 2297 1242 2352 leviore
1283 2297 1545 2369 1069b
1591 2312 1779 2352 errore

174 2389 543 2444 conversione
572 2404 694 2445 sese
717 2390 1119 2444 reformat/erit.
1148 2390 1257 2466 liae
1282 2405 1412 2445 vero
1446 2390 1672 2461 epistola
1709 2390 1778 2446 de

177 2481 438 2537 Ecclesia:
467 2481 575 2537 tilia
608 2482 768 2538 nobis
795 2497 978 2538 sermo
1001 2483 1105 2548 sit,
1131 2499 1292 2553 quam
1322 2482 1582 2538 Dominus
1621 2483 1780 2538 Jesus

173 2574 636 2645 quemadmodum
658 2577 837 2646 primo
857 2576 1186 2647 susceperit,
1221 2577 1507 2643 erudierit,
1527 2591 1781 2633 consum-

175 2668 413 2723 maverit
450 2669 502 2722 in
535 2682 636 2722 suo
677 2669 998 2740 Evangelio,
1040 2669 1466 2725 consideremus.

249 2761 306 2813 2.
349 2761 601 2832 Suscepit
630 2765 812 2833 itaque
843 2778 962 2817 eam
996 2763 1172 2832 primo
1203 2763 1458 2818 tuendam
1490 2761 1545 2816 in
1591 2765 1762 2819 confu-

178 2855 336 2908 sione
365 2856 632 2922 positam;
665 2855 816 2909 exsul
835 2855 979 2910 enim
1005 2855 1241 2925 paradisi
1273 2854 1426 2926 (Gen.
1460 2871 1535 2921 ιιι,
1561 2853 1660 2926 25)
1686 2857 1774 2910 ubi

181 2946 287 3001 nisi
321 2946 372 2999 in
397 2947 720 3004 confusione
751 2949 975 3020 degeret
1005 2935 1182 3004 anima
1216 2949 1644 3020 uniuscujusque
1679 2950 1777 3004 ho-

180 3038 384 3093 minis?
413 3039 748 3111 deduxitque
780 3019 899 3096 eam
943 3043 995 3096 in
1025 3041 1305 3098 Bethleem
1335 3040 1551 3113 (Matth.
1601 3058 1660 3108 ιι,
1697 3019 1804 3114 1).-

180 3129 300 3184 Jam
345 3129 622 3199 profectus
665 3143 934 3203 susceptae
979 3135 1174 3188 animae
1220 3134 1577 3204 significatur,
1629 3137 1773 3205 quod

1885 1932 2104 2004 (Matth.
2139 1948 2256 1999 VIII,
2284 1932 2402 2002 26).
2433 1933 2732 1988 Transiens
2757 1947 2972 2004 quoque
2998 1932 3064 1987 ad
3091 1941 3310 2003 gentes,
3343 1932 3483 1987 hanc

1880 2027 2118 2080 animam
2165 2027 2378 2094 liberat,
2423 2042 2543 2097 qum
2577 2026 3013 2096 Legis‘viuculis
3056 2025 3372 2089 tenebatur;
3417 2041 3484 2079 ne

1884 2121 2141 2173 transiret
2171 2119 2238 2173 ad
2269 2119 2548 2173 nationum
2581 2119 2882 2174 consortia.

1953 2211 2007 2266 6.
2052 2211 2217 2266 Venit
2266 2213 2316 2265 in
2374 2211 2720 2278 Bethaniam,
2785 2212 2838 2265 in
2895 2213 3077 2266 locum
3129 2210 3480 2276 obeditionis,

1888 2301 2100 2373 1070
2123 2290 2244 2357 ideo
2270 2301 2341 2356 ibi
2371 2312 2622 2357 mortuus
2652 2301 2987 2359 suscitatur:
3019 2315 3142 2355 cum
3165 2303 3309 2356 cutim
3354 2318 3485 2357 caro

1881 2395 2097 2449 subdita
2138 2393 2302 2459 fuerit
2337 2396 2554 2461 animm,
2604 2403 2732 2448 tunc
2773 2393 2884 2463 jam
2932 2408 3041 2448 non
3085 2395 3238 2464 quasi
3271 2404 3480 2449 mortua

1879 2487 2025 2555 jacet
2055 2488 2107 2541 in
2136 2487 2390 2556 sepulcro
2417 2501 2520 2541 suo
2547 2486 2793 2542 conditio
2819 2486 3081 2550 humana,
3116 2486 3211 2540 sed
3243 2487 3483 2541 resusci-

1886 2591 2025 2634 tatur
2051 2597 2148 2650 per
2177 2580 2407 2650 gratiam
2435 2578 2638 2633 Christi
2667 2598 2679 2632 :
2712 2580 2782 2633 ibi
2816 2581 2981 2634 etiam
3018 2593 3078 2633 se
3109 2593 3208 2648 pro
3246 2578 3341 2632 Dei
3380 2593 3481 2632 no-

1885 2675 2031 2728 mine
2066 2674 2300 2743 passioni
2330 2672 2493 2728 discit
2521 2673 2723 2728 ollerre
2749 2671 2930 2744 (Joan.
2959 2687 3034 2737 χι,
3065 2671 3130 2725 17
3156 2681 3200 2725 et
3226 2673 3380 2743 δρψ).
3407 2672 3485 2726 De

1885 2769 2005 2822 loco
2033 2767 2387 2833 obeditionis,
2420 2778 2478 2820 ut
2507 2765 2750 2821 Joannes
2781 2767 2944 2820 docet
2976 2765 3154 2836 (Joan.
3193 2780 3290 2830 xu,
3321 2763 3398 2833 1),
3433 2765 3484 2818 in

1883 2862 2136 2932 Ephrtem
2164 2862 2405 2925 ducitur,
2453 2861 2506 2915 id
2539 2869 2622 2916 est
2651 2904 2665 2926 ,
2713 2859 2781 2914 ad
2811 2860 3075 2915 bonorum
3106 2858 3374 2914 fructuum
3406 2858 3486 2913 fe-

1880 2953 2411 3009 cunditatemzinde
2458 2953 2509 3008 in
2561 2951 2883 3007 Bethaniam
2936 2951 3234 3014 reducitur,
3274 2951 3326 3006 id
3374 2962 3483 3015 est,

1879 3047 2285 3112 obedientiam;
2311 3049 2486 3104 semel
2517 3049 2664 3104 enim
2690 3062 2810 3118 qua:
2831 3048 2931 3117 pia:
2958 3045 3320 3116 subiectionis
3345 3044 3488 3100 frue-

1881 3151 1992 3197 tum
2019 3140 2341 3212 gustaverit,
2367 3153 2589 3195 servare
2615 3154 2763 3206 eam,
2794 3140 2923 3194 etin
2957 3155 3019 3193 ea
3043 3139 3260 3210 probari
3286 3139 3488 3210 saepius
3571 3150 3576 3156 '

179 3221 430 3276 ascendit
477 3222 543 3277 ad
594 3223 814 3276 domum
859 3223 1035 3291 panis,
1080 3223 1134 3276 in
1174 3239 1280 3293 qua
1329 3223 1524 3278 famem
1571 3223 1694 3280 ﬁdei
1725 3234 1780 3280 et
1807 3215 1851 3275 (ἶ
1885 3247 2224 3305 nequaquam
2257 3243 2496 3288 recusat.

180 3313 526 3368 sterilitatem
555 3313 786 3368 neseiat.
818 3315 891 3368 De
917 3321 1223 3368 nostrarum
1245 3315 1549 3370 animarum
1577 3331 1779 3386 genere

181 3411 238 3458 et
264 3403 458 3458 ordine
503 3405 718 3473 loquor,
749 3403 949 3474 quibus
981 3418 1082 3457 nos
1125 3403 1360 3458 vivimus
1388 3415 1444 3461 et
1472 3421 1780 3473 movemur,

183 3508 296 3549 non
333 3493 401 3549 de
428 3495 608 3564 aliqua
649 3495 997 3566 specialiter;
1030 3509 1138 3549 non
1168 3497 1313 3550 enim
1340 3496 1408 3552 de
1451 3498 1779 3569 proprietate

184 3596 238 3643 et
263 3589 448 3659 specie
477 3589 727 3660 alicujus,
758 3590 853 3645 sed
882 3589 950 3645 de
975 3604 1198 3660 genere,
1229 3601 1282 3646 ut
1308 3591 1441 3658 dixi,
1475 3594 1776 3651 animarum

183 3680 565 3750 disputandum
593 3694 866 3752 putamus.

259 3773 310 3825 5.
357 3773 644 3829 Descendit
688 3777 741 3829 in
784 3776 1082 3850 ngyptnm
1130 3779 1384 3836 Christus
1428 3779 1618 3853 (Ibid,
1663 3783 1775 3854 M),

186 3866 549 3934 patrocinium
580 3877 634 3921 et
677 3868 899 3924 ductum
949 3882 1149 3928 nostrae
1189 3873 1390 3928 animm
1419 3876 1617 3939 ferens,
1654 3876 1780 3929 inde

188 3958 343 4015 rediit
366 3959 420 4014 in
451 3960 715 4018 Judzeam.
742 3964 870 4019 Fuit
893 3966 949 4019 in
973 3967 1191 4022 deserto
1218 3966 1436 4035 (Matth.
1471 3984 1542 4032 Iv,
1573 3967 1645 4040 l),
1681 3969 1781 4024 fuit

187 4055 240 4107 in
270 4053 674 4124 Capharnaum,
719 4058 821 4112 fuit
853 4059 1013 4126 juxta
1036 4059 1167 4114 ﬁnes
1195 4059 1463 4125 Zabulon,
1497 4061 1640 4116 circa
1667 4076 1781 4116 ma-

188 4147 392 4216 ritima,
423 4150 674 4204 transivit
702 4165 802 4220 per
839 4160 974 4217 sata,
1010 4152 1111 4206 fuit
1142 4153 1196 4208 in
1221 4153 1560 4226 Bethphage,
1596 4155 1699 4211 fuit
1725 4158 1777 4211 in

189 4239 460 4307 Ephrzem,
506 4242 557 4294 in
599 4240 893 4306 Bethania;
928 4242 1055 4299 inde
1077 4245 1327 4300 transivit
1353 4247 1406 4301 in
1441 4248 1776 4318 paradisum,

187 4332 275 4387 ubi
300 4346 361 4386 se
381 4332 709 4402 capiendum
735 4333 906 4400 dedit,
941 4343 1132 4407 passus
1161 4347 1244 4392 est
1270 4339 1321 4393 in
1353 4339 1644 4410 Golgotba.

254 4424 309 4477 4.
350 4421 552 4479 Omnes
591 4425 679 4480 isti
712 4441 1000 4496 processus
1039 4429 1234 4484 animat
1271 4441 1474 4486 nostra:
1503 4444 1649 4497 sunt,
1683 4449 1779 4503 per

184 4531 316 4587 quos
365 4519 665 4574 exercitata
703 4520 932 4590 gratiam
985 4523 1087 4592 pia:
1128 4523 1486 4580 institutionis
1547 4528 1772 4582 invenit.

185 4607 314 4662 Nam
347 4619 697 4679 posteaquam
727 4612 946 4667 exclusa
997 4614 1064 4668 de
1115 4617 1365 4684 paradiso
1405 4618 1648 4674 conditio
1679 4620 1779 4674 hu-

187 4714 342 4753 mana
381 4702 434 4756 in
473 4702 644 4757 Adam
677 4712 732 4758 et
757 4703 894 4771 Eva,
926 4706 994 4773 ‘in
1024 4709 1307 4764 castellum
1341 4722 1361 4746 (ε
1397 4711 1633 4780 relegata
1668 4725 1774 4780 est,

185 4793 363 4860 vagari
406 4793 571 4862 cmpit
613 4793 717 4848 huc
750 4794 922 4865 'atque
959 4797 1110 4865 illuc,
1148 4801 1452 4857 errabunda
1492 4805 1777 4863 circumfe-

185 4900 310 4940 rens
333 4889 557 4957 veStigia
582 4889 702 4944 sine
729 4888 839 4944 ullo
859 4889 1076 4946 delectu
1100 4911 1112 4946 :
1136 4895 1229 4950 sed
1264 4905 1510 4966 tempore
1535 4903 1778 4970 compla-

184 4976 292 5032 cito
321 4977 421 5033 sibi
446 4979 744 5035 exinanivit
772 4995 832 5036 se
856 4981 1121 5039 Dominus
1145 4984 1326 5054 Jesus,
1362 4998 1418 5042 ut
1447 4992 1698 5070 exsulem
1725 4995 1776 5048 in

257 5125 278 5200 ξι
304 5115 460 5202 Rom.
487 5115 1091 5202 ed‘it..sola,.sermonem
1115 5124 1447 5194 confecimus.
1471 5126 1608 5182 Infra
1633 5146 1784 5202 vero,

185 5189 271 5245 ubi
300 5187 512 5260 eadem,
543 5188 730 5244 leviore
751 5192 814 5244 ab
838 5207 1035 5258 errore,
1061 5203 1117 5248 et
1145 5187 1244 5249 nos
1271 5211 1393 5249 cum
1420 5207 1532 5252 ant.
1560 5200 1688 5254 edit.
1721 5187 1784 5260 ac

184 5258 457 5342 plerisque
488 5274 646 5342 mss,
679 5262 868 5342 leviore
891 5281 1095 5330 errore;
1128 5279 1260 5321 mss.
1289 5270 1530 5323 nonnulli
1563 5258 1779 5341 habent,

184 5333 365 5384 leviore
392 5333 580 5384 erroris
599 5373 613 5397 ,
645 5341 751 5387 etc.

253 5401 278 5438 δ
307 5401 434 5456 Mss.
464 5401 667 5486 aliquot
693 5446 707 5470 ,
734 5406 926 5459 erroris
953 5409 1277 5464 conversione
1293 5428 1313 5476 ;
1342 5410 1498 5467 Rom.
1530 5415 1684 5484 edit.,
1717 5420 1779 5473 ab

181 5490 351 5528 errore
375 5490 724 5530 εοηυρι-διοηε.

255 5556 276 5582 ο
303 5545 434 5631 Mss.
469 5561 576 5631 non
606 5549 796 5631 pauci,
825 5549 1044 5631 religata
1080 5561 1174 5607 est.
1205 5553 1410 5611 Rursus
1448 5568 1626 5616 autem
1655 5576 1777 5631 pro,

181 5617 288 5690 sine
309 5619 424 5690 ullo
453 5617 684 5681 delectu,
717 5635 836 5690 qua:
879 5617 1042 5676 lectio
1087 5636 1168 5679 est
1198 5639 1511 5685 cunctarum
1553 5617 1684 5687 edit'.
1714 5617 1779 5689 ac

182 5688 422 5768 plurium
449 5703 578 5745 mss.
622 5692 672 5768 i_n
703 5688 1026 5768 quibusdam
1046 5694 1257 5768 Aliorum
1284 5698 1501 5768 legitur,
1533 5705 1641 5758 sine
1672 5688 1777 5760 ullo

181 5755 377 5836 dilata,
407 5760 460 5816 iu
489 5763 678 5832 paucis
708 5755 897 5820 delicto
921 5809 934 5833 ,
961 5766 1058 5823 sed
1089 5769 1247 5836 ntale.

250 5831 272 5868 ἀ
309 5827 434 5890 Mss.
470 5827 703 5906 aliquot,
726 5827 982 5894 inventam
1003 5829 1250 5908 recursu,
1275 5843 1534 5916 aii/rac't'a,
1559 5855 1663 5901 etc.
1692 5841 1766 5901 ln-

1954 3328 2006 3384 7.
2049 3328 2205 3384 Unde
2227 3328 2339 3398 jam
2374 3328 2600 3398 probata
2639 3327 3076 3398 Hierosolymam
3108 3329 3280 3391 venit,
3326 3327 3488 3399 digna

1881 3439 2002 3495 qua:
2031 3423 2102 3478 sit
2127 3424 2180 3477 in
2204 3422 2468 3492 templum
2495 3421 2622 3484 Dei,
2656 3431 2678 3456 ο
2708 3422 2759 3475 in
2782 3436 2886 3488 qua
2913 3420 3164 3474 Christus
3195 3421 3484 3478 habitaret.

1884 3515 2126 3585 Denique
2153 3514 2349 3570 sedens
2394 3528 2558 3583 super
2587 3512 2790 3581 pullum
2837 3514 3005 3566 asina:
3037 3512 3300 3568 Dominus
3328 3513 3490 3570 Jesus

1881 3624 2004 3663 eum
2025 3607 2387 3678 gratulatione
2405 3614 2459 3659 et
2485 3604 2682 3674 gaudio
2711 3605 3016 3658 innocentis
3039 3606 3334 3675 suscipitur
3353 3615 3489 3662 ινιτι-

1883 3697 2329 3771 usttbnt,tt).

1955 3793 2009 3845 8.
2027 3791 2223 3845 Postea
2253 3790 2303 3842 in
2331 3786 2585 3857 paradiso
2611 3789 2774 3842 verba
2804 3787 2926 3841 vitae
2943 3796 3164 3842 :rternzc
3191 3786 3489 3850 docentur;

1882 3882 2023 3937 unde
2052 3881 2214 3936 etiam
2247 3878 2508 3933 Dominus
2535 3893 2592 3932 se
2622 3879 2869 3947 permisit
2889 3880 3006 3947 capi
3030 3920 3044 3944 ,
3071 3879 3216 3933 sicut
3243 3878 3485 3933 Joannes

1880 3974 2073 4030 scribit
2101 3971 2429 4042 evangelista
2459 3970 2652 4042 (Joan.
2686 3985 2816 4024 xvnt
2839 4011 2853 4032 ,
2885 3971 2991 4039 8),
3025 3971 3339 4038 signiﬁcans
3365 3972 3486 4026 ani-

1885 4084 2024 4123 mam
2077 4077 2348 4129 nostram,
2388 4065 2473 4119 vel
2521 4064 2697 4133 putius
2736 4063 3107 4117 conditionem
3158 4063 3484 4130 hmnanam,

1883 4162 2073 4216 solutis
2101 4159 2299 4214 erroris
2320 4155 2581 4221 vinculis,
2607 4171 2673 4210 eo
2695 4155 2839 4208 unde
2866 4156 3041 4219 ejecta
3075 4166 3189 4208 erat
3213 4157 3265 4210 in
3292 4158 3484 4220 Adam,

1885 4271 1979 4325 per
2011 4252 2284 4308 Christum
2329 4263 2660 4320 regressum.
2696 4247 2852 4302 Unde
2883 4258 2938 4302 et
2970 4234 3162 4300 latroni
3205 4248 3279 4301 illi
3320 4250 3485 4303 conti-

1885 4348 2016 4405 tenti
2043 4346 2239 4403 dicitur
2263 4362 2276 4400 :
2307 4344 2490 4408 Amen,
2523 4358 2672 4394 amen
2701 4342 2819 4394 dico
2847 4341 2956 4406 tibi,
2985 4340 3137 4394 hodie
3160 4356 3356 4394 mecum
3384 4345 3484 4394 eris

1880 4445 1934 4497 in
1961 4439 2205 4513 paradiso
2240 4436 2406 4508 (Luc.
2439 4451 2567 4490 χχιιι
2589 4476 2602 4499 ,
2641 4434 2744 4499 ιη,
2778 4435 2905 4504 45).
2955 4435 3052 4490 Ille
3075 4434 3296 4490 dixerat
3324 4451 3336 4486 :
3372 4431 3484 4486 Me-

1882 4546 2050 4590 mento
2078 4535 2208 4596 mei,
2261 4548 2374 4586 eum
2421 4533 2623 4586 veneris
2660 4530 2714 4584 in
2764 4545 2978 4599 regnum
3021 4539 3196 4592 tuum;
3235 4526 3485 4582 Christus

1883 4642 1989 4682 non
2020 4625 2089 4680 de
2115 4639 2284 4695 regno
2307 4622 2586 4692 reSpondit
2607 4663 2621 4684 ,
2656 4621 2752 4677 sed
2779 4620 2844 4676 ad
2877 4636 3100 4678 causam
3127 4639 3138 4673 :
3179 4619 3349 4674 Hodie
3379 4635 3484 4672 me-

1881 4737 1996 4775 cum
2033 4719 2134 4774 eris
2171 4719 2227 4771 in
2266 4717 2540 4788 paradiso,
2571 4715 2622 4769 id
2663 4725 2778 4780 est,
2811 4713 3216 4768 reformandum
3245 4721 3329 4766 est
3356 4721 3482 4767 ante

1881 4813 2024 4884 quod
2077 4811 2335 4866 amissum
2387 4817 2504 4872 est,
2561 4816 2747 4877 postea
2797 4807 3189 4862 conferendum
3239 4806 3290 4860 id
3339 4807 3481 4874 quod

1882 4904 2186 4975 augendum
2217 4911 2336 4964 est,
2369 4910 2421 4954 ut
2455 4915 2554 4970 per
2589 4899 2605 4936 ι’
2644 4899 2956 4968 paradisum
2984 4899 3050 4952 ad
3091 4913 3318 4968 regnum
3361 4912 3485 4968 per-

1883 5001 2134 5056 veniatur
2153 5040 2167 5063 ,
2201 5011 2307 5049 non
2333 5009 2430 5064 per
2457 5007 2686 5062 regnum
2711 4992 2778 5046 ad
2809 4991 3136 5060 paradisum.

1887 5134 2129 5206 terjectis
2162 5144 2290 5206 vero
2315 5129 2484 5206 tribus
2508 5125 2733 5206 vocibus
2761 5126 2930 5206 Rtilll._
2953 5127 3083 5181 edit.
3113 5128 3224 5180 sola
3259 5128 3441 5198 posuit
3467 5173 3478 5195 ,

1887 5221 1943 5263 nt
1968 5200 2296 5274 Evangelica:
2315 5201 2546 5254 lectionis
2573 5200 2983 5274 docet-assertio.

1960 5290 1982 5316 θ
2015 5268 2168 5332 Beli.
2195 5276 2364 5328 codex
2387 5312 2401 5335 ,
2433 5273 2485 5324 in
2515 5287 2615 5339 qua
2642 5270 2871 5342 Spiritus
2901 5268 3172 5342 habitaret.

1962 5350 1980 5386 ί
2015 5346 2410 5403 Admonuimus
2427 5342 2493 5396 ad
2520 5343 2612 5396 lib.
2637 5340 2705 5397 de
2725 5341 2900 5412 Lapsu
2931 5340 3070 5409 Virg.
3095 5356 3214 5408 cap.
3247 5342 3301 5404 8,
3332 5357 3480 5396 Itum.

1883 5423 1985 5485 56,
2019 5415 2308 5474 nonnullos
2346 5429 2500 5470 esse.
2535 5415 2622 5483 qui
2669 5429 2790 5468 cum
2839 5428 2904 5467 ex
2939 5413 3120 5485 verbis
3163 5413 3481 5482 quihusdam

1880 5484 1991 5547 illic
2018 5487 2282 5548 exaratis,
2310 5493 2422 5538 tum
2448 5501 2514 5539 ex
2548 5487 2649 5538 hoc
2676 5485 2794 5554 ipso
2826 5484 3071 5552 epistola:
3114 5485 3270 5539 isuius
3321 5486 3440 5539 loco
3467 5527 3482 5551 ,

1881 5578 2002 5618 eam
2033 5559 2319 5627 Ambrosio
2349 5556 2671 5627 attingerent
2699 5556 3008 5627 opinionem
3028 5597 3040 5620 ,
3073 5570 3176 5622 qua
3205 5557 3347 5609 inter
3367 5572 3483 5610 caa-

1883 5635 2075 5689 lestem
2134 5625 2524 5685 beatitudinem
2586 5625 2890 5692 infernique
2950 5628 3216 5693 supplicia
3276 5627 3486 5681 medius

1881 5705 2100 5774 quidam
2133 5709 2309 5774 status
2338 5699 2406 5752 ab
2444 5697 2718 5774 aliquibus
2756 5697 3163 5774 admittebatur.
3208 5697 3316 5753 Sed
3347 5713 3486 5774 prte-

1882 5768 2126 5847 terqnam
2155 5769 2299 5842 quod
2322 5785 2392 5847 es
2415 5768 2579 5847 citato
2601 5768 2742 5847 libro
2756 5806 2776 5847 _,
2802 5768 2960 5847 cujus
2981 5777 3170 5825 auctor
3194 5785 3300 5847 non
3325 5768 3485 5847 plane

1880 5838 2191 5915 compertus
2219 5850 2333 5905 est,
2362 5838 2427 5895 de
2452 5838 2726 5894 Ambrosii
2755 5843 2854 5896 hac
2885 5842 2937 5896 in
2965 5857 3022 5896 re
3051 5838 3483 5898 sententia’nihil
