4092 6190
583 201 721 258 liii-'5

1914 197 2164 262 SANCTl
2201 201 2525 264 “[9306”

3800 213 3969 274 12H

652 317 704 370 9.
744 313 1002 369 Servatur
1028 311 1311 380 discipulis
1332 353 1346 377 ,
1373 309 1516 381 quod
1567 311 1691 382 plus
1729 309 2044 366 conferatur
2088 327 2186 382 pro
2215 317 2263 376 Α
2294 315 2388 370 tim
2415 317 2688 373 Abraham
2719 320 2928 390 primus
2965 323 3248 379 oraculum
3279 324 3750 384 circumcisionis
3785 330 3967 383 euric-

578 407 888 470 laboribus,
919 403 1151 475 ideoque
1181 403 1477 458 iucolatum
1513 403 1788 474 promisit,
1820 418 2046 473 regnum
2075 401 2186 457 dis-

577 503 722 558 tulit.
768 500 955 570 Itaque
997 498 1043 554 is
1085 499 1174 569 qui
1218 497 1320 554 sub
1365 497 1473 552 ictu
1513 497 1707 552 mortis
1747 497 2108 562 convertitur,
2131 506 2189 552 et

573 595 867 650 conﬁtetur
889 592 1178 649 Dominum
1210 591 1395 648 Jesum
1417 633 1432 658 ,
1462 601 1733 647 mereatur
1762 590 2058 646 incolatum
2088 605 2186 660 pa-

577 689 745 747 radisi
780 707 792 740 :
827 687 921 758 qui
954 702 1083 742 vero
1111 687 1280 742 multo
1311 696 1438 740 ante
1476 701 1537 741 se
1572 685 1851 750 exercuit,
1884 694 1939 740 et
1966 685 2185 741 Christo

579 782 865 846 militavit,
892 780 1188 850 acquisivit
1211 780 1538 851 populorum
1572 778 1814 846 animas,
1841 792 1938 848 pro
1961 776 2186 833 Christo

577 891 636 930 se
666 874 904 940 obtulit,
939 872 1136 928 habeat
1175 881 1429 942 paratum
1475 871 1766 942 stipendiis
1795 870 1911 925 suis
1953 871 2048 926 Dei
2095 887 2186 926 re—

575 983 778 1034 gnum,
821 963 976 1034 cujus
1024 979 1084 1018 se
1127 963 1572 1018 remuneratione
1619 961 1877 1016 donatum
1923 961 2204 1032 gaudeat.‘

576 1060 808 1129 Ideoque
849 1057 1009 1112 Petro
1044 1056 1282 1112 dicitur:
1332 1056 1448 1111 Tibi
1487 1056 1620 1110 dabo
1649 1057 1815 1111 claves
1860 1057 2005 1129 regni
2032 1057 2185 1111 coelo-

576 1167 690 1203 rum
714 1150 733 1222 (
759 1149 947 1203 Matth.
978 1163 1069 1203 xvi
1093 1190 1107 1213 ,
1140 1147 1264 1218 l9).
1318 1148 1393 1203 Ex
1442 1147 1730 1204 latrocinio
1758 1161 2056 1202 converSus
2099 1162 2186 1204 re-

573 1243 754 1314 quiem
799 1242 994 1308 hahet,
1026 1242 1078 1296 in
1111 1242 1418 1313 apostolatu
1465 1241 1722 1312 probatus
1751 1244 1956 1310 accepit
1998 1249 2184 1312 potes-

573 1345 761 1390 tatem.

655 1426 734 1480 10.
771 1424 896 1480 Haec
923 1434 1008 1480 est
1038 1425 1218 1481 anima
1256 1424 1578 1496 Evangelica
1599 1466 1614 1489 ,
1649 1424 1769 1480 haec
1800 1435 1883 1480 est
1911 1425 1978 1481 de
2005 1427 2182 1497 genti-

576 1519 705 1585 bus,
751 1519 866 1574 tunc
889 1519 996 1573 lilia
1029 1520 1318 1586 Ecclesiae,
1347 1521 1503 1590 longe
1530 1518 1722 1574 melior
1747 1534 1776 1574 e
1806 1533 1996 1588 cursu,
2019 1535 2178 1590 quam

573 1614 660 1668 illa
693 1629 761 1669 ex
802 1613 987 1668 luda‘a
1017 1616 1257 1684 projecta
1283 1655 1297 1679 ,
1330 1613 1396 1668 ad
1441 1613 1733 1668 Dominum
1767 1613 1982 1677 lesum,
2010 1623 2065 1668 et
2110 1613 2177 1670 ad

2292 408 2512 464 branda:
2537 413 2813 482 acceperit
2841 414 2995 486 (Gen.
3029 432 3169 486 xvn,
3204 418 3318 490 l0),
3351 420 3442 490 qui
3483 421 3635 476 diem
3693 421 3968 478 Domini

2290 500 2420 557 Jesu
2457 504 2619 571 vidit,
2661 515 2715 562 et
2759 508 2978 577 gavisus
3023 521 3109 566 est
3159 509 3339 582 (Joan.
3392 529 3482 568 viti
3509 547 3526 580 -,
3573 515 3711 586 56).
3772 516 3964 584 Quod

2291 594 2478 666 utique
2506 596 2560 650 in
2587 597 2826 654 evidenti
2863 610 2978 667 est,
3011 602 3138 672 quia
3189 619 3296 657 non
3339 606 3752 675 corporalibus
3777 646 3799 673 ,
3843 608 3959 662 sed

2290 687 2628 756 spiritalibus
2667 691 2801 762 legis
2832 692 3028 748 divina:
3073 695 3404 760 intenderit;
3431 708 3490 754 et
3539 698 3670 754 ideo
3725 715 3957 757 veram

2294 782 2556 840 Dominici
2600 786 2848 856 corporis
2888 791 3199 858 passionem
3227 789 3254 828 ι)
3285 791 3339 846 in
3371 793 3496 861 agni
3541 797 3958 865 conspexerit

2289 873 2680 932 immolatione.

2359 969 2415 1024 2.
2446 968 2583 1035 Quid
2611 986 2741 1040 ergo
2769 971 3016 1029 dicemus
3046 985 3290 1030 secutum
3331 986 3544 1046 patrem
3577 977 3908 1033 Abraham
3928 1023 3944 1046 ,

2289 1069 2347 1114 ut
2378 1061 2426 1114 id
2459 1061 2663 1130 primus
2697 1063 3044 1129 institueret,
3071 1066 3216 1136 quod
3253 1067 3376 1137 Qus
3408 1083 3515 1122 non
3559 1079 3945 1138 sequeretur

2289 1152 2616 1209 lnereditasl
2643 1164 2733 1212 aut
2775 1172 2878 1228 qua
2907 1159 3122 1214 ratione
3149 1160 3620 1217 circumciduntur
3651 1163 3939 1218 infantu-

2288 1243 2464 1299 lorutn
2493 1261 2758 1316 corpora;
2795 1260 2815 1282 ⁴’
2850 1257 2905 1304 et
2938 1249 2989 1303 in
3039 1251 3159 1320 ipso
3187 1260 3308 1305 ortu
3339 1251 3716 1321 subjiciuntur
3770 1255 3934 1324 peri-

2285 1336 2453 1400 culis,
2486 1346 2543 1392 et
2571 1338 2671 1394 hoc
2704 1339 2960 1410 imperari
2991 1343 3246 1408 oraculo;
3281 1353 3338 1397 ut
3366 1343 3668 1400 discrimen
3705 1349 3934 1401 salutis

2287 1429 2378 1486 ﬁat
2409 1431 2478 1488 de
2506 1435 2765 1504 mysterio
2792 1435 3096 1506 religionis.
3124 1436 3260 1505 Quid
3298 1437 3402 1492 hoc
3444 1440 3770 1509 signiﬁcat?
3805 1440 3924 1496 La-

2287 1529 2358 1576 tet
2387 1522 2536 1577 enim
2567 1539 2727 1577 causa
2775 1526 2926 1592 veri,
2953 1538 3001 1580 et
3034 1527 3276 1596 opottnit
3313 1539 3404 1581 aut
3447 1539 3640 1600 aperto
3689 1531 3924 1600 aliquid

2285 1618 2542 1688 mysterio
2565 1618 2889 1688 signiﬁcari,
2911 1630 3004 1674 aut
3030 1636 3136 1676 non
3165 1622 3473 1692 periculoso
3497 1625 3918 1694 mysteriorum

573 1707 858 1776 superiora
907 1723 966 1762 se
1012 1707 1169 1761 bonis
1215 1706 1461 1760 consiliis
1488 1715 1543 1761 et
1586 1706 1846 1777 operibus
1891 1707 2180 1773 attollens,
2215 1705 2260 1766 B
2289 1710 2487 1767 indicio
2519 1713 2785 1768 mandati.

571 1816 734 1870 quam
762 1800 1004 1870 suscepit
1032 1799 1085 1854 in
1109 1798 1373 1869 Golgotha
1397 1797 1668 1854 Christus.
1693 1807 1716 1835 ι
1744 1798 1818 1854 lbi
1851 1799 1980 1854 Adae
2003 1799 2186 1870 sepul-

570 1906 761 1954 crnm;
794 1902 853 1946 ut
885 1891 1038 1945 illum
1071 1902 1344 1946 mortuum
1381 1889 1432 1944 in
1477 1905 1574 1944 sua
1605 1905 1770 1946 cruce
1806 1893 2179 1947 resuscitaret.

575 1983 675 2038 Utii
720 2000 853 2054 ergo
897 1985 949 2037 in
1003 1983 1170 2038 Adam
1216 1998 1363 2038 mors
1405 1982 1647 2038 omnium
1675 2025 1689 2050 ,
1736 1983 1808 2039 ibi
1858 1985 1912 2039 in
1962 1985 2182 2043 Christo

572 2077 816 2132 onminm
861 2076 1211 2132 resurrecﬁo.
1264 2076 1427 2144 Vale,
1457 2076 1562 2142 tili,
1603 2085 1658 2131 et
1689 2091 1788 2133 nos
1823 2077 2021 2148 dilige;
2053 2078 2178 2147 quia

573 2184 671 2223 nos
692 2179 743 2224 te
765 2168 1064 2240 diligimus.

939 2261 1149 2334 1071
1202 2259 1540 2316 EPISTOLA
1600 2258 1811 2316 LXXII.

575 2359 846 2428 liogabant
893 2358 1054 2428 aliqui
1100 2375 1191 2412 cur
1241 2356 1380 2412 Deus
1410 2373 1525 2411 cum
1569 2357 1619 2409 in
1657 2355 1984 2412 Testamento
2021 2359 2176 2413 reteri

644 2450 1086 2504 circumcisionem
1118 2450 1426 2516 instituerit,
1451 2468 1560 2504 eam
1584 2453 1908 2524 abrogaverit
1938 2452 1991 2506 in
2017 2450 2176 2506 noro?

643 2562 736 2598 cur
765 2547 920 2599 etiant
960 2547 1023 2597 de
1067 2545 1159 2598 illa
1203 2547 1412 2599 omnino
1456 2546 1616 2616 legem
1659 2547 1864 2612 tulerit,
1894 2562 2011 2600 cum
2059 2546 2174 2615 ipsa

643 2656 861 2709 puerum
899 2639 949 2691 in
984 2639 1262 2693 discrimen
1293 2638 1610 2692 adduceret?
1641 2655 1732 2693 cur
1776 2639 1986 2692 tandem
2028 2639 2081 2692 in
2111 2655 2170 2692 ea

643 2735 873 2804 corporis
902 2743 1048 2804 parte
1075 2734 1190 2801 ﬁeri
1237 2733 1492 2787 voluerit?
1525 2731 1760 2787 Primum
1790 2733 1948 2804 igitur
1978 2743 2030 2786 ut
2063 2733 2171 2788 illis

640 2827 959 2896 satisfaciat,
991 2826 1080 2895 qui
1121 2835 1263 2879 erant
1295 2842 1326 2878 a
1353 2825 1456 2892 ﬁde
1493 2825 1684 2891 alieni;
1712 2825 1912 2893 reponit
1942 2825 2165 2878 circurn-

638 2921 883 2974 cisionem
929 2937 960 2972 a
1002 2919 1318 2988 sapientibus
1361 2919 1521 2986 uiris,
1573 2919 1910 2989 plurimisque
1960 2919 2166 2990 populis

639 3023 940 3082 usurpatam
969 3027 1109 3076 esse,
1133 3025 1227 3064 nec
1251 3011 1424 3064 deesse
1451 3011 1733 3077 rationem,
1760 3027 1851 3066 cur
1881 3020 2055 3065 octauo
2081 3013 2166 3064 die

2353 1804 2409 1858 5.
2443 1803 2552 1859 Cur
2589 1820 2718 1861 vero
2747 1805 2962 1877 signum
2989 1807 3326 1864 Testamenti
3358 1809 3527 1866 divini
3553 1811 3608 1866 in
3641 1826 3709 1866 ea
3736 1812 3918 1868 datur

2284 1907 2435 1967 parte
2458 1898 2824 1954 membrorum
2843 1941 2860 1967 ,
2891 1915 3012 1971 qua:
3038 1901 3156 1955 visu
3191 1903 3529 1958 inhonestior
3557 1907 3915 1960 testimatur?

2282 1999 2375 2044 aut
2402 2007 2504 2060 qua
2528 1993 2698 2062 gratia
2733 1993 2849 2064 ipse
2885 2004 3144 2065 operator
3173 1998 3420 2067 corporis
3469 2000 3640 2052 nostri
3678 2000 3733 2052 in
3775 2000 3913 2067 ipso

2284 2094 2484 2140 nostra:
2509 2087 2880 2156 generationis
2924 2088 3156 2143 exordio
3198 2089 3513 2144 circumcidi
3545 2091 3723 2146 voluit
3753 2107 3911 2162 opus

2280 2196 2436 2234 suum
2459 2221 2473 2245 ,
2499 2191 2552 2236 ct
2581 2181 2854 2237 vulnerari
2873 2223 2888 2249 ,
2917 2192 2972 2238 et
2997 2183 3305 2250 cruentari,
3328 2193 3384 2239 et
3411 2185 3616 2240 abscidi
3647 2196 3902 2256 partem,

2279 2289 2438 2344 quam
2473 2275 2620 2330 velut
2653 2276 3050 2341 ncceSsariam,
3080 2277 3168 2346 qui
3198 2275 3380 2330 omnia
3420 2276 3690 2346 disposuit
3732 2279 3894 2333 ordi-

2280 2379 2405 2424 nate
2427 2409 2440 2433 ,
2472 2383 2595 2423 cum
2629 2371 2844 2424 cmteris
2873 2370 3136 2426 membris
3166 2371 3466 2426 faciendam
3498 2375 3752 2443 putavit?
3787 2378 3900 2430 Aut

2276 2465 2419 2518 enim
2449 2475 2650 2534 praeter
2692 2473 2939 2520 naturam
2978 2475 3068 2520 est
3093 2465 3210 2519 haec
3241 2468 3420 2536 portio
3462 2467 3717 2536 corporis
3749 2484 3888 2524 nos-

2277 2557 2377 2623 tri,
2415 2564 2470 2610 et
2497 2571 2602 2610 non
2650 2557 2888 2626 oportuit
2917 2555 3121 2612 habere
3166 2572 3357 2612 omnes
3406 2559 3652 2613 homines
3679 2599 3697 2625 ,
3730 2561 3882 2626 quod

2274 2659 2421 2704 esset
2452 2661 2652 2720 prarter
2679 2661 2960 2704 naturam:
2993 2659 3085 2706 aut
3129 2652 3430 2708 secundum
3473 2663 3724 2708 naturam
3755 2665 3844 2710 est
3872 2699 3884 2720 ,

2272 2751 2328 2797 et
2376 2758 2481 2797 non
2535 2742 2722 2798 decuit
2780 2743 3086 2813 amputari,
3134 2745 3278 2811 quod
3325 2746 3622 2799 secundum
3669 2757 3887 2803 natura:

2273 2833 2657 2904 perfectionem
2689 2844 2933 2890 creatum
2966 2834 3142 2901 foret;
3169 2850 3288 2889 eum
3325 2835 3624 2906 prtesertini
3650 2837 3821 2892 alieni
3855 2854 3883 2891 a

2271 2929 2518 2998 portione
2552 2928 2765 2983 Domini
2795 2929 2888 2985 Dei
2917 2929 3117 2996 nostri,
3150 2930 3199 2983 id
3231 2931 3500 3000 praecipue
3529 2931 3761 2987 irridere
3791 2949 3884 2986 sn-

2270 3022 2344 3077 liti
2375 3021 2502 3076 sint.
2538 3021 2739 3076 Deinde
2767 3036 2888 3076 cum
2917 3023 3248 3092 propositum
3281 3024 3351 3078 sit
3375 3023 3508 3090 Deo,
3535 3034 3591 3078 ut
3617 3025 3881 3094 frequen-

638 3105 1000 3158 celebraretur.
1028 3100 1229 3157 Deinde
1249 3104 1559 3158 christianos
1589 3105 1733 3158 docet
1762 3105 1814 3158 in
1843 3105 1937 3158 illa
1964 3105 2166 3176 signum
2193 3092 2236 3151 (Ἰ
2274 3124 2355 3169 ter
2392 3115 2506 3184 ipso.
2529 3113 2851 3169 testiﬁcatus
2887 3124 3002 3182 est,
3036 3115 3221 3184 plures
3256 3115 3323 3172 ad
3360 3131 3531 3172 sacrm
3576 3092 3882 3171 ulmei-van-

639 3200 800 3269 fuisse
827 3199 1234 3268 redemptionis,
1261 3215 1322 3251 ac
1367 3198 1580 3267 proinde
1616 3198 1702 3251 ubi
1746 3198 1968 3268 pretium
2010 3198 2168 3269 hujus

637 3294 867 3346 solutum
901 3301 1002 3356 est,
1039 3291 1184 3345 illam
1214 3291 1381 3344 omitti
1403 3291 1519 3359 jam
1550 3288 1804 3344 debuisse.
1846 3289 1969 3343 Tum
2006 3291 2168 3346 luere-

639 3388 766 3442 ticos
804 3389 964 3458 legem
990 3387 1053 3440 de
1079 3385 1349 3456 fundendo
1379 3385 1631 3455 sanguine
1667 3381 2041 3438 calumniantes
2083 3402 2168 3439 os-

638 3481 801 3534 tendit
843 3481 1131 3549 passionem
1165 3478 1379 3533 Domini
1409 3478 1565 3534 simul
1593 3477 1864 3533 damnare.
1909 3476 2045 3532 Hinc
2081 3494 2167 3534 eos

640 3573 830 3643 refellit
871 3574 959 3642 qui
997 3573 1121 3643 fidei
1157 3573 1600 3626 circumcisionem
1649 3571 1874 3643 obfuisse
1919 3572 2166 3627 crimina-

642 3669 860 3733 bantur,
893 3669 1025 3722 sicut
1065 3679 1113 3722 et
1159 3668 1278 3721 illos
1305 3708 1321 3733 ,
1361 3667 1450 3734 qui
1496 3675 1696 3737 partem
1737 3667 2009 3738 corporis,
2053 3681 2169 3737 qua

640 3760 894 3814 naturalis
922 3770 1087 3826 esset,
1113 3759 1492 3831 argutabantnr
1536 3777 1638 3814 non
1663 3775 1774 3814 esse
1817 3758 2164 3814 recidendam.

640 3851 911 3907 Postremo
934 3854 1169 3922 pluribus
1184 3852 1246 3906 de
1257 3853 1461 3907 occulta
1474 3853 1879 3908 cltristianorum
1893 3852 2168 3908 circumci-

637 3948 780 4000 sione
805 3948 1105 4018 disputatis,
1125 3964 1210 4002 eos
1228 3950 1296 4002 ad
1327 3960 1587 4004 externam
1606 3949 1788 4018 probat
1811 3966 1911 4004 non
1926 3948 2164 4019 obligari.

1018 4043 1319 4095 Alanosws
1355 4041 1716 4097 CONSTANTIO.

646 4133 694 4187 Ι.
725 4131 840 4188 Non
881 4133 1175 4189 mediocris
1221 4134 1511 4206 plerosque
1551 4145 1729 4191 movet
1769 4137 2033 4206 quarstio,
2063 4149 2167 4206 qua

567 4241 727 4281 causa
760 4227 1106 4281 circumcisio
1133 4235 1187 4282 et
1226 4227 1429 4282 veteris
1471 4226 1806 4282 Testamenti
1841 4227 2167 4284 auctoritate

2271 3211 2398 3264 tiam
2426 3225 2723 3279 provocare
2745 3210 3048 3281 religionis,
3066 3221 3273 3281 quanto
3295 3211 3468 3281 magis
3489 3212 3873 3275 invitarentur,

2270 3304 2314 3356 si
2346 3318 2451 3359 non
2487 3303 2696 3374 1073
2725 3304 2890 3373 aliqui
2917 3304 3350 3358 circumcisionis
3397 3304 3564 3372 ipsius
3600 3312 3694 3358 aut
3733 3305 3878 3372 peri-

2269 3393 2414 3456 culo,
2447 3407 2536 3447 ant
2565 3392 2863 3463 opprobrio
2883 3406 3292 3450 revocarentur.

2338 3485 2392 3541 4.
2439 3486 2582 3556 Ergo
2628 3496 2682 3540 ut
2728 3485 3016 3555 ad~prima
3062 3487 3376 3550 redeamus,
3421 3496 3475 3540 et
3520 3489 3868 3556 propositum

2268 3595 2656 3651 persequamur
2701 3579 2982 3645 ordinem,
3012 3580 3080 3636 de
3112 3582 3225 3651 ipsa
3253 3578 3677 3635 circumcisionis
3719 3597 3861 3650 qua-

2270 3672 2419 3727 litate
2459 3671 2749 3728 dicendum
2798 3672 3034 3728 videtur.
3080 3672 3247 3744 Cuius
3276 3672 3488 3744 gemina
3532 3672 3696 3728 debet
3739 3686 3865 3731 csse

2269 3764 2546 3831 defensio,
2574 3765 2698 3835 quia
2728 3763 2930 3836 duplex
2969 3776 3048 3821 est
3081 3766 3387 3821 accusatio:
3421 3780 3525 3820 una
3570 3781 3688 3835 quae
3715 3767 3858 3821 il'l0~

2270 3869 2431 3928 gatur
2455 3873 2484 3912 a
2515 3858 2838 3929 gentilibus,
2869 3859 3039 3913 altera
3067 3874 3188 3928 quae
3215 3858 3378 3912 abiis
3399 3899 3414 3924 ,
3443 3859 3532 3925 qui
3563 3857 3630 3912 de
3658 3859 3858 3927 populo

2272 3949 2367 4005 Dei
2397 3958 2554 4015 sunt,
2583 3950 2906 4005 testimatur.
2940 3949 3323 4005 Vehementior
3347 3960 3526 4005 autem
3553 3949 3851 4020 gentilium,

2270 4045 2359 4114 qui
2387 4044 2536 4097 viros
2559 4043 2973 4098 circumcisione
2996 4044 3236 4113 signatos
3257 4044 3418 4098 etiam
3441 4041 3467 4080 ά
3491 4044 3778 4114 opprobrio
3799 4055 3855 4099 rt

2270 4137 2523 4192 illusione
2547 4136 2743 4207 dignos
2771 4137 3127 4192 arbitrantur.
3160 4135 3267 4191 Sed
3302 4136 3462 4191 etiam
3497 4137 3728 4206 ipsorum
3759 4152 3846 4190 sa-

2271 4229 2594 4300 pientissimi
2617 4229 2817 4299 quique
2845 4229 2919 4284 ita
2942 4229 3419 4284 circumcisionem
3448 4230 3769 4298 approbant,
3792 4239 3850 4285 ut

567 4320 721 4389 quasi
749 4319 894 4373 utilis
921 4319 1220 4388 imperetur
1239 4360 1254 4385 ,
1284 4329 1339 4373 et
1367 4318 1488 4373 novi
1511 4319 1820 4376 testamenti
1848 4321 2162 4392 magisterio
2189 4305 2243 4366 D
2267 4323 2472 4379 electos
2499 4337 2625 4377 suos
2653 4336 2780 4392 erga
2811 4320 3183 4393 cognoscenda
3215 4331 3267 4376 et
3296 4321 3622 4378 celebranda
3650 4334 3844 4393 myste-

565 4412 720 4494 quasi
751 4412 959 4469 inutilis
989 4411 1304 4482 repudietur
1335 4412 1472 4483 (Act.
1507 4427 1600 4478 xv,
1636 4413 1748 4485 10);
1777 4428 1902 4470 cum
1935 4427 2159 4485 praeser-

561 4577 695 4630 certi
725 4577 905 4646 colligi
943 4586 1121 4648 potest
1143 4619 1157 4640 ,
1191 4577 1283 4648 qui
1313 4577 1573 4630 attentius
1603 4577 1877 4646 proposita
1918 4577 2158 4648 ejusdem

565 4648 685 4702 lihri
718 4663 782 4702 ac
818 4647 1058 4718 epistolm
1085 4647 1245 4718 hujus
1275 4648 1436 4702 verba
1467 4648 1817 4712 discusserit,
1847 4661 1914 4704 ex
1947 4647 2026 4704 eis
2055 4663 2161 4704 non

560 4719 851 4775 difﬁculter
877 4735 1094 4776 sensum
1141 4729 1298 4777 eruet
1335 4721 1782 4775 commodiorem.
1819 4722 2024 4776 Etenim
2065 4722 2161 4775 ad-

561 4792 881 4847 vertendum
911 4805 997 4848 est
1043 4793 1153 4848 illic
1193 4806 1503 4847 sermonem
1547 4793 1660 4847 ﬁeri
1709 4793 1776 4846 de
1813 4793 1902 4847 illa
1948 4793 2160 4862 puella,

558 4879 700 4936 qum,
718 4864 934 4918 amissis
961 4865 1308 4920 continentiae
1331 4863 1658 4936 aliquamdiu
1682 4875 1907 4936 servata:
1931 4877 2028 4918 nec
2051 4877 2156 4918 non

557 4935 788 4988 aliorum
837 4936 1100 4991 b0norum
1151 4951 1376 5006 operum
1423 4935 1665 4998 meritis,
1713 4935 2155 5003 gravissimorum

556 5006 844 5078 criminum
885 5008 1095 5062 veniam
1129 5024 1223 5078 per
1251 5009 1524 5062 continua:
1567 5007 1902 5078 ptenitetttia‘
1945 5008 2160 5078 labores

556 5077 891 5133 dicituresse
911 5076 1262 5148 impetratura
1282 5098 1294 5133 :
1314 5080 1398 5133 hic
1421 5093 1553 5133 vero
1569 5076 1698 5134 eum
1717 5076 1807 5148 qui
1842 5090 2044 5132 tantum
2064 5077 2157 5133 sub

555 5149 655 5200 ictu
684 5153 862 5204 mortis
884 5153 1225 5214 convertitur,
1247 5168 1368 5204 cum
1400 5151 1496 5205 illo
1519 5151 1846 5220 Comparari,
1870 5151 1961 5220 qui
1987 5154 2156 5204 virtu-

556 5231 665 5272 tum
697 5236 760 5274 ac
812 5224 1283 5294 piorumroperum
1317 5223 1525 5294 meritis
1565 5223 1873 5294 cumulatus
1895 5265 1908 5285 ,
1939 5238 1971 5278 e
2011 5222 2158 5294 vivis

485 5309 488 5312 ·
553 5294 873 5346 excesserit.
928 5291 1285 5349 Undc'nullo
1345 5291 1564 5363 negotio
1624 5292 1959 5364 intelligetur
2008 5293 2156 5348 illam

551 5378 714 5431 pinna!
744 5365 1057 5419 vacationem
1078 5407 1117 5440 ,_
1138 5365 1283 5440 illam
1333 5365 1556 5440 requiem
1575 5405 1598 5440 ,_
1624 5364 1776 5418 illum
1817 5366 2115 5440 paradisum
2141 5404 2156 5429 ,

547 5451 656 5504 quo
704 5446 1057 5501 perventuros
1107 5435 1412 5502 hujusmudi
1460 5437 1786 5501 ptenitentes
1817 5435 2151 5493 'Amhrosius

550 5508 852 5572 promittit,
901 5507 1034 5561 nihil
1081 5505 1224 5562 aliud
1270 5523 1422 5572 esse,
1457 5507 1560 5560 nisi
1614 5509 1856 5563 ultimam
1907 5508 1958 5563 in
2000 5508 2162 5561 domo

567 5578 748 5634 Patris
773 5580 1136 5647 mansionem,
1161 5583 1263 5637 hoc
1285 5593 1370 5637 est
1397 5582 1640 5637 inﬁmum
1668 5581 2020 5636 beatitudinis
2050 5594 2172 5648 gra-

567 5651 696 5705 dum
734 5670 746 5704 :
788 5665 1010 5720 regnum
1041 5669 1172 5707 vero
1202 5655 1342 5720 quod
1369 5656 1573 5710 sanctis
1601 5664 1650 5707 et
1684 5647 1967 5718 apostolici
1995 5647 2174 5706 meriti

2267 4416 2347 4468 ria
2375 4413 2846 4470 circumcidendos
2876 4424 3086 4485 putent.

2265 4578 2417 4650 apice
2443 4577 2873 4647 intelligendam.
2897 4577 3112 4646 Optime
3130 4577 3296 4647 igitur
3316 4578 3387 4631 ait
3415 4595 3428 4632 :
3453 4594 3542 4650 per
3561 4578 3842 4650 paradisum

2263 4649 2332 4703 ad
2358 4665 2566 4719 regnum
2590 4651 2911 4716 pert-enitar;
2935 4651 3054 4718 quia
3091 4654 3241 4716 prius
3269 4657 3353 4703 est
3381 4647 3569 4716 utquis
3593 4647 3842 4700 admisso-

2266 4737 2382 4775 rum
2419 4722 2628 4775 veniam
2658 4721 2933 4778 obtineat.
2975 4733 3136 4789 quam
3180 4729 3235 4774 ut
3283 4721 3533 4774 thronum
3587 4734 3843 4772 mereatur

2262 4791 2652 4847 sublimiorem.
2683 4792 2829 4846 Idem
2858 4807 3068 4861 quoque
3093 4795 3238 4862 leges
3269 4791 3361 4846 lib.
3390 4791 3458 4848 de
3481 4789 3607 4845 Fide
3630 4789 3835 4844 llesurr.

2262 4863 2332 4919 de
2361 4878 2467 4933 quo
2489 4879 2588 4919 nos
2615 4863 2708 4918 ibi.

2333 4945 2357 4972 ⁸
2381 4931 2498 4990 llio
2533 4935 2772 4989 materia:
2817 4948 2928 4987 sua:
2968 4931 3287 4988 Ambrosius-
3331 4933 3678 4988 Hebra‘orum
3716 4947 3838 5000 quu-

2260 5007 2504 5062 ruutdam
2529 5017 2584 5060 et-
2608 5007 2837 5061 aliorum
2858 5014 3103 5060 veterum
3130 5005 3832 5070 opinionem'accommodat.

2261 5079 2330 5133 de
2358 5095 2458 5147 qua
2493 5079 2585 5132 lib.
2630 5095 2661 5132 ι
2718 5078 2767 5131 in
2799 5077 3020 5139 Lucam,
3066 5075 3380 5147 num._lld,
3412 5076 3550 5131 idem
3599 5074 3831 5144 loquitur,

2261 5147 2326 5204 ad
2357 5143 2514 5218 quem
2545 5151 2718 5204 locum
2739 5166 2765 5200 a
2794 5147 2951 5202 nobis
2972 5147 3132 5218 etiam
3159 5143 3360 5218 aliquid
3379 5143 3716 5202 oliserVaIum
3737 5158 3828 5200 esu.

2333 5217 2562 5275 billum.
2596 5221 2756 5284 edit.,
2812 5220 2864 5272 in
2894 5217 3111 5280 arietis;
3139 5217 3256 5271 aliae
3288 5231 3340 5272 et
3385 5219 3566 5274 cuncti
3599 5232 3738 5278 tuss.,
3786 5220 3830 5270 in

2261 5296 2402 5366 agni.
2432 5292 2535 5347 Sed
2583 5308 2678 5364 per
2717 5306 2914 5366 agnum
2947 5291 3093 5366 aries
3124 5289 3489 5366 signiﬁcatur,
3519 5299 3578 5342 ut
3610 5289 3656 5366 in
3679 5287 3830 5366 Exodi

2260 5359 2380 5432 cap.
2413 5359 2596 5427 xxx",
2627 5371 2680 5417 et
2710 5361 2973 5431 superiori
3001 5359 3160 5430 epist.
3216 5376 3310 5429 per
3359 5361 3585 5418 vitulum
3618 5361 3703 5415 bos
3730 5361 3831 5414 sive

2265 5447 2476 5491 taurus.

2346 5520 2365 5542 ε·
2409 5505 2534 5562 Mss.
2569 5503 2842 5569 nonnulli,
2873 5511 2919 5558 et
2940 5504 2992 5557 in
3021 5503 3136 5572 ipso
3161 5513 3300 5556 actu.

2343 5578 2368 5616 ἀ
2410 5575 2627 5633 Judteos
2682 5589 2907 5644 propter
2951 5573 3249 5628 abscissum
3286 5575 3607 5644 przrputinm
3651 5588 3676 5628 a
3723 5589 3829 5642 pro-

2276 5650 2416 5706 l‘anis
2464 5665 2559 5719 per
2610 5645 2899 5719 ludibrium
2932 5653 3139 5719 curtos.
3206 5659 3440 5714 verpos,
3483 5661 3546 5700 ac
3601 5647 3828 5700 recutitus

570 5722 702 5785 viris
737 5713 935 5776 asse'rit
980 5713 1310 5779 destinatum
1338 5766 1352 5792 ,
1385 5728 1452 5804 de
1483 5740 1696 5781 summo
1722 5713 1910 5796 gloria:
1940 5723 2178 5784 caelestis
2274 5713 2532 5794 appellari
2558 5720 2746 5777 solitos
2776 5713 3258 5788 deprehendimus.
