4092 6190
253 309 408 369 19.43

1481 309 1969 368 EPISTULARUM
2008 310 2292 370 CLASSIS
2329 311 2395 368 ll.

3426 310 3564 367 l‘élfi

333 431 386 482 ὕ.
427 428 666 499 Denique
710 427 948 499 Egyptii
969 470 981 489 ,
1014 428 1101 498 qui
1143 436 1197 482 et
1233 429 1580 498 geometriie.
1611 437 1668 482 et
1705 429 1858 485 colli-
1886 435 1933 493 Α
1966 432 2196 485 vendum
2223 440 2342 486 erat
2366 432 2453 498 ei,
2481 432 2568 486 cui
2595 432 2834 502 peccatis
2864 431 3066 485 nostris
3094 431 3294 486 reuditi
3317 439 3558 486 eramus.

243 521 452 593 geudis
481 523 718 577 siderum
752 521 1005 576 cursibus
1037 529 1062 555 ⁸
1092 536 1310 590 operam
1349 520 1637 576 intendunt
1663 537 1815 576 suam
1838 561 1854 588 ,

249 616 483 687 impium
507 617 753 686 judicant
779 613 1116 670 sacerdotem
1135 656 1150 682 ,
1174 615 1262 686 qui
1295 630 1632 687 nequaquam
1663 615 1860 672 habeat

247 709 690 766 circumcisionis
719 709 948 778 insigne.
984 706 1117 762 Nam
1161 722 1336 776 neque
1363 707 1554 778 magici
1597 709 1859 765 carminis

250 802 611 872 sapientiam,
647 815 746 856 uec
779 800 1173 870 geometriam,
1209 816 1307 854 nec
1347 800 1739 856 astronomiam
1764 801 1854 872 ju-

253 896 446 950 dicant
474 893 500 932 δ
532 893 830 950 vim.suam
865 892 1112 947 obtinere
1140 893 1263 948 sine
1306 892 1739 948 circumeisionis
1787 893 1859 947 si-

253 989 512 1059 gnaculo.
546 987 610 1044 Et
637 988 760 1044 ideo
785 995 845 1042 ut
872 985 1194 1056 impetrandi
1229 985 1338 1044 vim
1370 987 1675 1057 operationi
1706 985 1860 1042 adhi-

255 1085 427 1139 beant
465 1098 578 1137 sum
606 1125 621 1149 ,
663 1083 1036 1153 purgationem
1075 1081 1363 1152 quamdam
1411 1092 1590 1137 vatum
1635 1097 1855 1138 suorum

253 1176 696 1232 circuuicisionis
724 1189 925 1231 arcano
953 1175 1333 1231 celebrandam
1363 1177 1696 1232 existimant.

333 1269 388 1322 6.
424 1267 745 1339 Reperimus
773 1277 956 1323 autem
986 1269 1038 1322 in
1073 1269 1299 1323 historia
1343 1279 1584 1324 veterum
1615 1287 1723 1325 non
1766 1285 1856 1324 so-

257 1361 372 1414 ltun
406 1371 427 1399 ο
457 1357 772 1433 Ᾰίεγριίοε,
803 1358 896 1416 sed
925 1361 1090 1415 etiam
1121 1359 1438 1430 rEthiopum
1458 1403 1472 1426 ,
1499 1371 1554 1417 et
1580 1361 1855 1429 Arabum,

255 1461 318 1509 et
350 1452 668 1510 Phoenicum
709 1454 920 1524 aliquos
944 1453 1360 1509 circumcisione
1391 1469 1519 1526 erga
1554 1469 1681 1511 suos
1708 1470 1854 1511 usos.

261 1549 333 1604 Et
375 1549 516 1604 hanc
557 1559 748 1622 putant
789 1565 847 1605 se
887 1550 1062 1606 adhuc
1118 1548 1412 1618 probanda:
1454 1551 1595 1606 viam
1642 1567 1860 1608 servare
1907 1589 1909 1592 ‹

260 1642 523 1707 rationis;
554 1657 620 1697 eo
647 1641 787 1712 quod
813 1642 896 1697 sui
919 1643 1162 1713 corporis
1203 1642 1458 1715 primitiis
1485 1653 1539 1699 et
1577 1644 1860 1713 sanguinis

259 1727 500 1800 initiati,
531 1734 753 1788 insidias
786 1736 1121 1801 daemonum,
1153 1751 1287 1806 quas
1319 1735 1397 1790 illi
1432 1737 1623 1806 generi
1670 1747 1859 1792 nostro

261 1829 585 1896 moliuntur,
601 1830 806 1900 exiguae
821 1832 988 1900 partis
1007 1830 1342 1886 arbitrentur
1359 1831 1858 1887 consecrationibus
1893 1829 1938 1888 Β

261 1923 722 1988 destrucndas;ut
748 1924 837 1994 qui
869 1923 1032 1978 totius
1053 1922 1287 1978 hominis
1305 1923 1470 1978 saluti
1499 1925 1742 1980 nituntur
1767 1939 1864 1980 uo-

263 2034 426 2080 cere.
460 2011 718 2073 iufirmari
751 2018 1126 2088 operationem
1156 2032 1311 2073 suam
1353 2027 1546 2088 putent
1579 2019 1867 2074 circumci-

264 2111 437 2166 sionis
464 2126 634 2166 sacrm
665 2111 747 2167 vel
774 2111 910 2182 lege,
942 2110 1027 2166 vel
1055 2111 1260 2180 specie.
1284 2111 1532 2167 Arbitror
1554 2111 1701 2167 enim
1721 2112 1865 2182 quod

269 2204 320 2257 in
355 2204 686 2273 praeteritum
738 2203 855 2271 ipse
882 2203 1193 2259 daemonum
1221 2206 1474 2274 princeps
1501 2219 1718 2259 cessare
1739 2219 1868 2257 suas

269 2306 418 2349 artes
448 2310 574 2365 erga
622 2296 800 2350 noxia:
843 2296 1173 2366 operationis
1196 2295 1446 2351 elTectutn
1478 2296 1866 2359 :estimavcrit,

271 2387 317 2440 si
364 2389 413 2441 ei
461 2403 658 2443 nocere
695 2399 1025 2456 conaretur,
1066 2404 1225 2459 quem
1260 2389 1543 2459 signaculo
1585 2388 1864 2443 circumci-

273 2480 440 2534 sionis
467 2495 634 2536 sacrm
664 2481 932 2536 initiatum
963 2481 1304 2547 adverteret,
1333 2491 1424 2535 aut
1455 2481 1505 2536 ei
1531 2481 1621 2551 qui
1650 2481 1868 2537 videre-

275 2581 362 2626 tur
391 2574 442 2626 in
477 2577 576 2627 hoc
605 2573 795 2628 saltem
841 2588 1065 2628 munere
1093 2571 1196 2641 legi
1224 2571 1422 2626 divina:
1469 2572 1866 2642 obtemperare.

349 2665 399 2718 7.
434 2664 551 2720 .Iam
595 2666 684 2734 qui
724 2663 1059 2734 singulorum
1108 2663 1479 2719 membrorum
1529 2664 1703 2721 oflicia
1747 2666 1870 2720 dili-

275 2769 468 2830 genter
495 2758 788 2828 expendit,
823 2771 929 2814 non
961 2757 1192 2810 otiosam
1223 2772 1442 2811 causam
1487 2759 1537 2812 iti
1573 2757 1672 2811 hac
1702 2773 1871 2814 mem-

278 2847 356 2902 bri
393 2845 552 2919 hujus
581 2847 920 2918 portiuncula
963 2849 1234 2904 arstimare
1265 2848 1495 2918 poterit,
1528 2864 1630 2918 qua
1661 2850 1872 2907 ratione

281 2956 386 2996 non
415 2940 588 2995 solum
621 2935 1040 2996 eireumcidatur
1078 2955 1212 3013 puer
1232 2983 1246 3008 ,
1281 2957 1467 3010 verum
1493 2942 1652 2997 etiam
1682 2953 1872 3000 octavo

278 3029 702 3091 eireumcidatur
717 3035 838 3102 die;
861 3035 1078 3107 quando
1102 3035 1288 3106 incipit
1307 3048 1480 3092 mater
1498 3036 1739 3108 pignoris
1762 3040 1871 3094 nati

281 3127 332 3182 in
365 3128 625 3198 sanguine
656 3143 777 3184 esse
810 3145 965 3199 puro,
995 3145 1114 3200 quae
1147 3141 1272 3184 ante
1302 3138 1553 3186 octavum
1585 3132 1730 3187 diem
1766 3132 1874 3187 fer-

2034 525 2087 581 9.
2121 524 2302 580 Donec
2321 525 2486 596 igitur
2517 526 2620 580 hoe
2645 526 2876 596 pretium
2903 539 3007 594 pro
3031 525 3289 580 omnibus
3315 523 3560 578 solvere-

1963 627 2049 672 tur
2076 616 2566 690 hominibqu
2588 615 2852 672 Dominici
2879 616 3157 685 sanguinis
3177 615 3441 672 eﬂ'usioue
3461 629 3562 685 pro

1958 712 2208 766 omnium
2255 711 2353 765 fuit
2387 711 2706 766 solvendum
2744 710 3121 776 absolutione,
3153 723 3288 779 opus
3325 708 3420 763 fuit
3447 713 3559 763 sin-

1961 802 2210 872 gulorum
2241 803 2537 874 sanguine,
2571 805 2661 874 qui
2694 802 2835 872 Lege
2872 812 2929 858 et
2971 800 3379 856 consuetudinis
3417 800 3558 869 ritu,

1962 911 2131 950 sacra:
2179 906 2448 966 praecepta
2497 903 2859 964 sequerentur
2918 895 3221 964 religionis.
3268 893 3379 949 Sed
3431 892 3558 963 quia

1963 989 2195 1060 pretium
2229 1004 2326 1058 pro
2349 987 2602 1042 omnibus
2628 987 2868 1044 solutum
2891 995 3009 1054 est,
3040 996 3388 1057 posteaquam
3436 995 3562 1056 pas-

1961 1096 2056 1138 sus
2099 1092 2184 1138 est
2232 1080 2484 1136 Christus
2533 1081 2824 1145 Dominus,
2866 1080 2976 1150 jam
3025 1096 3132 1136 non
3183 1097 3320 1152 opus
3348 1091 3469 1146 est,
3501 1091 3563 1136 ut

1961 1173 2160 1230 viritim
2210 1173 2430 1244 sanguis
2460 1173 2796 1245 singulorum
2823 1173 3237 1228 circumcisione
3268 1172 3558 1239 fundatur;

1961 1282 2083 1324 cum
2111 1268 2187 1324 'iu
2233 1267 2498 1340 sanguine
2545 1267 2747 1322 Christi
2792 1267 3139 1322 circumcisio
3183 1267 3560 1320 universorum

1961 1361 2233 1418 celebrata
2261 1362 2362 1427 sit,
2389 1371 2447 1417 et
2475 1362 2527 1417 iu
2559 1362 2703 1416 illius
2726 1375 2888 1416 cruce
2911 1376 3108 1416 omnes
3130 1361 3293 1415 simul
3319 1360 3563 1416 crucifixi

1961 1457 2133 1511 simus
2157 1470 2280 1511 cum
2309 1471 2410 1522 eo,
2437 1465 2494 1511 et
2517 1457 2823 1524 consepulti
2855 1457 2906 1509 in
2940 1456 3057 1524 ejus
3101 1456 3385 1526 sepulcro,
3413 1468 3564 1509 com-

1962 1548 2188 1618 plantati
2217 1547 2561 1603 similitudini
2593 1549 2786 1602 mortis
2827 1549 2981 1616 ejus,
3007 1555 3067 1602 ut
3109 1547 3249 1602 ultra
3293 1561 3400 1602 non
3440 1559 3560 1602 ser-

1964 1642 2172 1696 viamus
2220 1653 2444 1710 peccato
2473 1657 2486 1695 :
2517 1640 2620 1708 Qui
2660 1642 2802 1694 enim
2846 1650 3078 1694 mortuus
3105 1649 3181 1694 est
3203 1682 3216 1706 ,
3241 1640 3564 1712 jttstiﬁcaltta

1962 1744 2039 1789 est
2067 1747 2099 1787 α
2129 1743 2338 1805 peccato
2369 1733 2552 1805 (Rom.
2586 1749 2657 1798 vn,
2687 1734 2764 1804 7).

2040 1826 2124 1882 l0.
2153 1826 2307 1892 Quod
2335 1826 2382 1879 si
2407 1825 2564 1894 quis,
2599 1835 2622 1862 θ
2649 1835 2709 1879 ιιι
2735 1824 2973 1882 Marcion
3002 1831 3060 1880 et
3086 1823 3448 1891 Maniclmus,
3479 1837 3567 1880 re-

1966 1918 2414 1990 prehendendmn
2471 1919 2563 1974 Dei
2613 1927 2766 1989 putat
2803 1934 2926 1973 esse
2967 1917 3266 1988 judicium,
3303 1918 3429 1988 quia
3478 1917 3566 1972 vel

1967 2013 2248 2070 oraculum
2309 2012 2379 2067 de
2434 2011 2856 2068 circumcisione
2915 2011 3238 2065 celebranda
3293 2010 3568 2066 edendum

1971 2107 2176 2175 putavit
2205 2119 2362 2171 esse,
2395 2105 2478 2159 vel
2511 2105 2684 2174 lqem
2724 2120 2827 2173 qua
2872 2104 3154 2173 sanguinis
3180 2100 3372 2157 eli‘usio
3410 2117 3568 2157 man-

1968 2198 2162 2263 datur;
2199 2212 2424 2253 necesse
2449 2205 2534 2252 est
2566 2205 2624 2250 ut
2661 2197 2704 2250 is
2732 2197 2892 2250 etiam
2941 2195 3226 2253 Dominum
3267 2194 3454 2249 Jesum
3485 2207 3570 2249 re-

1971 2287 2416 2358 prehendendum
2465 2288 2762 2344 arbitretur
2790 2327 2804 2350 ,
2851 2286 2944 2356 qui
2985 2301 3094 2340 non
3142 2286 3397 2356 exiguum
3421 2326 3434 2350 ,
3468 2285 3564 2341 sed

1973 2382 2198 2438 multum
2225 2381 2542 2450 sanguinein
2572 2395 2671 2450 pro
2697 2379 2858 2447 hujus
2887 2379 3073 2432 mutuli
3104 2377 3287 2432 cli‘udit
3319 2377 3569 2447 redemp-

1973 2478 2117 2532 tione
2143 2515 2158 2540 ,
2193 2483 2250 2530 et
2295 2473 2566 2542 hodieque
2616 2487 2716 2528 nos
2759 2471 2984 2526 fundere
3029 2472 3188 2541 jubet
3235 2470 3558 2540 sanguinem

1974 2578 2222 2625 nostrum
2255 2582 2352 2636 pro
2377 2576 2527 2621 tanto
2553 2565 2832 2635 religionis
2857 2563 3158 2621 certamine
3178 2605 3192 2628 ,
3215 2563 3435 2618 dicens:
3468 2564 3570 2631 Qui

1974 2665 2080 2721 uult
2125 2680 2203 2717 me
2249 2663 2423 2732 sequi,
2455 2659 2604 2714 tollat
2648 2673 2849 2713 crucem
2896 2673 3075 2721 suam,
3107 2667 3155 2712 et
3200 2667 3445 2728 sequatur
3489 2673 3569 2711 me

1976 2756 2191 2831 (Manli.
2242 2769 2366 2820 xu,
2401 2752 2521 2825 24).
2565 2753 2622 2810 Si
2669 2761 2850 2806 autem
2905 2765 3248 2821 nequaquam
3292 2750 3436 2819 justa
3484 2759 3571 2804 est

1973 2849 2266 2914 accusatio,
2299 2863 2426 2902 cum
2454 2846 2649 2917 aliquis
2679 2857 2847 2900 totum
2869 2860 2931 2899 se
2967 2859 3064 2914 pro
3111 2843 3312 2914 pietate
3342 2841 3568 2910 offerat,

1975 2953 2032 2998 et
2061 2941 2216 2995 multi
2267 2939 2546 3010 sanguinis
2590 2953 2650 2993 se
2692 2937 2918 2992 mundet
2943 2937 3252 3001 effusione;
3296 2934 3571 3006 quomodo

1979 3035 2152 3105 legem
2194 3047 2485 3104 possumus
2515 3029 2951 3102 reprehendere,
2983 3029 3162 3100 exigui
3205 3029 3404 3084 stillam
3449 3029 3570 3084 exi-

1974 3138 2192 3198 gentem
2220 3126 2516 3196 sanguinis,
2541 3140 2664 3180 cum
2695 3123 3052 3194 pradicetnus
3077 3123 3359 3177 Dominum
3387 3121 3571 3177 Jesum

281 3229 367 3276 tur
398 3221 448 3275 in
473 3223 732 3293 sanguine
756 3223 1036 3277 immundo
1051 3223 1245 3279 sedere
1269 3222 1422 3295 (Gen.
1450 3226 1718 3297 xvn,12).
1747 3228 1873 3284 Ιιςοο
1901 3224 1944 3284 C
1979 3222 2137 3277 multi
2169 3218 2490 3276 etfusiouem
2519 3218 2827 3286 sanguinis,
2858 3227 2908 3270 et
2943 3217 3108 3272 totius
3134 3217 3382 3286 corporis
3426 3231 3572 3271 mor-

280 3312 568 3366 adversum
594 3327 689 3367 eos
708 3311 852 3366 dicta
879 3314 1114 3384 sint,qtti
1140 3313 1286 3368 nulla
1318 3314 1475 3372 nobis
1504 3316 1709 3372 unitate
1742 3318 1871 3374 ﬁdei

280 3407 588 3468 sociantur;
630 3413 687 3457 et
727 3404 849 3458 ideo
889 3415 1162 3474 tamquam
1207 3405 1494 3461 advorsum
1545 3407 1872 3466 dissidentes

279 3492 553 3549 difticilior
584 3494 892 3563 disputandi
925 3495 1094 3547 locus.

348 3589 402 3643 8.
439 3587 776 3657 ReSponsum
806 3596 984 3642 autem
1017 3586 1119 3642 sibi
1151 3587 1454 3657 huiusmodi
1486 3589 1752 3659 habeant,
1778 3595 1872 3663 qui

281 3682 510 3736 credunt
535 3683 585 3736 iu
619 3682 901 3736 Domiutnn
928 3681 1112 3737 Iesum
1130 3723 1144 3746 ,
1171 3682 1312 3752 quod
1343 3683 1545 3738 nudare
1573 3685 1868 3755 noluimus,

281 3793 401 3829 cmn
443 3775 730 3829 adversum
780 3773 1070 3846 opiniones
1114 3775 1394 3845 gentilium
1445 3778 1869 3846 disputaremus.

283 3868 412 3923 Nam
447 3868 488 3921 si
521 3867 785 3937 redempti
817 3882 1005 3922 sumus
1034 3882 1140 3922 non
1171 3868 1616 3938 corruptiliitibus
1645 3881 1874 3941 argento

283 3971 336 4015 et
361 3977 493 4015 auro
517 4003 531 4027 ,
561 3961 656 4016 sed
699 3961 936 4032 pretioso
964 3963 1227 4034 sanguine
1273 3963 1486 4018 Domini
1537 3965 1706 4019 nostri
1743 3965 1872 4023 Jesu

283 4055 479 4111 Christi
510 4055 551 4126 (1
577 4054 717 4109 Petr.
748 4071 763 4108 ι
790 4095 802 4119 ,
834 4055 932 4120 l8,
965 4054 1090 4124 ib);
1123 4072 1232 4126 quo
1257 4057 1445 4124 utique
1486 4058 1696 4130 1073
1743 4073 1874 4114 vcn~

282 4149 478 4217 dente,
505 4147 604 4202 nisi
631 4161 697 4202 eo
723 4143 748 4182 ά
775 4147 864 4217 qui
895 4155 1138 4201 nostrum
1162 4147 1274 4218 jam
1303 4150 1630 4218 peccatricis
1659 4164 1875 4206 succes-

283 4243 450 4300 sionis
469 4255 575 4296 a-re
592 4239 876 4310 qua-silum
899 4237 1182 4300 servitium
1205 4241 1552 4312 possidebat:
1573 4242 1694 4299 sine
1709 4242 1875 4298 dubio

285 4341 400 4410 ipse
439 4334 712 4406 flagitabat
756 4331 1026 4404 pretium,
1059 4341 1119 4387 ut
1165 4334 1390 4390 servitio
1438 4346 1694 4403 exueret,
1734 4350 1875 4408 quos

285 4429 498 4488 tenebat
530 4425 845 4483 obstrictos.
880 4423 1118 4480 Pretium
1149 4434 1330 4482 autem
1361 4435 1566 4482 nostra:
1593 4427 1874 4483 liberatio-

286 4525 367 4580 uis
394 4531 511 4579 erat
537 4521 757 4590 sanguis
785 4517 996 4574 Domini
1041 4517 1169 4576 Jesu
1188 4559 1202 4586 ,
1235 4519 1379 4592 quod
1423 4520 1736 4576 necess:irio
1763 4521 1876 4576 sol-

1979 3328 2084 3372 tem
2113 3317 2465 3384 imperantem
2485 3314 2507 3364 ‘!

2051 3408 2136 3463 Η.
2170 3405 2280 3461 Nec
2310 3405 2483 3475 ipsum
2516 3404 2945 3460 circumcisionis
2985 3407 3319 3476 signaculum
3361 3415 3413 3460 et
3445 3420 3572 3474 spe-

1977 3503 2090 3557 cies
2129 3499 2462 3565 feriabatur,
2491 3515 2599 3570 quo
2639 3500 2874 3570 populus
2904 3499 2998 3553 Dei
3033 3499 3177 3554 velut
3221 3500 3452 3569 quodam
3501 3503 3574 3554 si-

1973 3594 2106 3664 gillo
2168 3594 2411 3662 signatus
2469 3591 2719 3661 corporis
2750 3632 2763 3654 ,
2812 3590 3225 3645 discernebatur
3273 3607 3301 3646 a
3357 3594 3573 3647 cauet-is

1978 3686 2314 3741 nationibus.
2359 3684 2514 3739 Nune
2567 3695 2748 3738 autem
2799 3682 3000 3738 ChriSIi
3059 3682 3291 3736 donatus
3351 3683 3574 3740 nomine

1976 3781 2188 3850 signum
2218 3778 2461 3846 corporis
2494 3791 2830 3846 nequaquam
2860 3776 3126 3846 requirit,
3158 3777 3247 3846 qui
3294 3791 3569 3846 praeroga-

1977 3874 2140 3927 tivam
2189 3870 2386 3924 divina:
2447 3870 2643 3922 meruit
2692 3868 3130 3937 nuncupationis.
3186 3868 3329 3934 Quid
3387 3877 3570 3924 autent

1979 3961 2272 4018 absurdum
2305 3961 2349 4014 si
2381 3967 2605 4030 prepter
2637 3959 2890 4028 pietatem
2919 3959 3119 4027 aliquid
3149 3958 3358 4014 doloris
3385 3960 3469 4014 vel
3499 3961 3580 4014 la-

1977 4055 2128 4112 boris
2150 4053 2335 4110 inferri
2362 4051 2666 4116 videbatur,
2685 4065 2790 4118 quo
2818 4051 2940 4120 plus
2957 4050 3174 4105 devotio
3202 4065 3296 4121 per
3320 4053 3434 4108 haec
3455 4069 3577 4108 eer-

1983 4151 2183 4206 lamina
2208 4145 2571 4218 probaretur?
2598 4145 2891 4199 Pulchrum
2914 4146 3076 4200 etiam
3108 4157 3162 4199 ut
3199 4147 3266 4200 ab
3292 4149 3420 4217 ipsis
3453 4148 3578 4203 vita:

1979 4239 2319 4297 incunabulis
2347 4238 2559 4308 insigne
2585 4238 2865 4307 religionis
2888 4238 3245 4304 adolesceret,
3269 4248 3322 4292 et
3348 4239 3575 4308 puderet

1981 4347 2418 4406 unumquemque
2435 4333 2610 4387 :etatis
2628 4332 2988 4402 provectioris
3011 4333 3092 4386 vel
3117 4332 3399 4397 labori,vel
3415 4331 3570 4386 dolo-

1981 4431 2024 4486 ri
2052 4427 2520 4497 cedere,quorum
2551 4435 2842 4495 utrumque
2869 4433 3054 4480 tenera
3082 4425 3306 4480 infantia
3330 4425 3570 4482 vicisset.

2055 4522 2140 4578 t2.
2173 4519 2278 4578 Sed
2315 4521 2424 4589 jam
2466 4519 2572 4574 levi
2603 4519 3034 4575 circumcisiouis
3059 4519 3250 4575 dolore
3287 4534 3392 4574 non
3434 4533 3570 4590 opus

357 4648 382 4676 ⁸
424 4637 496 4716 ita
530 4644 636 4692 vet.
655 4635 792 4690 edit.
823 4648 886 4689 ac
914 4647 1048 4715 mss.
1083 4649 1253 4716 prope
1277 4633 1346 4690 ad
1377 4645 1543 4716 unum
1579 4653 1591 4688 :
1618 4635 1749 4691 edit.
1779 4651 1876 4716 an.
1903 4641 1956 4701 ι)
1971 4636 2108 4716 join.
2129 4631 2466 4716 pbservabis
2484 4637 2666 4716 autem
2690 4631 2865 4714 obiter
2895 4632 3194 4716 hispaucis
3215 4635 3396 4716 verbis
3423 4634 3570 4689 clare

286 4717 390 4764 tem
448 4709 603 4773 item.
651 4722 863 4773 operam
908 4705 1213 4773 impendunt
1267 4722 1433 4762 suam.
1494 4706 1768 4764 Cancrum
1806 4709 1877 4764 de

287 4779 476 4848 peritia
505 4772 882 4849 Egyptiormn
914 4772 1400 4849 iu'matliematicis
1429 4775 1727 4849 disciplinis
1771 4795 1874 4834 non

287 4847 451 4905 semel
477 4847 868 4918 alibi'loquitur
895 4847 1234 4902 Ambrosius.

357 4919 383 4958 ι)
423 4920 543 4974 V'et.
586 4919 718 4974 edit.
772 4927 825 4972 et
855 4933 986 4971 mss.
1037 4919 1316 4983 nonnulli,
1343 4921 1477 4973 riam
1502 4936 1688 4985 suum;
1717 4920 1875 4975 Rom.

288 4990 417 5048 edit.
451 5005 514 5045 ac
541 4991 725 5060 plures
754 5003 912 5060 m_ss.,
941 4990 1043 5043 vim
1073 5007 1244 5048 suam.

363 5074 384 5099 ο
420 5057 573 5130 Apud
607 5057 893 5130 Egyptios
923 5077 1028 5113 non
1057 5062 1234 5115 Solum
1267 5076 1444 5116 mares
1471 5104 1484 5122 .
1519 5060 1613 5115 sed
1646 5061 1877 5116 feminas

289 5133 449 5188 etiam
481 5133 792 5186 circumculi
839 5131 1031 5186 solitas
1073 5148 1137 5187 ex
1171 5133 1484 5187 tcStimOnio
1511 5134 1873 5202 quorumdam

291 5204 454 5258 refert
497 5211 716 5257 sanctus
763 5202 960 5256 Doctor
1005 5201 1097 5256 lib.
1146 5219 1181 5258 ιι
1235 5203 1302 5256 de
1357 5201 1562 5258 Abrali.
1612 5218 1736 5272 cap.
1786 5205 1875 5270 Η,

289 5292 436 5330 ntnn.
472 5274 561 5329 78.
600 5275 671 5328 lie
701 5273 807 5326 illis
835 5287 966 5328 vero
995 5275 1317 5342 caiterisque
1347 5274 1675 5344 nationibus,
1711 5292 1736 5327 a
1761 5277 1876 5344 qui-

291 5347 387 5401 lius
411 5356 722 5413 usurpatam
751 5343 1221 5413 circuiticisionetn
1242 5343 1382 5400 idem
1403 5342 1507 5401 hoc
1530 5342 1882 5406 narraucitn-

289 5418 386 5471 suli
405 5412 625 5487 possunt
655 5412 926 5487 .losepbus
947 5416 1128 5485 Autiq.
1151 5418 1243 5470 lib.
1269 5433 1305 5482 I,
1323 5433 1442 5486 cap.
1472 5418 1628 5483 l3,et
1653 5419 1876 5482 lib.vm,

289 5485 418 5558 cap.
440 5490 497 5554 4,
526 5487 864 5560 Epiphanius
891 5485 1093 5560 llajresi
1129 5488 1231 5553 50,
1265 5485 1416 5560 num.
1441 5489 1532 5552 30.
1565 5501 1613 5542 et
1649 5489 1881 5560 Polydo-

290 5556 379 5616 rus
409 5575 530 5628 cap.
565 5559 619 5622 5,
638 5556 726 5632 ubi
756 5557 909 5632 inter
931 5556 1067 5632 alios
1095 5569 1350 5614 auctores
1371 5559 1696 5632 Cyprianum
1723 5556 1880 5632 citat.

288 5633 379 5688 sed
413 5625 665 5686 sermone
682 5629 857 5702 eidem
886 5625 1029 5702 Patri
1054 5628 1106 5684 in
1129 5632 1368 5700 antiquis
1545 5625 1882 5690 editionibus

291 5717 569 5775 pet-peram
592 5701 851 5758 attribute
875 5697 1158 5770 deceptus.

366 5775 391 5814 ἀ
433 5778 654 5832 Ainerb.
690 5785 744 5834 et
768 5775 926 5849 Rom.
956 5778 1088 5836 edit.
1113 5797 1236 5839 eum
1265 5779 1451 5849 paucis
1478 5779 1741 5848 mss.,qui
1769 5793 1890 5834 naso

307 5865 389 5908 Iro
418 5857 542 5922 iam.
577 5850 732 5906 Eras.
763 5865 824 5905 ac
845 5847 970 5906 Gill.
1002 5869 1124 5932 cum
1155 5847 1378 5924 reliquis
1409 5851 1528 5906 cod.
1557 5853 1642 5920 qui
1665 5847 1895 5906 nostrum

1981 4705 2291 4777 primigenii
2317 4705 2525 4777 peccati
2555 4704 2958 4777 successionem
2989 4704 3270 4759 insinuari.

2055 4787 2078 4814 ο
2117 4781 2250 4830 Cum
2283 4776 2367 4828 isti
2397 4774 2660 4830 haeretici.
2720 4789 2772 4828 ιιι
2803 4775 2912 4840 jam
2960 4790 2988 4828 a
3035 4777 3190 4830 nobis
3220 4777 3565 4832 observatum

1981 4856 2099 4911 est,
2129 4855 2298 4901 totum
2323 4845 2528 4916 antiqui
2559 4845 2773 4900 feederis
2798 4845 3214 4900 instrumentum
3249 4848 3534 4914 t'ejiccrent
3554 4890 3569 4912 ,

1982 4921 2148 4974 immo
2201 4921 2363 4971 etiam
2399 4919 2562 4970 Deum
2590 4917 2748 4985 Legis
2779 4927 3083 4981 auctorem,
3139 4931 3195 4971 ut
3240 4921 3569 4987 Augustinus

1983 4991 2073 5046 lib.
2099 4991 2168 5046 de
2199 4993 2402 5044 “teres.
2435 5003 2558 5056 cap.
2588 4987 2643 5051 4,
2671 4990 2737 5040 de
2759 4989 3070 5042 Mauiehmis
3100 4991 3432 5052 testificatur,
3462 5008 3566 5044 non

1986 5063 2152 5117 Deum
2198 5063 2398 5115 bonum
2420 5100 2435 5122 ,
2468 5061 2564 5112 sed
2598 5075 2764 5112 unum
2797 5075 2827 5114 e
2859 5060 3192 5129 principibus
3223 5061 3566 5115 tenebrarum

1980 5149 2101 5189 esse
2141 5133 2448 5194 crederent,
2480 5145 2820 5200 consequens
2847 5141 2966 5184 erat
3017 5141 3074 5185 nt
3099 5131 3565 5188 circumcisioncm

1983 5204 2420 5270 proscribereut,
2449 5211 2506 5255 ut
2554 5211 2678 5269 pote
2727 5205 2777 5255 in
2817 5201 2960 5270 Lege
2990 5205 3155 5257 veteri
3199 5205 3568 5259 constitutam.

1981 5277 2088 5332 Sed
2109 5291 2232 5330 cum
2257 5275 2630 5329 haereticorum
2657 5278 2720 5325 sit
2767 5288 3023 5328 excessus
3046 5288 3236 5328 omnes
3265 5291 3413 5329 same
3445 5277 3576 5329 doe-

1985 5349 2142 5402 trime
2169 5347 2447 5415 oppositos
2472 5359 2688 5412 semper
2713 5345 2876 5408 tueri,
2912 5360 3014 5398 non
3039 5343 3262 5399 defuere
3281 5389 3294 5410 ,
3323 5348 3410 5416 qui
3443 5346 3575 5400 reti-

1989 5419 2220 5472 nendam
2251 5418 2413 5471 etiam
2445 5416 2550 5470 sub
2581 5416 2872 5484 Evangelio
2921 5418 3194 5470 carnalem
3227 5418 3365 5470 hane
3393 5435 3577 5487 ampu-

1990 5488 2246 5543 tationem
2278 5488 2686 5555 profiterentur.
2723 5487 3043 5554 Hujusmodi
3089 5488 3256 5544 fuisse
3298 5489 3580 5543 Eliionitas

1991 5577 2054 5618 ac
2100 5557 2549 5631 Symmachionos
2614 5559 2806 5613 litteris
2862 5559 3185 5631 mandarunt
3248 5560 3582 5629 Epiphanius

1996 5629 2200 5694 nmen
2225 5629 2313 5692 30,
2347 5629 2681 5698 Augustinus
2723 5631 2817 5684 lib.
2858 5629 2928 5683 de
2959 5631 3165 5684 lltercs.
3196 5643 3314 5698 cap.
3345 5633 3378 5686 9
3405 5640 3459 5684 et
3493 5632 3578 5696 lt),

1997 5705 2089 5759 lib.
2128 5721 2142 5760 ι
2196 5712 2384 5757 contra
2424 5699 2686 5756 Crescou.
2735 5718 2856 5772 cap.
2887 5703 2978 5769 51,
3025 5714 3082 5758 et
3112 5703 3203 5758 lib.
3256 5719 3345 5757 xix
3394 5713 3584 5760 contra

1997 5777 2181 5833 Faust.
2215 5789 2334 5844 cap.
2371 5774 2469 5840 t8,
2496 5773 2820 5845 Philostrius
2851 5785 3009 5848 atque
3029 5776 3140 5832 alii.
