4076 6172
522 258 664 317 1247

525 472 738 537 ferens,
769 480 797 508 ει
825 485 922 541 per
948 478 1224 526 momenta
1247 468 1459 539 singula
1489 466 1654 523 fronti
1683 467 1914 538 propria:
1935 465 2127 521 mortis

526 570 901 631 contemptum
941 561 1226 628 inscribit,
1259 568 1451 633 utpote
1482 558 1700 632 1075
1727 558 1819 631 qui
1842 559 1981 615 sciat
2009 559 2128 613 sine

523 669 688 713 cruce
740 654 958 710 Domini
1006 654 1238 710 salutem
1284 668 1346 709 se
1393 652 1596 708 habere
1633 666 1742 707 non
1786 665 1967 723 posse.
1996 650 2130 717 Quis

523 749 671 807 enim
699 762 799 804 acu
823 757 1008 804 utatur
1031 748 1097 805 ad
1126 746 1477 820 praeliaudum
1495 789 1509 812 ,
1534 760 1657 801 cum
1686 744 1808 802 telis
1829 745 2129 800 instructus

525 843 599 899 sit
623 840 1018 898 validioribus?

564 970 565 977 η
598 937 689 992 15.
730 934 849 991 Jam
880 934 1013 990 illud
1065 934 1243 1008 quivis
1270 934 1428 991 facile
1452 931 1816 991 refellendum
1853 932 2090 989 advertit
2114 973 2128 996 ,

525 1025 650 1098 quia
677 1025 1014 1098 propositum
1044 1033 1130 1082 est
1152 1026 1444 1098 plerosque
1470 1025 1715 1097 potuisse
1742 1024 1811 1080 ad
1854 1038 2025 1080 sacrae
2045 1039 2131 1080 re-

528 1121 747 1193 ligionis
801 1121 1089 1192 provocari
1134 1120 1493 1192 obsequium,
1544 1119 1652 1175 nisi
1705 1129 1889 1175 essent
1927 1118 2132 1174 doloris

529 1210 754 1279 timore,
790 1210 877 1266 vel
924 1208 1127 1266 laboris
1162 1210 1409 1266 contuitu
1441 1208 1700 1265 revocati.
1732 1208 1801 1263 Et
1827 1208 2002 1278 potuit
2030 1206 2134 1262 hoc

527 1314 737 1361 terrere
758 1302 1047 1374 majorem,
1070 1302 1215 1373 quod
1238 1302 1491 1359 intautuli
1520 1302 1763 1372 plerique
1792 1302 2134 1357 sustinebant

524 1397 648 1454 sine
677 1396 953 1469 periculo?
985 1396 1116 1453 Esto
1146 1406 1327 1451 tamen
1353 1395 1564 1466 aliquos
1594 1392 1891 1449 infantulos
1918 1392 2134 1448 1υάωο-

529 1503 673 1556 rum,
698 1503 821 1545 cum
843 1488 1092 1546 dolorem
1123 1488 1436 1544 circumcisi
1459 1485 1708 1557 corporis
1724 1486 2006 1557 plagasque
2027 1487 2136 1542 fer-

531 1581 712 1637 ventis
739 1582 1014 1638 sustinere
1043 1595 1148 1636 non
1176 1580 1478 1651 potuerint,
1503 1577 1790 1635 defunctos
1815 1576 1981 1632 fuisse
2002 1596 2014 1634 :
2036 1578 2133 1633 sed

532 1670 636 1727 hoc
663 1684 765 1728 nec
794 1681 1031 1728 caeteros
1057 1669 1374 1727 deterrebat
1401 1669 1729 1741 provectiori
1752 1678 1911 1724 aetate
1942 1668 2133 1724 robus-

1881 251 2126 311 SANCTI
2164 251 2489 313 AMBROSII

524 387 611 435 est
636 376 947 433 Christiano
975 373 1209 446 populo,
1238 372 1329 445 qui
1374 379 1609 429 mortem
1640 370 1856 427 Domini
1887 371 2127 427 circum-
2153 374 2208 434 Α
2230 386 2348 427 rum
2368 413 2383 435 ,
2432 370 2718 441 virginitas
2756 371 3102 442 puellarum,
3136 372 3471 429 abstinentia
3501 373 3812 429 viduarum
3844 414 3867 439 ,
3940 370 3953 375 ’

3694 250 3872 311 1218

2230 462 2560 519 continentia
2591 462 2884 535 coujugum
2912 465 3275 536 praedicatur?
3302 465 3522 521 Nullum
3552 479 3691 536 ergo
3725 473 3873 520 stu-

2230 558 2381 614 dium
2410 555 2721 626 quterenda:
2749 555 3116 613 successionis
3136 556 3321 613 leriari
3345 556 3553 612 debuit.
3590 555 3699 612 Sed
3721 554 3868 627 ipse

2231 660 2425 707 auctor
2451 660 2662 707 natura:
2688 665 2792 706 non
2825 651 3011 722 utique
3040 650 3383 722 generationi
3401 650 3703 706 obsecutus
3730 658 3861 715 est,

2232 744 2324 815 qui
2351 743 2420 799 de
2441 758 2531 811 se,
2564 758 2684 800 cum
2718 752 2865 799 esset
2889 743 2946 799 in
2975 758 3206 814 corpore
3225 742 3577 810 constitutus,
3602 741 3865 814 prmbuit

2235 836 2606 905 magisterium
2632 878 2647 902 ,
2708 835 2921 908 1075
2951 845 3008 891 et
3039 837 3289 892 hortatus
3318 843 3405 892 est
3431 835 3735 906 discipulos
3768 834 3852 889 ad

2235 929 2619 1000 integritatem,
2642 928 2829 985 dicetis
2858 948 2872 984 :
2898 929 3039 984 Sunt
3074 929 3353 998 spadones,
3382 929 3472 1000 qui
3500 945 3555 984 se
3570 936 3823 983 castrave

2234 1031 2355 1075 runt
2382 1031 2593 1092 propter
2619 1036 2832 1092 regnum
2863 1022 3141 1088 caelorum;
3198 1022 3288 1093 qui
3316 1030 3482 1092 potest
3507 1036 3712 1093 capere,
3749 1036 3856 1074 ca-

2236 1117 2344 1188 piat
2370 1114 2586 1189 (Matth.
2620 1132 2735 1181 nx,
2764 1115 2877 1187 12).

2311 1209 2397 1263 17.
2431 1209 2565 1263 Cum
2595 1210 2668 1264 sit
2706 1219 2888 1265 autem
2932 1208 3095 1265 homo
3121 1210 3460 1282 compositus
3502 1226 3570 1267 ex
3597 1223 3852 1280 corpore

2236 1309 2292 1355 et
2322 1301 2503 1355 anima
2538 1300 2698 1372 (satis
2724 1308 2810 1356 est
2838 1301 2983 1356 enim
3015 1302 3234 1357 interim
3258 1302 3362 1357 hoc
3387 1300 3592 1369 dicere,
3620 1299 3647 1339 ιι
3674 1310 3737 1355 ct
3765 1301 3853 1356 si-

2238 1393 2354 1449 lere
2383 1392 2452 1449 de
2484 1392 2701 1466 spiritu)
2724 1403 2868 1449 cnou
2897 1404 2983 1449 est
3010 1394 3063 1449 in
3097 1403 3327 1466 utroque
3359 1392 3501 1450 idem
3530 1392 3849 1449 secundum

2239 1496 2525 1543 naturam:
2560 1486 2655 1542 sed
2678 1486 2822 1558 quod
2850 1497 2933 1543 est
2961 1487 3257 1544 secundum
3288 1488 3535 1558 corporis
3556 1495 3845 1551 naturam,

2240 1579 2291 1635 id
2318 1588 2511 1635 contra
2553 1589 2803 1635 naturam
2853 1592 2938 1635 εει
2969 1581 3205 1647 animae;
3238 1590 3294 1636 et
3341 1579 3485 1652 quod
3532 1578 3847 1636 secundum

2241 1684 2490 1728 naturant
2514 1683 2598 1729 est
2626 1674 2848 1740 animae,
2878 1673 2929 1729 id
2958 1684 3146 1730 contra
3173 1684 3422 1728 naturam
3448 1681 3534 1729 est
3561 1673 3842 1742 corporis;

533 1775 651 1833 tos,
707 1776 764 1822 et
789 1764 1209 1823 laudabiliorem
1262 1766 1499 1824 faciebat
1551 1781 1696 1833 eum,
1729 1766 1820 1837 qui
1851 1767 2138 1838 praeceptis
2168 1768 2216 1827 B
2243 1775 2300 1822 ut
2324 1767 2368 1821 si
2393 1765 2568 1822 dicam
2601 1766 2745 1838 quod
2777 1766 3074 1823 secundum
3108 1775 3350 1822 naturam
3396 1775 3481 1820 est
3520 1765 3749 1831 visibili,
3785 1764 3848 1819 id

530 1856 808 1915 obedisset
833 1858 1166 1916 etelestibus.

608 1952 698 2008 M.
726 1951 883 2020 Quod
911 1952 958 2007 si
985 1951 1091 2009 hoc
1118 1952 1170 2008 in
1202 1953 1400 2024 exiguo
1424 1952 1617 2009 dolore
1647 1952 1981 2008 arbitrantur
1999 1966 2133 2009 cou-

535 2043 791 2100 t‘essionis
813 2043 982 2101 fuisse
1003 2045 1369 2113 obstaculum,
1392 2044 1520 2115 quid
1543 2043 1613 2101 de
1638 2045 1900 2118 martyrio
1912 2045 2136 2102 dicunt?

536 2132 670 2190 Nam
693 2135 737 2190 si
766 2136 1178 2211 reprehendunt
1217 2136 1652 2194 circumcisionis
1701 2138 1946 2194 dolorem
1973 2181 1989 2206 ,
2041 2153 2133 2194 re-

538 2228 880 2299 prehendant
895 2243 950 2286 et
972 2242 1270 2304 martyrum
1290 2240 1544 2300 mortem,
1569 2247 1667 2302 per
1681 2246 1819 2304 quos
1837 2232 2131 2297 cumulata,

538 2337 646 2377 non
680 2323 888 2379 minuta
944 2324 1138 2395 religio
1181 2332 1284 2381 est.
1330 2324 1388 2380 In
1417 2333 1626 2381 tantum
1650 2334 1830 2381 autem
1854 2325 2007 2381 abest
2033 2340 2133 2381 no-

537 2414 715 2470 cuisse
740 2414 867 2472 fidei
886 2415 1324 2474 circumcisionis
1342 2416 1611 2485 dolorem,
1638 2426 1694 2472 ut
1710 2417 2133 2489 probabiliorem

540 2505 703 2562 tidem
749 2504 914 2563 faciat
941 2507 1133 2575 dolor;
1189 2511 1365 2580 major
1386 2510 1532 2566 enim
1556 2508 1680 2566 tldei
1702 2511 1897 2581 gratia,
1942 2512 2136 2584 siquis

537 2612 637 2669 pro
656 2598 927 2670 religione
953 2609 1270 2658 contemnat
1296 2602 1542 2658 dolorem
1576 2619 1590 2655 :
1648 2612 1705 2658 et
1732 2602 1819 2658 hic
1848 2605 2021 2675 magis
2043 2605 2135 2659 ha-

535 2690 627 2745 bet
656 2691 939 2760 praemium
987 2709 1152 2764 quam
1181 2694 1274 2749 ille
1298 2735 1314 2762 ,
1369 2695 1459 2765 qui
1493 2693 1617 2750 ideo
1673 2695 1917 2751 dolorem
1962 2696 2138 2751 voluit

537 2783 978 2840 circumcisionis
1017 2785 1228 2853 subire,
1257 2796 1315 2842 ut
1333 2787 1662 2858 gloriaretur
1694 2788 1747 2843 in
1776 2787 1920 2858 Lege
1943 2798 1998 2844 et
2023 2789 2137 2845 lau-

540 2878 663 2932 dem
694 2894 759 2933 ex
798 2877 1113 2935 hominibus
1138 2879 1308 2948 magis
1334 2895 1496 2951 quam
1528 2897 1594 2935 ex
1621 2880 1734 2935 Deo
1769 2891 2059 2952 qumrerct.

614 2970 703 3024 15.
738 2970 990 3040 Oportuit
1040 2971 1204 3041 igitur
1230 2971 1703 3029 circumcisionem
1734 2980 1988 3045 exiparte
2018 2974 2134 3029 ﬁeri

541 3074 668 3119 ante
688 3063 806 3133 ejus
832 3064 1147 3132 adventum,
1198 3067 1288 3136 qui
1313 3074 1486 3121 totum
1514 3066 1931 3122 circumcideret
1961 3067 2137 3122 homi-

2240 1870 2432 1915 contra
2477 1868 2729 1914 naturam
2760 1868 2843 1915 est
2871 1860 2943 1927 ei,
2976 1859 3121 1930 quod
3151 1875 3256 1931 ttou
3288 1858 3537 1921 videtur;
3589 1866 3644 1913 et
3685 1856 3846 1927 quod

2239 1951 2536 2008 secundum
2564 1962 2811 2008 naturam
2841 1960 2925 2008 est
2942 1953 3014 2018 ei,
3044 1951 3188 2022 quod
3213 1966 3320 2007 non
3346 1950 3592 2017 videtur,
3615 1948 3671 2005 id
3701 1964 3845 2004 con-

2241 2054 2322 2100 tra
2350 2053 2600 2100 naturam
2628 2053 2713 2101 cst
2732 2044 2954 2101 visibili.
2989 2044 3131 2101 Nihil
3160 2060 3290 2116 ergo
3326 2044 3690 2115 incongruum
3718 2040 3745 2079 δ
3782 2042 3842 2098 in

2241 2138 2554 2194 hominibus
2585 2139 2684 2194 Dei
2711 2180 2725 2203 ,
2764 2140 2806 2193 si
2837 2137 2972 2193 ﬂant
3000 2138 3180 2208 aliqua
3210 2144 3400 2192 contra
3431 2146 3679 2191 naturam
3710 2148 3841 2189 cor-

2242 2233 2407 2303 poris,
2436 2248 2557 2303 qua:
2596 2233 2707 2286 sint
2734 2230 3032 2288 secundum
3060 2231 3255 2286 animae
3282 2239 3557 2286 naturam.

2313 2323 2719 2393 18.Quiautem
2745 2323 2935 2379 dicunt
2957 2324 3214 2394 quoniam
3241 2323 3423 2394 plures
3445 2320 3835 2385 credidissent.

2239 2415 2285 2470 si
2315 2416 2667 2471 circumcisio
2704 2430 2810 2472 non
2862 2414 3087 2483 fuisset,
3127 2414 3164 2471 ii
3207 2415 3312 2471 sibi
3362 2428 3682 2487 reSponsum
3730 2412 3838 2467 hoc

2240 2508 2500 2575 habeant,
2528 2509 2782 2580 quoniam
2811 2509 2994 2580 plures
3021 2508 3333 2575 crederent,
3365 2509 3410 2564 si
3435 2509 3693 2580 tuartyria
3724 2521 3834 2562 non

2239 2604 2508 2661 fuissent:
2537 2606 2631 2660 sed
2675 2604 3026 2676 prmstantior
3060 2614 3145 2660 est
3189 2603 3451 2660 fortitudo
3492 2617 3788 2674 paucorum
3816 2644 3831 2667 ,

2239 2712 2401 2768 quam
2445 2696 2699 2753 remissio
2744 2697 3128 2768 plurimorum.
3172 2695 3328 2753 Sicut
3372 2705 3557 2751 autem
3601 2694 3830 2767 plurima

2239 2792 2624 2862 baptismatum
2654 2806 2854 2863 genera
2878 2792 3159 2861 prmmissa
3186 2800 3343 2856 sunt,
3367 2789 3494 2862 quia
3516 2797 3831 2845 secuturum

2239 2892 2357 2939 erat
2386 2899 2573 2939 verum
2601 2883 2733 2939 illud
2769 2899 2934 2939 unum
2968 2883 3021 2937 iu
3053 2883 3246 2954 spiritu
3276 2891 3332 2938 et
3355 2897 3492 2952 aqua
3520 2892 3831 2936 sacramen-

2241 2984 2353 3032 tum
2384 2977 2747 3047 baptismatis,
2777 2990 2885 3046 quo
2908 2984 3056 3031 totus
3084 2975 3369 3030 redimitur
3390 2973 3552 3029 homo
3576 2990 3589 3025 :
3618 2972 3688 3026 ita
3712 2970 3834 3042 plu-

2239 3071 2503 3126 rimorum
2539 3080 2562 3109 θ
2593 3069 2940 3126 circumcisio
2968 3068 3347 3141 prtemittenda
3388 3067 3485 3121 luit
3528 3083 3544 3132 ;
3595 3065 3719 3136 quia
3747 3080 3835 3119 se-

542 3170 700 3221 nem;
730 3170 798 3210 ex
824 3164 978 3226 parte
1009 3158 1155 3213 enim
1181 3157 1370 3213 debuit
1396 3173 1717 3215 assuescere
1745 3162 1978 3216 humana
2006 3175 2137 3216 con-
2165 3156 2210 3219 C
2240 3174 2434 3222 cutura
2465 3173 2586 3220 erat
2629 3163 2979 3220 circumcisio
3010 3163 3307 3218 Dominicre
3352 3159 3641 3232 passionis,
3675 3174 3833 3228 quant

543 3244 679 3301 ditio
701 3286 716 3312 ,
749 3246 1208 3316 quemadmodum
1257 3248 1310 3303 iu
1344 3249 1396 3303 id
1418 3289 1435 3315 ,
1489 3248 1634 3319 qttod
1687 3246 1986 3318 perfectura
2018 3258 2135 3315 est,

543 3338 879 3395 crederetur.
934 3338 991 3396 Si
1037 3350 1217 3395 autem
1267 3341 1512 3412 oportuit
1568 3341 1908 3413 circumcidi,
1944 3342 1996 3396 iu
2034 3359 2137 3414 qua

542 3431 716 3501 magis
755 3439 909 3502 parte
962 3431 1334 3488 membrorum
1380 3434 1625 3503 oportuit
1667 3433 2136 3491 circumcisionem

546 3522 665 3578 tieri
694 3537 855 3593 quam
875 3523 927 3578 iu
955 3537 1185 3594 ca,'qu:e
1202 3523 1525 3594 quibusdam
1543 3523 1757 3580 videtur
1775 3526 2141 3582 inhonestior?

545 3614 616 3671 Ut
644 3616 711 3671 iis
730 3627 1160 3689 quteputarentur
1186 3618 1503 3690 ignobiliora
1524 3635 1633 3674 esse
1653 3619 1881 3674 membra
1907 3624 2142 3692 corporis

543 3711 737 3779 nostri,
770 3711 1089 3767 honestatem
1120 3710 1577 3767 abundantiorem
1624 3712 2006 3768 circumdarent
2034 3730 2052 3768 :
2096 3725 2142 3768 et

542 3818 658 3874 quia
693 3803 966 3859 inhonesta
991 3816 1113 3859 sunt
1138 3814 1336 3869 ucstra,
1371 3803 1691 3859 honestatem
1710 3804 2140 3860 abundantiorem

544 3899 789 3955 haberent
819 3899 863 3972 (ι
892 3898 1130 3966 Coram,
1159 3898 1277 3972 23).
1304 3899 1408 3956 Ubi
1434 3901 1581 3955 enim
1612 3900 1784 3971 magis
1809 3900 1891 3955 vir
1919 3900 2141 3973 sangui-

544 3992 630 4046 nis
660 3991 744 4046 sui
770 3990 1052 4048 admoneri
1084 3991 1291 4057 debuit,
1314 4007 1477 4063 quam
1515 3993 1567 4047 in
1595 4007 1657 4048 ea
1689 4002 1860 4062 parte,
1894 4008 2016 4063 qua:
2042 3992 2141 4050 mi-

546 4082 835 4138 nisterium
863 4084 1039 4140 errori
1062 4083 1304 4140 exhibet.

618 4175 706 4232 t6.
748 4174 902 4232 Nunc
959 4187 1171 4247 tempus
1231 4185 1317 4233 est
1347 4186 1407 4233 ut
1452 4186 1509 4233 et
1555 4177 1663 4234 illis
1712 4177 2141 4249 respondeamus

543 4269 636 4339 qui
655 4268 866 4337 dicunt,
895 4269 941 4324 si
987 4284 1049 4324 ea
1084 4283 1213 4339 pars
1240 4270 1491 4340 corporis
1517 4270 1691 4326 nostri
1717 4269 2017 4326 secundum
2046 4286 2141 4325 na-

545 4370 723 4417 turam
751 4371 856 4428 est,
881 4375 1223 4432 nequaquam
1259 4376 1379 4417 eam
1414 4362 1683 4432 amputari
1713 4362 2019 4432 oportuisse
2048 4378 2061 4415 :
2094 4363 2142 4417 si

545 4467 653 4510 non
694 4462 780 4509 est
832 4453 1129 4509 secundum
1179 4463 1462 4521 naturam,
1515 4469 1622 4510 non
1679 4452 1937 4510 debuisse
1979 4454 2142 4510 simul

544 4549 714 4603 nasci.
740 4547 841 4617 Qui
865 4548 1125 4618 quoniam
1159 4558 1268 4602 tam
1300 4550 1475 4620 arguti
1499 4559 1647 4616 sunt,
1670 4560 1727 4606 et
1751 4550 1853 4621 ipsi
1876 4549 2009 4605 mihi
2028 4566 2143 4608 res-

544 4645 816 4713 pondeaut
837 4687 852 4711 ,
907 4654 1086 4700 utrum
1115 4647 1412 4702 secundum
1445 4656 1691 4702 naturam
1730 4646 2006 4702 successio
2038 4649 2141 4702 hu-

544 4752 702 4793 mana
724 4738 817 4805 sit,
841 4753 962 4809 quas
992 4738 1439 4810 generationibus
1492 4739 1788 4808 adolescit,
1835 4754 1905 4795 an
1951 4749 2142 4797 contra

540 4837 815 4885 naturam.
841 4830 901 4886 Si
928 4830 1075 4887 enim
1102 4831 1401 4888 secundum
1433 4842 1706 4901 naturam,
1733 4848 2026 4905 numquam
2049 4832 2142 4905 igi-

545 4930 634 4976 tur
663 4921 1075 4979 intermittenda
1129 4933 1215 4980 est
1248 4942 1261 4978 :
1291 4935 1347 4980 et
1380 4924 1655 4995 quomodo
1684 4925 1971 4995 integritas
1995 4926 2144 4981 viro-

566 5136 578 5148 .
611 5080 636 5108 τι
678 5069 1080 5148 Eodem-sensu
1138 5066 1232 5121 lib.
1264 5067 1332 5122 de
1363 5066 1496 5148 Fide
1536 5067 1787 5133 Resurr.,
1827 5068 1999 5123 Morte
2025 5072 2136 5148 ejus

535 5137 1099 5214 signantur,_inqtt_i_t_,
1151 5147 1367 5214 mortem
1416 5137 1546 5214 ejus_
1608 5137 2139 5214 orantesannunt'iu-

537 5209 679 5279 nius,
708 5224 815 5268 etc.
837 5209 1212 5282 Tertullianus
1237 5210 1399 5265 etiam
1417 5209 1487 5265 de
1507 5209 1721 5266 Corona
1744 5212 1899 5267 Milit.
1929 5225 2051 5282 cap.
2075 5214 2108 5267 5
2124 5253 2137 5276 ,

541 5285 684 5340 hanc
711 5282 907 5338 frontis
928 5281 1236 5338 ntuuieuda:
1261 5295 1516 5350 expressa
1546 5284 1726 5337 crucis
1748 5283 1984 5352 imagine
2003 5284 2103 5338 reli
2126 5315 2135 5323 -

538 5359 784 5427 giouem,
806 5369 968 5427 quam
995 5368 1064 5409 ex
1093 5353 1390 5424 apostolica
1423 5353 1718 5409 traditione
1762 5368 2015 5427 manasse
2041 5357 2140 5408 dn-

538 5425 648 5494 cet,
683 5426 749 5483 ad
780 5425 1026 5494 singulos
1048 5438 1291 5495 quosque
1319 5433 1474 5480 actus
1494 5433 1656 5495 mtate
1681 5439 1775 5478 sua
1808 5426 1984 5481 iterati
2006 5441 2140 5482 cou-

540 5501 785 5557 suevisse
807 5505 997 5551 auctor
1027 5494 1128 5551 est.
1155 5495 1271 5563 Qua
1297 5499 1367 5551 de
1404 5511 1463 5551 re
1503 5494 1591 5549 adi
1621 5495 1894 5553 similiter.
1937 5496 2139 5553 Hieron

544 5574 715 5697 epis:i
738 5568 832 5636 22,
884 5567 950 5623 ad
980 5565 1268 5635 Eustoch.,
1299 5567 1486 5640 Cyrill.
1521 5565 1740 5622 llieros.
1771 5566 1997 5623 Catech.
2048 5568 2136 5634 15,

554 5656 587 5697 e
639 5658 670 5697 a
719 5656 803 5696 os.

554 5652 611 5698 et
639 5644 803 5698 alios.

594 5705 647 5781 ﬁ
678 5711 764 5782 Ex
787 5709 965 5782 animo
985 5718 1040 5782 et
1055 5724 1310 5782 corpore
1325 5720 1618 5782 constamus
1642 5718 1690 5764 et
1727 5711 1932 5782 spiritu,
1968 5709 2141 5782 inquit

549 5776 767 5837 sttttctus
793 5774 991 5835 Doctor
1008 5772 1107 5834 lib.
1131 5772 1254 5836 u'de
1273 5780 1404 5836 Cain
1423 5789 1477 5835 ct
1500 5772 1659 5847 Abel,
1685 5772 1805 5851 cap.
1823 5782 1879 5850 2,
1905 5772 2057 5838 num:
2080 5781 2138 5836 6.

2241 3257 2469 3329 pertulit
2496 3256 2657 3314 .lesus
2686 3255 2842 3327 quasi
2878 3257 3064 3326 Agnus
3117 3251 3235 3321 Dei,
3266 3262 3321 3308 ut
3355 3252 3574 3308 tolleret
3614 3260 3832 3321 peccata

2242 3349 2428 3405 mundi
2459 3349 2645 3419 (Joan.
2675 3364 2715 3415 t,
2743 3344 2856 3421 56).
3656 3420 3671 3429 .

2314 3446 2403 3500 19.
2436 3443 2563 3499 Hmc
2587 3442 2712 3500 ideo
2740 3442 3085 3513 scripsimus,
3110 3450 3169 3495 ut
3192 3437 3613 3496 ostenderemus
3638 3436 3761 3504 quia
3781 3444 3834 3488 et

2242 3535 2432 3591 debuit
2459 3534 2717 3606 praemitti
2744 3533 3125 3604 circumcisio,
3151 3546 3275 3601 qua:
3297 3529 3426 3584 loris
3456 3536 3574 3593 est,
3603 3533 3655 3582 ut
3684 3534 3739 3580 ct
3769 3539 3829 3577 ea

2238 3629 2351 3699 jam
2390 3639 2511 3699 post
2560 3629 2854 3682 adventum
2890 3625 3103 3681 Domini
3145 3623 3270 3695 jure
3301 3620 3549 3677 videatur
3588 3618 3827 3674 exclusa.

2244 3719 2403 3776 Nunc
2430 3728 2612 3775 autem
2644 3718 2989 3773 circumcisio
3021 3725 3106 3773 est
3147 3714 3480 3779 necessaria,
3509 3727 3629 3784 quae
3666 3709 3719 3765 in
3746 3725 3833 3764 oc-

2244 3813 2394 3868 culto
2433 3820 2539 3878 est,
2569 3812 2715 3866 sicut
2743 3809 2965 3866 Judmus
2991 3808 3356 3880 prmstantior,
3397 3805 3486 3876 qui
3520 3806 3573 3859 in
3602 3803 3826 3865 occulto,

2246 3906 2299 3960 in
2346 3904 2578 3973 spiritu,
2609 3918 2717 3959 non
2764 3903 2975 3969 littera;
3023 3900 3277 3972 quoniam
3323 3914 3445 3954 cum
3492 3898 3602 3953 sint
3648 3897 3699 3951 iu
3733 3909 3831 3949 uno

2245 3998 2467 4054 homine
2492 3997 2603 4053 duo
2634 3998 2905 4063 homines,
2929 3996 2997 4052 de
3023 3995 3219 4067 quibus
3241 3994 3444 4050 dictum
3473 4000 3560 4048 est
3585 4010 3598 4048 :
3630 3988 3701 4044 Et
3724 3991 3766 4043 si
3790 3991 3831 4043 is

2243 4094 2331 4164 qui
2362 4092 2493 4162 foris
2533 4101 2627 4157 est,
2681 4094 2834 4146 homo
2858 4101 3028 4145 noster
3055 4088 3407 4159 corrumpitur
3448 4086 3722 4141 secundum
3746 4082 3829 4135 de-

2245 4186 2439 4242 sideria
2469 4185 2684 4251 erroris,
2731 4184 2824 4239 sed
2852 4182 2942 4254 qui
2969 4183 3107 4237 intus
3136 4189 3235 4247 est,
3280 4186 3562 4235 renovatur
3588 4176 3653 4230 de
3676 4174 3755 4229 die
3780 4174 3830 4227 in

2246 4279 2384 4334 diem
2412 4276 2479 4349 (Il
2510 4277 2634 4332 Cor.
2658 4291 2740 4342 tv,
2772 4273 2862 4347 16)
2886 4292 2901 4342 ;
2936 4282 2993 4330 et
3017 4273 3146 4328 alibi
3170 4290 3184 4327 :
3215 4271 3553 4327 Condelector
3579 4269 3716 4323 enim
3737 4266 3833 4335 legi

2247 4367 2346 4423 Dei
2394 4368 2677 4423 secundum
2724 4366 3017 4421 interiorem
3068 4364 3323 4419 hominem
3353 4360 3532 4434 (Rom.
3569 4374 3665 4425 vn,
3692 4355 3783 4428 22)
3813 4375 3827 4423 ;

2247 4463 2478 4519 interior
2501 4470 2587 4517 est
2611 4461 2776 4516 homo
2799 4469 3007 4529 noster,
3040 4458 3134 4530 qui
3166 4465 3249 4514 est
3271 4455 3337 4511 ad
3364 4452 3653 4524 imaginem
3686 4460 3742 4507 et
3762 4450 3830 4506 si-

2170 4539 2224 4600 D
2250 4556 2615 4613 militudinem
2651 4555 2751 4611 Dei
2801 4554 2998 4622 iactus,
3036 4552 3279 4609 exterior
3302 4548 3393 4620 qui
3424 4547 3687 4619 ﬁguratus
3715 4560 3745 4601 e
3771 4544 3829 4599 li-

2249 4664 2360 4706 mo.
2390 4648 2483 4706 Sic
2522 4649 2760 4719 denique
2801 4657 2853 4704 et
2893 4648 2949 4702 in
3009 4645 3212 4703 Genesi
3240 4643 3375 4700 duas
3410 4641 3510 4697 tibi
3554 4648 3828 4696 creaturas

2249 4741 2489 4797 hominis
2517 4741 2760 4797 ostendit
2785 4738 2943 4814 (Gen.
2975 4756 3016 4807 ι,
3042 4738 3165 4807 27),
3198 4734 3443 4794 secundo
3470 4741 3713 4789 creatum
3737 4731 3825 4786 ho-

2245 4834 2449 4892 minem
2480 4833 2793 4905 signillcans
2820 4831 2975 4907 (Gen.
3006 4846 3069 4897 ιι,
3096 4828 3175 4901 7).

2316 4927 2411 4983 20.
2438 4926 2589 4983 Sicut
2631 4941 2763 4998 ergo
2785 4924 2895 4981 duo
2941 4922 3221 4989 homines,
3256 4923 3329 4977 ita
3373 4929 3429 4977 et
3470 4918 3685 4992 gemina
3711 4930 3828 4973 con-

2239 5069 2409 5137 Quam
2430 5069 2648 5141 quidem
2675 5069 2911 5124 hominis
2934 5066 3305 5123 deﬁnitionem
3332 5067 3531 5138 passim
3557 5064 3696 5136 apud
3718 5081 3824 5122 euut

2239 5142 2530 5197 advertere
2558 5152 2663 5197 est.

2318 5224 2340 5252 ο
2376 5214 2535 5268 Rom.
2568 5212 2731 5278 edit.,
2760 5226 2864 5266 non
2893 5220 2967 5265 est
2986 5209 3187 5279 utrique
3212 5210 3349 5263 idem
3377 5208 3669 5264 secundum
3689 5218 3824 5261 natu-

2240 5300 2390 5347 ram;
2421 5284 2512 5338 sed
2537 5284 2678 5355 quod
2715 5294 2793 5339 est
2832 5282 3166 5355 corpori.....
3202 5282 3258 5334 id
3277 5291 3459 5335 contra
3497 5289 3732 5335 naturam
3764 5291 3827 5333 est

2241 5371 2588 5482 conglrlttimm
2615 5424 2746 5480 edit.
2776 5424 2979 5488 Paris.,
3009 5423 3061 5476 in
3087 5423 3331 5491 operibus
3362 5420 3484 5476 Dei.
3518 5420 3654 5477 Sunt
3681 5422 3825 5476 etiam

2249 5497 2430 5567 aliqua
2481 5504 2596 5551 toto
2632 5496 2735 5550 hoc
2777 5507 3005 5567 numero
3034 5504 3242 5567 mutata
3286 5495 3340 5549 in
3383 5494 3543 5549 Rom.
3587 5491 3715 5547 edit.
3744 5494 3825 5548 sed

2247 5565 2372 5640 qua:
2393 5568 2563 5640 alium
2595 5565 3069 5640 sen_sum_mi_nime
3089 5565 3379 5640 inducant.

2324 5650 2347 5677 ο
2388 5637 2606 5694 Eaedem
2648 5638 2781 5695 edit.
2814 5634 3013 5707 Paris.,
3053 5635 3383 5707 circumcisio
3409 5635 3826 5707 pretermittenda

2247 5711 2365 5782 fuit.
2390 5708 2458 5763 Et
2480 5711 2644 5782 intra.
2671 5704 2841 5761 debuit
2861 5704 3184 5772 praetermitti
3206 5702 3554 5761 circumcisio.
3584 5702 3823 5761 Neutrum

2245 5780 2549 5835 conuuode.
