  <div class='ocr_page' id='page_1' title='image "/cluster/home/n/w/nwhite01/storage/ocr_20150623/16/uva.x000826550/632.png"; bbox 0 0 4092 6190; ppageno 0'>
   <div class='ocr_carea' id='block_1_1' title="bbox 170 245 310 302">
    <p class='ocr_par' dir='ltr' id='par_1_1' title="bbox 170 245 310 302">
     <span class='ocr_line' id='line_1_1' title="bbox 170 245 310 302; baseline 0.021 -3"><span class='ocrx_word' id='word_1_1' title='bbox 170 245 310 302; x_wconf 66' lang='lat'><strong>1249</strong></span> 
     </span>
    </p>
   </div>
   <div class='ocr_carea' id='block_1_2' title="bbox 1388 237 2296 299">
    <p class='ocr_par' dir='ltr' id='par_1_2' title="bbox 1388 237 2296 299">
     <span class='ocr_line' id='line_1_2' title="bbox 1388 237 2296 299; baseline -0.003 -1"><span class='ocrx_word' id='word_1_2' title='bbox 1388 238 1718 299; x_wconf 71' lang='lat' dir='ltr'><strong>EPISTOLA</strong></span> <span class='ocrx_word' id='word_1_3' title='bbox 1730 237 1875 298; x_wconf 82' lang='lat' dir='ltr'><strong>RUM</strong></span> <span class='ocrx_word' id='word_1_4' title='bbox 1913 239 2190 298; x_wconf 77' lang='lat' dir='ltr'><strong>CLASSIS</strong></span> <span class='ocrx_word' id='word_1_5' title='bbox 2229 240 2296 297; x_wconf 88' lang='lat' dir='ltr'><strong>ll.</strong></span> 
     </span>
    </p>
   </div>
   <div class='ocr_carea' id='block_1_3' title="bbox 3327 241 3468 301">
    <p class='ocr_par' dir='ltr' id='par_1_3' title="bbox 3327 241 3468 301">
     <span class='ocr_line' id='line_1_3' title="bbox 3327 241 3468 301; baseline 0.014 -2"><span class='ocrx_word' id='word_1_6' title='bbox 3327 241 3468 301; x_wconf 69' lang='lat' dir='ltr'><strong>i250</strong></span> 
     </span>
    </p>
   </div>
   <div class='ocr_carea' id='block_1_4' title="bbox 168 352 3475 425">
    <p class='ocr_par' dir='ltr' id='par_1_4' title="bbox 168 352 3475 425">
     <span class='ocr_line' id='line_1_4' title="bbox 168 352 3475 425; baseline -0.001 -11"><span class='ocrx_word' id='word_1_7' title='bbox 168 359 410 417; x_wconf 88' lang='lat' dir='ltr'><strong>versatio</strong></span> <span class='ocrx_word' id='word_1_8' title='bbox 439 369 560 416; x_wconf 80' lang='lat' dir='ltr'><strong>est:</strong></span> <span class='ocrx_word' id='word_1_9' title='bbox 593 375 696 414; x_wconf 91' lang='lat' dir='ltr'><strong>una</strong></span> <span class='ocrx_word' id='word_1_10' title='bbox 737 358 1013 414; x_wconf 90' lang='lat' dir='ltr'><strong>interioris</strong></span> <span class='ocrx_word' id='word_1_11' title='bbox 1045 356 1303 424; x_wconf 84' lang='lat' dir='ltr'><strong>hominis,</strong></span> <span class='ocrx_word' id='word_1_12' title='bbox 1329 357 1502 414; x_wconf 88' lang='lat' dir='ltr'><strong>altera</strong></span> <span class='ocrx_word' id='word_1_13' title='bbox 1533 359 1769 413; x_wconf 82' lang='lat' dir='ltr'><strong>exterio—</strong></span> <span class='ocrx_word' id='word_1_14' title='bbox 1798 359 1846 417; x_wconf 84' lang='lat' dir='ltr'><strong>A</strong></span> <span class='ocrx_word' id='word_1_15' title='bbox 1943 355 2033 410; x_wconf 60' lang='lat' dir='ltr'><strong>2i.</strong></span> <span class='ocrx_word' id='word_1_16' title='bbox 2067 354 2404 424; x_wconf 82' lang='lat' dir='ltr'><strong>Quamquam</strong></span> <span class='ocrx_word' id='word_1_17' title='bbox 2452 353 2497 407; x_wconf 91' lang='lat' dir='ltr'><strong>si</strong></span> <span class='ocrx_word' id='word_1_18' title='bbox 2541 352 2833 425; x_wconf 83' lang='lat' dir='ltr'><strong>diligenter</strong></span> <span class='ocrx_word' id='word_1_19' title='bbox 2878 355 3150 421; x_wconf 88' lang='lat' dir='ltr'><strong>intendas,</strong></span> <span class='ocrx_word' id='word_1_20' title='bbox 3182 365 3234 411; x_wconf 91' lang='lat' dir='ltr'><strong>et</strong></span> <span class='ocrx_word' id='word_1_21' title='bbox 3277 355 3365 411; x_wconf 90' lang='lat' dir='ltr'><strong>illa</strong></span> <span class='ocrx_word' id='word_1_22' title='bbox 3403 358 3475 412; x_wconf 86' lang='lat' dir='ltr'><strong>sit</strong></span> 
     </span>
    </p>
   </div>
   <div class='ocr_carea' id='block_1_5' title="bbox 169 448 1772 523">
    <p class='ocr_par' dir='ltr' id='par_1_5' title="bbox 169 448 1772 523">
     <span class='ocr_line' id='line_1_5' title="bbox 169 448 1772 523; baseline 0 -17"><span class='ocrx_word' id='word_1_23' title='bbox 169 453 267 507; x_wconf 88' lang='lat' dir='ltr'><strong>ris.</strong></span> <span class='ocrx_word' id='word_1_24' title='bbox 300 453 367 508; x_wconf 86' lang='lat' dir='ltr'><strong>Et</strong></span> <span class='ocrx_word' id='word_1_25' title='bbox 389 451 606 523; x_wconf 85' lang='lat' dir='ltr'><strong>quidem</strong></span> <span class='ocrx_word' id='word_1_26' title='bbox 639 451 882 521; x_wconf 82' lang='lat' dir='ltr'><strong>plerique</strong></span> <span class='ocrx_word' id='word_1_27' title='bbox 912 461 1068 505; x_wconf 87' lang='lat' dir='ltr'><strong>actus</strong></span> <span class='ocrx_word' id='word_1_28' title='bbox 1091 448 1366 506; x_wconf 89' lang='lat' dir='ltr'><strong>interioris</strong></span> <span class='ocrx_word' id='word_1_29' title='bbox 1389 449 1626 505; x_wconf 87' lang='lat' dir='ltr'><strong>hominis</strong></span> <span class='ocrx_word' id='word_1_30' title='bbox 1647 467 1772 522; x_wconf 86' lang='lat' dir='ltr'><strong>per-</strong></span> 
     </span>
    </p>
   </div>
   <div class='ocr_carea' id='block_1_6' title="bbox 170 534 1769 612">
    <p class='ocr_par' dir='ltr' id='par_1_6' title="bbox 170 534 1769 612">
     <span class='ocr_line' id='line_1_6' title="bbox 170 534 1769 612; baseline 0.002 -18"><span class='ocrx_word' id='word_1_31' title='bbox 170 534 396 598; x_wconf 75' lang='lat' dir='ltr'><strong>veniunt</strong></span> <span class='ocrx_word' id='word_1_32' title='bbox 444 544 510 598; x_wconf 91' lang='lat' dir='ltr'><strong>ad</strong></span> <span class='ocrx_word' id='word_1_33' title='bbox 569 542 899 600; x_wconf 77' lang='lat' dir='ltr'><strong>exteriorem</strong></span> <span class='ocrx_word' id='word_1_34' title='bbox 948 541 1225 597; x_wconf 87' lang='lat' dir='ltr'><strong>hominem</strong></span> <span class='ocrx_word' id='word_1_35' title='bbox 1255 583 1270 607; x_wconf 90' lang='lat'><strong>,</strong></span> <span class='ocrx_word' id='word_1_36' title='bbox 1316 541 1769 612; x_wconf 81' lang='lat' dir='ltr'><strong>quemadmodum</strong></span> 
     </span>
    </p>
   </div>
   <div class='ocr_carea' id='block_1_7' title="bbox 170 634 1775 694">
    <p class='ocr_par' dir='ltr' id='par_1_7' title="bbox 170 634 1775 694">
     <span class='ocr_line' id='line_1_7' title="bbox 170 634 1775 694; baseline -0.002 0"><span class='ocrx_word' id='word_1_37' title='bbox 170 637 497 694; x_wconf 82' lang='lat' dir='ltr'><strong>castimonia</strong></span> <span class='ocrx_word' id='word_1_38' title='bbox 520 635 800 692; x_wconf 88' lang='lat' dir='ltr'><strong>interioris</strong></span> <span class='ocrx_word' id='word_1_39' title='bbox 830 635 1068 691; x_wconf 83' lang='lat' dir='ltr'><strong>hominis</strong></span> <span class='ocrx_word' id='word_1_40' title='bbox 1103 634 1297 690; x_wconf 88' lang='lat' dir='ltr'><strong>transit</strong></span> <span class='ocrx_word' id='word_1_41' title='bbox 1325 635 1488 690; x_wconf 88' lang='lat' dir='ltr'><strong>etiam</strong></span> <span class='ocrx_word' id='word_1_42' title='bbox 1520 635 1587 690; x_wconf 90' lang='lat' dir='ltr'><strong>ad</strong></span> <span class='ocrx_word' id='word_1_43' title='bbox 1615 635 1775 690; x_wconf 86' lang='lat' dir='ltr'><strong>casti-</strong></span> 
     </span>
    </p>
   </div>
   <div class='ocr_carea' id='block_1_8' title="bbox 173 724 1770 798">
    <p class='ocr_par' dir='ltr' id='par_1_8' title="bbox 173 724 1770 798">
     <span class='ocr_line' id='line_1_8' title="bbox 173 724 1770 798; baseline -0.003 -14"><span class='ocrx_word' id='word_1_44' title='bbox 173 737 342 784; x_wconf 90' lang='lat' dir='ltr'><strong>tatem</strong></span> <span class='ocrx_word' id='word_1_45' title='bbox 375 728 643 798; x_wconf 67' lang='lat' dir='ltr'><strong>corpuris.</strong></span> <span class='ocrx_word' id='word_1_46' title='bbox 674 725 778 794; x_wconf 85' lang='lat' dir='ltr'><strong>Qui</strong></span> <span class='ocrx_word' id='word_1_47' title='bbox 807 725 954 782; x_wconf 91' lang='lat' dir='ltr'><strong>enim</strong></span> <span class='ocrx_word' id='word_1_48' title='bbox 981 725 1308 781; x_wconf 83' lang='lat' dir='ltr'><strong>adulterium</strong></span> <span class='ocrx_word' id='word_1_49' title='bbox 1337 724 1518 782; x_wconf 88' lang='lat' dir='ltr'><strong>cordis</strong></span> <span class='ocrx_word' id='word_1_50' title='bbox 1538 725 1770 797; x_wconf 77' lang='lat' dir='ltr'><strong>ignorat,</strong></span> 
     </span>
    </p>
   </div>
   <div class='ocr_carea' id='block_1_9' title="bbox 173 817 1771 890">
    <p class='ocr_par' dir='ltr' id='par_1_9' title="bbox 173 817 1771 890">
     <span class='ocr_line' id='line_1_9' title="bbox 173 817 1771 890; baseline -0.001 -15"><span class='ocrx_word' id='word_1_51' title='bbox 173 820 320 876; x_wconf 85' lang='lat' dir='ltr'><strong>idem</strong></span> <span class='ocrx_word' id='word_1_52' title='bbox 348 821 533 890; x_wconf 89' lang='lat' dir='ltr'><strong>utique</strong></span> <span class='ocrx_word' id='word_1_53' title='bbox 565 819 738 876; x_wconf 87' lang='lat' dir='ltr'><strong>nescit</strong></span> <span class='ocrx_word' id='word_1_54' title='bbox 775 819 1023 888; x_wconf 90' lang='lat' dir='ltr'><strong>corporis</strong></span> <span class='ocrx_word' id='word_1_55' title='bbox 1047 817 1378 874; x_wconf 86' lang='lat' dir='ltr'><strong>adulterium</strong></span> <span class='ocrx_word' id='word_1_56' title='bbox 1409 836 1421 872; x_wconf 85' lang='lat'><strong>:</strong></span> <span class='ocrx_word' id='word_1_57' title='bbox 1455 833 1561 874; x_wconf 93' lang='lat' dir='ltr'><strong>non</strong></span> <span class='ocrx_word' id='word_1_58' title='bbox 1592 829 1771 874; x_wconf 93' lang='lat' dir='ltr'><strong>tamen</strong></span> 
     </span>
    </p>
   </div>
   <div class='ocr_carea' id='block_1_10' title="bbox 171 910 1774 982">
    <p class='ocr_par' dir='ltr' id='par_1_10' title="bbox 171 910 1774 982">
     <span class='ocr_line' id='line_1_10' title="bbox 171 910 1774 982; baseline -0.002 -13"><span class='ocrx_word' id='word_1_59' title='bbox 171 916 338 970; x_wconf 88' lang='lat' dir='ltr'><strong>etiam</strong></span> <span class='ocrx_word' id='word_1_60' title='bbox 367 911 500 968; x_wconf 90' lang='lat' dir='ltr'><strong>illud</strong></span> <span class='ocrx_word' id='word_1_61' title='bbox 539 922 626 968; x_wconf 86' lang='lat' dir='ltr'><strong>est</strong></span> <span class='ocrx_word' id='word_1_62' title='bbox 661 926 1003 982; x_wconf 87' lang='lat' dir='ltr'><strong>consequens</strong></span> <span class='ocrx_word' id='word_1_63' title='bbox 1028 953 1042 978; x_wconf 91' lang='lat'><strong>,</strong></span> <span class='ocrx_word' id='word_1_64' title='bbox 1087 912 1267 981; x_wconf 87' lang='lat' dir='ltr'><strong>utqui</strong></span> <span class='ocrx_word' id='word_1_65' title='bbox 1312 927 1418 966; x_wconf 66' lang='lat' dir='ltr'><strong>non</strong></span> <span class='ocrx_word' id='word_1_66' title='bbox 1451 910 1774 967; x_wconf 88' lang='lat' dir='ltr'><strong>adulteravit</strong></span> 
     </span>
    </p>
   </div>
   <div class='ocr_carea' id='block_1_11' title="bbox 175 1003 1773 1078">
    <p class='ocr_par' dir='ltr' id='par_1_11' title="bbox 175 1003 1773 1078">
     <span class='ocr_line' id='line_1_11' title="bbox 175 1003 1773 1078; baseline -0.001 -16"><span class='ocrx_word' id='word_1_67' title='bbox 175 1022 431 1078; x_wconf 76' lang='lat' dir='ltr'><strong>Corpore,</strong></span> <span class='ocrx_word' id='word_1_68' title='bbox 465 1021 571 1061; x_wconf 90' lang='lat' dir='ltr'><strong>non</strong></span> <span class='ocrx_word' id='word_1_69' title='bbox 614 1003 1009 1061; x_wconf 88' lang='lat' dir='ltr'><strong>adulteraverit</strong></span> <span class='ocrx_word' id='word_1_70' title='bbox 1053 1004 1214 1060; x_wconf 89' lang='lat' dir='ltr'><strong>etiam</strong></span> <span class='ocrx_word' id='word_1_71' title='bbox 1249 1005 1434 1071; x_wconf 89' lang='lat' dir='ltr'><strong>corde,</strong></span> <span class='ocrx_word' id='word_1_72' title='bbox 1475 1004 1773 1060; x_wconf 88' lang='lat' dir='ltr'><strong>secundum</strong></span> 
     </span>
    </p>
   </div>
   <div class='ocr_carea' id='block_1_12' title="bbox 179 1098 1775 1170">
    <p class='ocr_par' dir='ltr' id='par_1_12' title="bbox 179 1098 1775 1170">
     <span class='ocr_line' id='line_1_12' title="bbox 179 1098 1775 1170; baseline -0.001 -14"><span class='ocrx_word' id='word_1_73' title='bbox 179 1101 348 1156; x_wconf 87' lang='lat' dir='ltr'><strong>illud:</strong></span> <span class='ocrx_word' id='word_1_74' title='bbox 384 1100 644 1168; x_wconf 83' lang='lat' dir='ltr'><strong>Quoniam</strong></span> <span class='ocrx_word' id='word_1_75' title='bbox 671 1100 758 1170; x_wconf 87' lang='lat' dir='ltr'><strong>qui</strong></span> <span class='ocrx_word' id='word_1_76' title='bbox 794 1099 982 1155; x_wconf 81' lang='lat' dir='ltr'><strong>viderit</strong></span> <span class='ocrx_word' id='word_1_77' title='bbox 1012 1098 1280 1154; x_wconf 77' lang='lat' dir='ltr'><strong>mulierem</strong></span> <span class='ocrx_word' id='word_1_78' title='bbox 1302 1099 1373 1152; x_wconf 89' lang='lat' dir='ltr'><strong>ad</strong></span> <span class='ocrx_word' id='word_1_79' title='bbox 1404 1099 1775 1170; x_wconf 86' lang='lat' dir='ltr'><strong>concupiscen-</strong></span> 
     </span>
    </p>
   </div>
   <div class='ocr_carea' id='block_1_13' title="bbox 179 1194 1773 1269">
    <p class='ocr_par' dir='ltr' id='par_1_13' title="bbox 179 1194 1773 1269">
     <span class='ocr_line' id='line_1_13' title="bbox 179 1194 1773 1269; baseline -0.001 -19"><span class='ocrx_word' id='word_1_80' title='bbox 179 1197 307 1251; x_wconf 83' lang='lat' dir='ltr'><strong>dum</strong></span> <span class='ocrx_word' id='word_1_81' title='bbox 329 1213 478 1262; x_wconf 90' lang='lat' dir='ltr'><strong>eam,</strong></span> <span class='ocrx_word' id='word_1_82' title='bbox 499 1199 617 1269; x_wconf 85' lang='lat' dir='ltr'><strong>jam</strong></span> <span class='ocrx_word' id='word_1_83' title='bbox 640 1195 955 1250; x_wconf 80' lang='lat' dir='ltr'><strong>adulteravit</strong></span> <span class='ocrx_word' id='word_1_84' title='bbox 993 1210 1109 1248; x_wconf 89' lang='lat' dir='ltr'><strong>eam</strong></span> <span class='ocrx_word' id='word_1_85' title='bbox 1157 1195 1210 1249; x_wconf 89' lang='lat' dir='ltr'><strong>in</strong></span> <span class='ocrx_word' id='word_1_86' title='bbox 1249 1197 1407 1249; x_wconf 84' lang='lat' dir='ltr'><strong>corde</strong></span> <span class='ocrx_word' id='word_1_87' title='bbox 1433 1211 1525 1250; x_wconf 86' lang='lat' dir='ltr'><strong>suo</strong></span> <span class='ocrx_word' id='word_1_88' title='bbox 1555 1194 1773 1267; x_wconf 82' lang='lat' dir='ltr'><strong>(Mattlt.</strong></span> 
     </span>
    </p>
   </div>
   <div class='ocr_carea' id='block_1_14' title="bbox 178 1285 1775 1359">
    <p class='ocr_par' dir='ltr' id='par_1_14' title="bbox 178 1285 1775 1359">
     <span class='ocr_line' id='line_1_14' title="bbox 178 1285 1775 1359; baseline 0.001 -19"><span class='ocrx_word' id='word_1_89' title='bbox 178 1306 233 1354; x_wconf 83' lang='lat' dir='ltr'><strong>v,</strong></span> <span class='ocrx_word' id='word_1_90' title='bbox 269 1288 385 1359; x_wconf 87' lang='lat'><strong>28).</strong></span> <span class='ocrx_word' id='word_1_91' title='bbox 431 1287 567 1344; x_wconf 88' lang='lat' dir='ltr'><strong>Nam</strong></span> <span class='ocrx_word' id='word_1_92' title='bbox 592 1287 694 1343; x_wconf 89' lang='lat' dir='ltr'><strong>etsi</strong></span> <span class='ocrx_word' id='word_1_93' title='bbox 736 1287 916 1342; x_wconf 88' lang='lat' dir='ltr'><strong>adhuc</strong></span> <span class='ocrx_word' id='word_1_94' title='bbox 945 1295 971 1323; x_wconf 71' lang='grc' dir='ltr'><strong><em>λ</em></strong></span> <span class='ocrx_word' id='word_1_95' title='bbox 1003 1301 1110 1342; x_wconf 93' lang='lat' dir='ltr'><strong>non</strong></span> <span class='ocrx_word' id='word_1_96' title='bbox 1141 1285 1214 1341; x_wconf 89' lang='lat' dir='ltr'><strong>sit</strong></span> <span class='ocrx_word' id='word_1_97' title='bbox 1253 1286 1468 1342; x_wconf 90' lang='lat' dir='ltr'><strong>adulter</strong></span> <span class='ocrx_word' id='word_1_98' title='bbox 1506 1289 1775 1358; x_wconf 87' lang='lat' dir='ltr'><strong>corporis,</strong></span> 
     </span>
    </p>
   </div>
   <div class='ocr_carea' id='block_1_15' title="bbox 180 1379 1780 1451">
    <p class='ocr_par' dir='ltr' id='par_1_15' title="bbox 180 1379 1780 1451">
     <span class='ocr_line' id='line_1_15' title="bbox 180 1379 1780 1451; baseline 0 -15"><span class='ocrx_word' id='word_1_99' title='bbox 180 1389 364 1436; x_wconf 84' lang='lat' dir='ltr'><strong>tamen</strong></span> <span class='ocrx_word' id='word_1_100' title='bbox 390 1379 502 1451; x_wconf 89' lang='lat' dir='ltr'><strong>jam</strong></span> <span class='ocrx_word' id='word_1_101' title='bbox 548 1380 748 1436; x_wconf 82' lang='lat' dir='ltr'><strong>affectu</strong></span> <span class='ocrx_word' id='word_1_102' title='bbox 789 1379 1003 1436; x_wconf 85' lang='lat' dir='ltr'><strong>adulter</strong></span> <span class='ocrx_word' id='word_1_103' title='bbox 1042 1388 1148 1434; x_wconf 90' lang='lat' dir='ltr'><strong>est.</strong></span> <span class='ocrx_word' id='word_1_104' title='bbox 1182 1379 1327 1450; x_wconf 85' lang='lat' dir='ltr'><strong>Ergo</strong></span> <span class='ocrx_word' id='word_1_105' title='bbox 1375 1390 1458 1436; x_wconf 85' lang='lat' dir='ltr'><strong>est</strong></span> <span class='ocrx_word' id='word_1_106' title='bbox 1503 1381 1780 1437; x_wconf 90' lang='lat' dir='ltr'><strong>interioris</strong></span> 
     </span>
    </p>
   </div>
   <div class='ocr_carea' id='block_1_16' title="bbox 182 1473 1784 1547">
    <p class='ocr_par' dir='ltr' id='par_1_16' title="bbox 182 1473 1784 1547">
     <span class='ocr_line' id='line_1_16' title="bbox 182 1473 1784 1547; baseline 0.001 -19"><span class='ocrx_word' id='word_1_107' title='bbox 182 1473 420 1529; x_wconf 80' lang='lat' dir='ltr'><strong>hominis</strong></span> <span class='ocrx_word' id='word_1_108' title='bbox 439 1474 818 1530; x_wconf 85' lang='lat' dir='ltr'><strong>circumcisio:</strong></span> <span class='ocrx_word' id='word_1_109' title='bbox 847 1488 969 1528; x_wconf 89' lang='lat' dir='ltr'><strong>nam</strong></span> <span class='ocrx_word' id='word_1_110' title='bbox 993 1473 1082 1544; x_wconf 90' lang='lat' dir='ltr'><strong>qui</strong></span> <span class='ocrx_word' id='word_1_111' title='bbox 1103 1473 1537 1539; x_wconf 84' lang='lat' dir='ltr'><strong>circumciditur,</strong></span> <span class='ocrx_word' id='word_1_112' title='bbox 1571 1474 1784 1547; x_wconf 77' lang='lat'><strong>1076</strong></span> 
     </span>
    </p>
   </div>
   <div class='ocr_carea' id='block_1_17' title="bbox 185 1565 1779 1636">
    <p class='ocr_par' dir='ltr' id='par_1_17' title="bbox 185 1565 1779 1636">
     <span class='ocr_line' id='line_1_17' title="bbox 185 1565 1779 1636; baseline -0.002 -14"><span class='ocrx_word' id='word_1_113' title='bbox 185 1567 352 1622; x_wconf 87' lang='lat' dir='ltr'><strong>totius</strong></span> <span class='ocrx_word' id='word_1_114' title='bbox 391 1567 573 1622; x_wconf 88' lang='lat' dir='ltr'><strong>carnis</strong></span> <span class='ocrx_word' id='word_1_115' title='bbox 617 1565 907 1622; x_wconf 87' lang='lat' dir='ltr'><strong>illecebras</strong></span> <span class='ocrx_word' id='word_1_116' title='bbox 937 1572 1208 1636; x_wconf 87' lang='lat' dir='ltr'><strong>tamquam</strong></span> <span class='ocrx_word' id='word_1_117' title='bbox 1255 1567 1578 1636; x_wconf 67' lang='lat' dir='ltr'><strong>prmputium</strong></span> <span class='ocrx_word' id='word_1_118' title='bbox 1610 1567 1779 1631; x_wconf 80' lang='lat' dir='ltr'><strong>exuit;</strong></span> 
     </span>
    </p>
   </div>
   <div class='ocr_carea' id='block_1_18' title="bbox 187 1657 1786 1729">
    <p class='ocr_par' dir='ltr' id='par_1_18' title="bbox 187 1657 1786 1729">
     <span class='ocr_line' id='line_1_18' title="bbox 187 1657 1786 1729; baseline 0 -17"><span class='ocrx_word' id='word_1_119' title='bbox 187 1668 245 1713; x_wconf 80' lang='grc' dir='ltr'><strong>ιιι</strong></span> <span class='ocrx_word' id='word_1_120' title='bbox 273 1659 342 1713; x_wconf 79' lang='lat' dir='ltr'><strong>sit</strong></span> <span class='ocrx_word' id='word_1_121' title='bbox 367 1659 419 1713; x_wconf 90' lang='lat' dir='ltr'><strong>in</strong></span> <span class='ocrx_word' id='word_1_122' title='bbox 449 1658 664 1729; x_wconf 84' lang='lat' dir='ltr'><strong>spiritu,</strong></span> <span class='ocrx_word' id='word_1_123' title='bbox 697 1673 803 1713; x_wconf 93' lang='lat' dir='ltr'><strong>non</strong></span> <span class='ocrx_word' id='word_1_124' title='bbox 837 1657 890 1712; x_wconf 89' lang='lat' dir='ltr'><strong>itt</strong></span> <span class='ocrx_word' id='word_1_125' title='bbox 923 1672 1085 1713; x_wconf 87' lang='lat' dir='ltr'><strong>carne</strong></span> <span class='ocrx_word' id='word_1_126' title='bbox 1108 1699 1122 1724; x_wconf 94' lang='lat'><strong>,</strong></span> <span class='ocrx_word' id='word_1_127' title='bbox 1163 1665 1218 1712; x_wconf 86' lang='lat' dir='ltr'><strong>et</strong></span> <span class='ocrx_word' id='word_1_128' title='bbox 1263 1657 1455 1726; x_wconf 87' lang='lat' dir='ltr'><strong>spiritu</strong></span> <span class='ocrx_word' id='word_1_129' title='bbox 1497 1657 1786 1714; x_wconf 88' lang='lat' dir='ltr'><strong>mortilicet</strong></span> 
     </span>
    </p>
   </div>
   <div class='ocr_carea' id='block_1_19' title="bbox 185 1754 746 1824">
    <p class='ocr_par' dir='ltr' id='par_1_19' title="bbox 185 1754 746 1824">
     <span class='ocr_line' id='line_1_19' title="bbox 185 1754 746 1824; baseline -0.009 -15"><span class='ocrx_word' id='word_1_130' title='bbox 185 1754 434 1824; x_wconf 89' lang='lat' dir='ltr'><strong>corporis</strong></span> <span class='ocrx_word' id='word_1_131' title='bbox 460 1754 544 1809; x_wconf 92' lang='lat' dir='ltr'><strong>sui</strong></span> <span class='ocrx_word' id='word_1_132' title='bbox 571 1763 746 1808; x_wconf 88' lang='lat' dir='ltr'><strong>actus.</strong></span> 
     </span>
    </p>
   </div>
   <div class='ocr_carea' id='block_1_20' title="bbox 259 1845 1786 1917">
    <p class='ocr_par' dir='ltr' id='par_1_20' title="bbox 259 1845 1786 1917">
     <span class='ocr_line' id='line_1_20' title="bbox 259 1845 1786 1917; baseline 0 -17"><span class='ocrx_word' id='word_1_133' title='bbox 259 1848 346 1901; x_wconf 85' lang='lat'><strong>2|.</strong></span> <span class='ocrx_word' id='word_1_134' title='bbox 387 1846 454 1902; x_wconf 83' lang='lat' dir='ltr'><strong>Et</strong></span> <span class='ocrx_word' id='word_1_135' title='bbox 484 1846 601 1901; x_wconf 69' lang='lat' dir='ltr'><strong>hare</strong></span> <span class='ocrx_word' id='word_1_136' title='bbox 630 1857 736 1913; x_wconf 91' lang='lat' dir='ltr'><strong>est,</strong></span> <span class='ocrx_word' id='word_1_137' title='bbox 780 1861 902 1917; x_wconf 77' lang='lat' dir='ltr'><strong>quae</strong></span> <span class='ocrx_word' id='word_1_138' title='bbox 945 1845 998 1901; x_wconf 92' lang='lat' dir='ltr'><strong>in</strong></span> <span class='ocrx_word' id='word_1_139' title='bbox 1034 1845 1254 1901; x_wconf 90' lang='lat' dir='ltr'><strong>occulto</strong></span> <span class='ocrx_word' id='word_1_140' title='bbox 1295 1854 1380 1900; x_wconf 91' lang='lat' dir='ltr'><strong>est</strong></span> <span class='ocrx_word' id='word_1_141' title='bbox 1418 1846 1786 1914; x_wconf 89' lang='lat' dir='ltr'><strong>circumcisio,</strong></span> 
     </span>
    </p>
   </div>
   <div class='ocr_carea' id='block_1_21' title="bbox 189 1940 1789 2011">
    <p class='ocr_par' dir='ltr' id='par_1_21' title="bbox 189 1940 1789 2011">
     <span class='ocr_line' id='line_1_21' title="bbox 189 1940 1789 2011; baseline 0.001 -15"><span class='ocrx_word' id='word_1_142' title='bbox 189 1942 330 1997; x_wconf 82' lang='lat' dir='ltr'><strong>sicut</strong></span> <span class='ocrx_word' id='word_1_143' title='bbox 359 1941 633 1997; x_wconf 82' lang='lat' dir='ltr'><strong>Abraham</strong></span> <span class='ocrx_word' id='word_1_144' title='bbox 681 1955 810 1997; x_wconf 83' lang='lat' dir='ltr'><strong>ante</strong></span> <span class='ocrx_word' id='word_1_145' title='bbox 859 1941 911 1995; x_wconf 93' lang='lat' dir='ltr'><strong>in</strong></span> <span class='ocrx_word' id='word_1_146' title='bbox 942 1941 1210 2011; x_wconf 67' lang='lat' dir='ltr'><strong>prmputio</strong></span> <span class='ocrx_word' id='word_1_147' title='bbox 1231 1949 1374 2006; x_wconf 90' lang='lat' dir='ltr'><strong>erat,</strong></span> <span class='ocrx_word' id='word_1_148' title='bbox 1408 1949 1596 2010; x_wconf 86' lang='lat' dir='ltr'><strong>postea</strong></span> <span class='ocrx_word' id='word_1_149' title='bbox 1611 1940 1789 1997; x_wconf 82' lang='lat' dir='ltr'><strong>lactus</strong></span> 
     </span>
    </p>
   </div>
   <div class='ocr_carea' id='block_1_22' title="bbox 189 2031 1793 2105">
    <p class='ocr_par' dir='ltr' id='par_1_22' title="bbox 189 2031 1793 2105">
     <span class='ocr_line' id='line_1_22' title="bbox 189 2031 1793 2105; baseline -0.002 -15"><span class='ocrx_word' id='word_1_150' title='bbox 189 2045 274 2090; x_wconf 85' lang='lat' dir='ltr'><strong>est</strong></span> <span class='ocrx_word' id='word_1_151' title='bbox 324 2036 375 2089; x_wconf 89' lang='lat' dir='ltr'><strong>itt</strong></span> <span class='ocrx_word' id='word_1_152' title='bbox 423 2033 840 2090; x_wconf 86' lang='lat' dir='ltr'><strong>circumcisione</strong></span> <span class='ocrx_word' id='word_1_153' title='bbox 893 2031 1089 2105; x_wconf 83' lang='lat' dir='ltr'><strong>(Rom.</strong></span> <span class='ocrx_word' id='word_1_154' title='bbox 1120 2049 1214 2099; x_wconf 87' lang='lat' dir='ltr'><strong>tv,</strong></span> <span class='ocrx_word' id='word_1_155' title='bbox 1251 2033 1362 2104; x_wconf 80' lang='lat' dir='ltr'><strong>ll).</strong></span> <span class='ocrx_word' id='word_1_156' title='bbox 1411 2033 1503 2089; x_wconf 90' lang='lat' dir='ltr'><strong>Sic</strong></span> <span class='ocrx_word' id='word_1_157' title='bbox 1560 2032 1793 2089; x_wconf 86' lang='lat' dir='ltr'><strong>interior</strong></span> 
     </span>
    </p>
   </div>
   <div class='ocr_carea' id='block_1_23' title="bbox 196 2124 1794 2197">
    <p class='ocr_par' dir='ltr' id='par_1_23' title="bbox 196 2124 1794 2197">
     <span class='ocr_line' id='line_1_23' title="bbox 196 2124 1794 2197; baseline 0 -16"><span class='ocrx_word' id='word_1_158' title='bbox 196 2129 361 2182; x_wconf 90' lang='lat' dir='ltr'><strong>homo</strong></span> <span class='ocrx_word' id='word_1_159' title='bbox 392 2136 596 2193; x_wconf 91' lang='lat' dir='ltr'><strong>noster,</strong></span> <span class='ocrx_word' id='word_1_160' title='bbox 621 2125 836 2197; x_wconf 87' lang='lat' dir='ltr'><strong>quando</strong></span> <span class='ocrx_word' id='word_1_161' title='bbox 863 2136 947 2182; x_wconf 85' lang='lat' dir='ltr'><strong>est</strong></span> <span class='ocrx_word' id='word_1_162' title='bbox 973 2124 1026 2180; x_wconf 91' lang='lat' dir='ltr'><strong>itt</strong></span> <span class='ocrx_word' id='word_1_163' title='bbox 1055 2140 1242 2192; x_wconf 90' lang='lat' dir='ltr'><strong>carne,</strong></span> <span class='ocrx_word' id='word_1_164' title='bbox 1277 2134 1550 2197; x_wconf 88' lang='lat' dir='ltr'><strong>tamquam</strong></span> <span class='ocrx_word' id='word_1_165' title='bbox 1579 2126 1630 2180; x_wconf 88' lang='lat' dir='ltr'><strong>itt</strong></span> <span class='ocrx_word' id='word_1_166' title='bbox 1657 2141 1794 2196; x_wconf 74' lang='lat' dir='ltr'><strong>pra:-</strong></span> 
     </span>
    </p>
   </div>
   <div class='ocr_carea' id='block_1_24' title="bbox 199 2218 1792 2290">
    <p class='ocr_par' dir='ltr' id='par_1_24' title="bbox 199 2218 1792 2290">
     <span class='ocr_line' id='line_1_24' title="bbox 199 2218 1792 2290; baseline 0 -15"><span class='ocrx_word' id='word_1_167' title='bbox 199 2221 350 2289; x_wconf 92' lang='lat' dir='ltr'><strong>putio</strong></span> <span class='ocrx_word' id='word_1_168' title='bbox 381 2228 500 2286; x_wconf 89' lang='lat' dir='ltr'><strong>est;</strong></span> <span class='ocrx_word' id='word_1_169' title='bbox 533 2219 748 2289; x_wconf 88' lang='lat' dir='ltr'><strong>quando</strong></span> <span class='ocrx_word' id='word_1_170' title='bbox 774 2227 956 2275; x_wconf 90' lang='lat' dir='ltr'><strong>autem</strong></span> <span class='ocrx_word' id='word_1_171' title='bbox 984 2218 1098 2290; x_wconf 89' lang='lat' dir='ltr'><strong>jam</strong></span> <span class='ocrx_word' id='word_1_172' title='bbox 1127 2234 1235 2274; x_wconf 92' lang='lat' dir='ltr'><strong>non</strong></span> <span class='ocrx_word' id='word_1_173' title='bbox 1267 2228 1354 2275; x_wconf 91' lang='lat' dir='ltr'><strong>est</strong></span> <span class='ocrx_word' id='word_1_174' title='bbox 1381 2220 1434 2274; x_wconf 83' lang='lat' dir='ltr'><strong>iit</strong></span> <span class='ocrx_word' id='word_1_175' title='bbox 1463 2234 1628 2275; x_wconf 88' lang='lat' dir='ltr'><strong>carne</strong></span> <span class='ocrx_word' id='word_1_176' title='bbox 1650 2261 1664 2287; x_wconf 94' lang='lat'><strong>,</strong></span> <span class='ocrx_word' id='word_1_177' title='bbox 1697 2219 1792 2275; x_wconf 92' lang='lat' dir='ltr'><strong>sed</strong></span> 
     </span>
    </p>
   </div>
   <div class='ocr_carea' id='block_1_25' title="bbox 198 2311 1796 2384">
    <p class='ocr_par' dir='ltr' id='par_1_25' title="bbox 198 2311 1796 2384">
     <span class='ocr_line' id='line_1_25' title="bbox 198 2311 1796 2384; baseline -0.003 -15"><span class='ocrx_word' id='word_1_178' title='bbox 198 2315 254 2369; x_wconf 89' lang='lat' dir='ltr'><strong>itt</strong></span> <span class='ocrx_word' id='word_1_179' title='bbox 285 2311 502 2384; x_wconf 80' lang='lat' dir='ltr'><strong>spiritu,</strong></span> <span class='ocrx_word' id='word_1_180' title='bbox 537 2313 726 2382; x_wconf 90' lang='lat' dir='ltr'><strong>incipit</strong></span> <span class='ocrx_word' id='word_1_181' title='bbox 750 2326 872 2368; x_wconf 89' lang='lat' dir='ltr'><strong>esse</strong></span> <span class='ocrx_word' id='word_1_182' title='bbox 900 2313 952 2367; x_wconf 92' lang='lat' dir='ltr'><strong>in</strong></span> <span class='ocrx_word' id='word_1_183' title='bbox 977 2312 1412 2376; x_wconf 89' lang='lat' dir='ltr'><strong>circumcisione,</strong></span> <span class='ocrx_word' id='word_1_184' title='bbox 1446 2326 1553 2366; x_wconf 90' lang='lat' dir='ltr'><strong>non</strong></span> <span class='ocrx_word' id='word_1_185' title='bbox 1577 2311 1630 2365; x_wconf 91' lang='lat' dir='ltr'><strong>in</strong></span> <span class='ocrx_word' id='word_1_186' title='bbox 1660 2326 1796 2380; x_wconf 72' lang='lat' dir='ltr'><strong>pra:-</strong></span> 
     </span>
    </p>
   </div>
   <div class='ocr_carea' id='block_1_26' title="bbox 201 2403 1795 2476">
    <p class='ocr_par' dir='ltr' id='par_1_26' title="bbox 201 2403 1795 2476">
     <span class='ocr_line' id='line_1_26' title="bbox 201 2403 1795 2476; baseline -0.001 -18"><span class='ocrx_word' id='word_1_187' title='bbox 201 2403 372 2476; x_wconf 75' lang='lat' dir='ltr'><strong>putiu.</strong></span> <span class='ocrx_word' id='word_1_188' title='bbox 405 2403 553 2460; x_wconf 91' lang='lat' dir='ltr'><strong>Sicut</strong></span> <span class='ocrx_word' id='word_1_189' title='bbox 581 2413 760 2460; x_wconf 88' lang='lat' dir='ltr'><strong>autem</strong></span> <span class='ocrx_word' id='word_1_190' title='bbox 781 2403 870 2475; x_wconf 94' lang='lat' dir='ltr'><strong>qui</strong></span> <span class='ocrx_word' id='word_1_191' title='bbox 897 2403 1330 2468; x_wconf 88' lang='lat' dir='ltr'><strong>circumciditur,</strong></span> <span class='ocrx_word' id='word_1_192' title='bbox 1357 2416 1464 2457; x_wconf 91' lang='lat' dir='ltr'><strong>non</strong></span> <span class='ocrx_word' id='word_1_193' title='bbox 1486 2409 1654 2457; x_wconf 87' lang='lat' dir='ltr'><strong>totam</strong></span> <span class='ocrx_word' id='word_1_194' title='bbox 1677 2416 1795 2456; x_wconf 87' lang='lat' dir='ltr'><strong>car-</strong></span> 
     </span>
    </p>
   </div>
   <div class='ocr_carea' id='block_1_27' title="bbox 203 2496 1799 2571">
    <p class='ocr_par' dir='ltr' id='par_1_27' title="bbox 203 2496 1799 2571">
     <span class='ocr_line' id='line_1_27' title="bbox 203 2496 1799 2571; baseline -0.005 -13"><span class='ocrx_word' id='word_1_195' title='bbox 203 2518 328 2558; x_wconf 88' lang='lat' dir='ltr'><strong>nem</strong></span> <span class='ocrx_word' id='word_1_196' title='bbox 379 2501 563 2566; x_wconf 84' lang='lat' dir='ltr'><strong>exuit,</strong></span> <span class='ocrx_word' id='word_1_197' title='bbox 609 2501 704 2558; x_wconf 87' lang='lat' dir='ltr'><strong>sed</strong></span> <span class='ocrx_word' id='word_1_198' title='bbox 751 2502 926 2557; x_wconf 92' lang='lat' dir='ltr'><strong>solum</strong></span> <span class='ocrx_word' id='word_1_199' title='bbox 957 2499 1318 2571; x_wconf 69' lang='lat' dir='ltr'><strong>prteputium,</strong></span> <span class='ocrx_word' id='word_1_200' title='bbox 1350 2498 1440 2552; x_wconf 89' lang='lat' dir='ltr'><strong>ubi</strong></span> <span class='ocrx_word' id='word_1_201' title='bbox 1485 2496 1799 2567; x_wconf 88' lang='lat' dir='ltr'><strong>corruptela</strong></span> 
     </span>
    </p>
   </div>
   <div class='ocr_carea' id='block_1_28' title="bbox 201 2589 1796 2664">
    <p class='ocr_par' dir='ltr' id='par_1_28' title="bbox 201 2589 1796 2664">
     <span class='ocr_line' id='line_1_28' title="bbox 201 2589 1796 2664; baseline -0.003 -16"><span class='ocrx_word' id='word_1_202' title='bbox 201 2594 560 2664; x_wconf 85' lang='lat' dir='ltr'><strong>frequentior;</strong></span> <span class='ocrx_word' id='word_1_203' title='bbox 593 2594 668 2648; x_wconf 92' lang='lat' dir='ltr'><strong>ita</strong></span> <span class='ocrx_word' id='word_1_204' title='bbox 691 2593 784 2663; x_wconf 89' lang='lat' dir='ltr'><strong>qui</strong></span> <span class='ocrx_word' id='word_1_205' title='bbox 811 2593 864 2646; x_wconf 94' lang='lat' dir='ltr'><strong>in</strong></span> <span class='ocrx_word' id='word_1_206' title='bbox 884 2592 1104 2646; x_wconf 90' lang='lat' dir='ltr'><strong>occulto</strong></span> <span class='ocrx_word' id='word_1_207' title='bbox 1120 2589 1553 2656; x_wconf 90' lang='lat' dir='ltr'><strong>circumciditur,</strong></span> <span class='ocrx_word' id='word_1_208' title='bbox 1572 2604 1796 2645; x_wconf 90' lang='lat' dir='ltr'><strong>carnem</strong></span> 
     </span>
    </p>
   </div>
   <div class='ocr_carea' id='block_1_29' title="bbox 208 2686 1797 2760">
    <p class='ocr_par' dir='ltr' id='par_1_29' title="bbox 208 2686 1797 2760">
     <span class='ocr_line' id='line_1_29' title="bbox 208 2686 1797 2760; baseline -0.006 -14"><span class='ocrx_word' id='word_1_209' title='bbox 208 2691 355 2746; x_wconf 87' lang='lat' dir='ltr'><strong>illam</strong></span> <span class='ocrx_word' id='word_1_210' title='bbox 378 2690 546 2755; x_wconf 78' lang='lat' dir='ltr'><strong>exuit,</strong></span> <span class='ocrx_word' id='word_1_211' title='bbox 571 2689 639 2745; x_wconf 90' lang='lat' dir='ltr'><strong>de</strong></span> <span class='ocrx_word' id='word_1_212' title='bbox 660 2703 765 2760; x_wconf 88' lang='lat' dir='ltr'><strong>qua</strong></span> <span class='ocrx_word' id='word_1_213' title='bbox 787 2686 1049 2757; x_wconf 90' lang='lat' dir='ltr'><strong>scriptum</strong></span> <span class='ocrx_word' id='word_1_214' title='bbox 1076 2692 1192 2741; x_wconf 90' lang='lat' dir='ltr'><strong>est:</strong></span> <span class='ocrx_word' id='word_1_215' title='bbox 1235 2686 1418 2740; x_wconf 85' lang='lat' dir='ltr'><strong>Omnis</strong></span> <span class='ocrx_word' id='word_1_216' title='bbox 1447 2700 1570 2739; x_wconf 86' lang='lat' dir='ltr'><strong>caro</strong></span> <span class='ocrx_word' id='word_1_217' title='bbox 1591 2687 1766 2757; x_wconf 84' lang='lat' dir='ltr'><strong>fenum</strong></span> <span class='ocrx_word' id='word_1_218' title='bbox 1783 2725 1797 2752; x_wconf 90' lang='lat'><strong>,</strong></span> 
     </span>
    </p>
   </div>
   <div class='ocr_carea' id='block_1_30' title="bbox 209 2777 1802 2852">
    <p class='ocr_par' dir='ltr' id='par_1_30' title="bbox 209 2777 1802 2852">
     <span class='ocr_line' id='line_1_30' title="bbox 209 2777 1802 2852; baseline -0.003 -17"><span class='ocrx_word' id='word_1_219' title='bbox 209 2793 256 2835; x_wconf 83' lang='lat' dir='ltr'><strong>et</strong></span> <span class='ocrx_word' id='word_1_220' title='bbox 287 2782 452 2836; x_wconf 85' lang='lat' dir='ltr'><strong>omnis</strong></span> <span class='ocrx_word' id='word_1_221' title='bbox 480 2779 648 2849; x_wconf 81' lang='lat' dir='ltr'><strong>gloria</strong></span> <span class='ocrx_word' id='word_1_222' title='bbox 673 2782 816 2852; x_wconf 88' lang='lat' dir='ltr'><strong>ejus,</strong></span> <span class='ocrx_word' id='word_1_223' title='bbox 851 2786 907 2830; x_wconf 90' lang='lat' dir='ltr'><strong>ut</strong></span> <span class='ocrx_word' id='word_1_224' title='bbox 927 2779 1025 2848; x_wconf 82' lang='lat' dir='ltr'><strong>ﬂos</strong></span> <span class='ocrx_word' id='word_1_225' title='bbox 1055 2777 1181 2847; x_wconf 78' lang='lat' dir='ltr'><strong>feni.</strong></span> <span class='ocrx_word' id='word_1_226' title='bbox 1209 2777 1360 2831; x_wconf 83' lang='lat' dir='ltr'><strong>Aruit</strong></span> <span class='ocrx_word' id='word_1_227' title='bbox 1382 2778 1587 2847; x_wconf 77' lang='lat' dir='ltr'><strong>fenum,</strong></span> <span class='ocrx_word' id='word_1_228' title='bbox 1617 2784 1670 2830; x_wconf 90' lang='lat' dir='ltr'><strong>et</strong></span> <span class='ocrx_word' id='word_1_229' title='bbox 1703 2777 1802 2846; x_wconf 84' lang='lat' dir='ltr'><strong>ﬂos</strong></span> 
     </span>
    </p>
   </div>
   <div class='ocr_carea' id='block_1_31' title="bbox 211 2867 1802 2941">
    <p class='ocr_par' dir='ltr' id='par_1_31' title="bbox 211 2867 1802 2941">
     <span class='ocr_line' id='line_1_31' title="bbox 211 2867 1802 2941; baseline -0.004 -13"><span class='ocrx_word' id='word_1_230' title='bbox 211 2874 324 2941; x_wconf 80' lang='lat' dir='ltr'><strong>eius</strong></span> <span class='ocrx_word' id='word_1_231' title='bbox 354 2871 582 2926; x_wconf 64' lang='lat' dir='ltr'><strong>decidit:</strong></span> <span class='ocrx_word' id='word_1_232' title='bbox 612 2871 822 2926; x_wconf 78' lang='lat' dir='ltr'><strong>uerbum</strong></span> <span class='ocrx_word' id='word_1_233' title='bbox 835 2881 1009 2924; x_wconf 87' lang='lat' dir='ltr'><strong>autem</strong></span> <span class='ocrx_word' id='word_1_234' title='bbox 1042 2867 1249 2924; x_wconf 84' lang='lat' dir='ltr'><strong>Domini</strong></span> <span class='ocrx_word' id='word_1_235' title='bbox 1279 2877 1450 2923; x_wconf 88' lang='lat' dir='ltr'><strong>manet</strong></span> <span class='ocrx_word' id='word_1_236' title='bbox 1470 2871 1523 2923; x_wconf 89' lang='lat' dir='ltr'><strong>in</strong></span> <span class='ocrx_word' id='word_1_237' title='bbox 1552 2879 1802 2923; x_wconf 77' lang='lat' dir='ltr'><strong>wternum</strong></span> 
     </span>
    </p>
   </div>
   <div class='ocr_carea' id='block_1_32' title="bbox 214 2961 1804 3036">
    <p class='ocr_par' dir='ltr' id='par_1_32' title="bbox 214 2961 1804 3036">
     <span class='ocr_line' id='line_1_32' title="bbox 214 2961 1804 3036; baseline -0.002 -17"><span class='ocrx_word' id='word_1_238' title='bbox 214 2965 386 3036; x_wconf 85' lang='lat' dir='ltr'><strong>(Esai.</strong></span> <span class='ocrx_word' id='word_1_239' title='bbox 419 2981 508 3031; x_wconf 61' lang='grc' dir='ltr'><strong>χι,</strong></span> <span class='ocrx_word' id='word_1_240' title='bbox 538 2963 594 3031; x_wconf 80' lang='lat'><strong>6,</strong></span> <span class='ocrx_word' id='word_1_241' title='bbox 628 2963 704 3027; x_wconf 75' lang='grc' dir='ltr'><strong>Ἰ).</strong></span> <span class='ocrx_word' id='word_1_242' title='bbox 738 2963 806 3018; x_wconf 89' lang='lat' dir='ltr'><strong>Et</strong></span> <span class='ocrx_word' id='word_1_243' title='bbox 835 2972 1080 3018; x_wconf 88' lang='lat' dir='ltr'><strong>remanet</strong></span> <span class='ocrx_word' id='word_1_244' title='bbox 1105 2976 1254 3028; x_wconf 89' lang='lat' dir='ltr'><strong>caro,</strong></span> <span class='ocrx_word' id='word_1_245' title='bbox 1283 2977 1406 3034; x_wconf 67' lang='lat' dir='ltr'><strong>quae</strong></span> <span class='ocrx_word' id='word_1_246' title='bbox 1426 2961 1632 3017; x_wconf 84' lang='lat' dir='ltr'><strong>videbit</strong></span> <span class='ocrx_word' id='word_1_247' title='bbox 1659 2961 1804 3017; x_wconf 89' lang='lat' dir='ltr'><strong>salu-</strong></span> 
     </span>
    </p>
   </div>
   <div class='ocr_carea' id='block_1_33' title="bbox 217 3055 1806 3128">
    <p class='ocr_par' dir='ltr' id='par_1_33' title="bbox 217 3055 1806 3128">
     <span class='ocr_line' id='line_1_33' title="bbox 217 3055 1806 3128; baseline -0.002 -14"><span class='ocrx_word' id='word_1_248' title='bbox 217 3068 332 3114; x_wconf 88' lang='lat' dir='ltr'><strong>tare</strong></span> <span class='ocrx_word' id='word_1_249' title='bbox 357 3059 494 3124; x_wconf 86' lang='lat' dir='ltr'><strong>Dei,</strong></span> <span class='ocrx_word' id='word_1_250' title='bbox 543 3059 686 3113; x_wconf 90' lang='lat' dir='ltr'><strong>sicut</strong></span> <span class='ocrx_word' id='word_1_251' title='bbox 727 3057 990 3128; x_wconf 89' lang='lat' dir='ltr'><strong>scriptum</strong></span> <span class='ocrx_word' id='word_1_252' title='bbox 1022 3064 1136 3112; x_wconf 87' lang='lat' dir='ltr'><strong>est:</strong></span> <span class='ocrx_word' id='word_1_253' title='bbox 1176 3055 1240 3110; x_wconf 90' lang='lat' dir='ltr'><strong>Et</strong></span> <span class='ocrx_word' id='word_1_254' title='bbox 1261 3057 1446 3111; x_wconf 78' lang='lat' dir='ltr'><strong>videbit</strong></span> <span class='ocrx_word' id='word_1_255' title='bbox 1475 3057 1642 3110; x_wconf 84' lang='lat' dir='ltr'><strong>omnis</strong></span> <span class='ocrx_word' id='word_1_256' title='bbox 1685 3073 1806 3111; x_wconf 89' lang='lat' dir='ltr'><strong>caro</strong></span> 
     </span>
    </p>
   </div>
   <div class='ocr_carea' id='block_1_34' title="bbox 1874 446 3471 520">
    <p class='ocr_par' dir='ltr' id='par_1_34' title="bbox 1874 446 3471 520">
     <span class='ocr_line' id='line_1_34' title="bbox 1874 446 3471 520; baseline 0.001 -18"><span class='ocrx_word' id='word_1_257' title='bbox 1874 449 2033 512; x_wconf 85' lang='lat' dir='ltr'><strong>ratio,</strong></span> <span class='ocrx_word' id='word_1_258' title='bbox 2065 462 2224 516; x_wconf 87' lang='lat' dir='ltr'><strong>qttant</strong></span> <span class='ocrx_word' id='word_1_259' title='bbox 2245 447 2356 514; x_wconf 88' lang='lat' dir='ltr'><strong>jam</strong></span> <span class='ocrx_word' id='word_1_260' title='bbox 2380 462 2599 501; x_wconf 86' lang='lat' dir='ltr'><strong>cessare</strong></span> <span class='ocrx_word' id='word_1_261' title='bbox 2628 446 2883 504; x_wconf 83' lang='lat' dir='ltr'><strong>debuerit</strong></span> <span class='ocrx_word' id='word_1_262' title='bbox 2911 449 3160 520; x_wconf 69' lang='lat' dir='ltr'><strong>prarputii</strong></span> <span class='ocrx_word' id='word_1_263' title='bbox 3183 449 3471 504; x_wconf 88' lang='lat' dir='ltr'><strong>circumci-</strong></span> 
     </span>
    </p>
   </div>
   <div class='ocr_carea' id='block_1_35' title="bbox 1875 539 3474 612">
    <p class='ocr_par' dir='ltr' id='par_1_35' title="bbox 1875 539 3474 612">
     <span class='ocr_line' id='line_1_35' title="bbox 1875 539 3474 612; baseline 0.001 -17"><span class='ocrx_word' id='word_1_264' title='bbox 1875 541 1986 605; x_wconf 89' lang='lat' dir='ltr'><strong>sio;</strong></span> <span class='ocrx_word' id='word_1_265' title='bbox 2012 540 2138 610; x_wconf 89' lang='lat' dir='ltr'><strong>quia</strong></span> <span class='ocrx_word' id='word_1_266' title='bbox 2155 539 2438 609; x_wconf 90' lang='lat' dir='ltr'><strong>plenitudo</strong></span> <span class='ocrx_word' id='word_1_267' title='bbox 2457 540 2698 610; x_wconf 90' lang='lat' dir='ltr'><strong>gentium</strong></span> <span class='ocrx_word' id='word_1_268' title='bbox 2724 541 3027 596; x_wconf 73' lang='lat' dir='ltr'><strong>venit.l\‘on</strong></span> <span class='ocrx_word' id='word_1_269' title='bbox 3052 543 3197 598; x_wconf 91' lang='lat' dir='ltr'><strong>enim</strong></span> <span class='ocrx_word' id='word_1_270' title='bbox 3221 542 3474 612; x_wconf 83' lang='lat' dir='ltr'><strong>gentibus</strong></span> 
     </span>
    </p>
   </div>
   <div class='ocr_carea' id='block_1_36' title="bbox 1871 632 3474 701">
    <p class='ocr_par' dir='ltr' id='par_1_36' title="bbox 1871 632 3474 701">
     <span class='ocr_line' id='line_1_36' title="bbox 1871 632 3474 701; baseline 0.002 -13"><span class='ocrx_word' id='word_1_271' title='bbox 1871 633 2221 689; x_wconf 87' lang='lat' dir='ltr'><strong>circumcisio</strong></span> <span class='ocrx_word' id='word_1_272' title='bbox 2262 632 2515 688; x_wconf 85' lang='lat' dir='ltr'><strong>mandata</strong></span> <span class='ocrx_word' id='word_1_273' title='bbox 2545 643 2651 700; x_wconf 89' lang='lat' dir='ltr'><strong>est,</strong></span> <span class='ocrx_word' id='word_1_274' title='bbox 2684 633 2782 690; x_wconf 90' lang='lat' dir='ltr'><strong>sed</strong></span> <span class='ocrx_word' id='word_1_275' title='bbox 2826 634 3022 690; x_wconf 90' lang='lat' dir='ltr'><strong>semini</strong></span> <span class='ocrx_word' id='word_1_276' title='bbox 3055 634 3361 701; x_wconf 79' lang='lat' dir='ltr'><strong>Abraham;</strong></span> <span class='ocrx_word' id='word_1_277' title='bbox 3395 635 3474 691; x_wconf 86' lang='lat' dir='ltr'><strong>sic</strong></span> 
     </span>
    </p>
   </div>
   <div class='ocr_carea' id='block_1_37' title="bbox 1875 724 3477 796">
    <p class='ocr_par' dir='ltr' id='par_1_37' title="bbox 1875 724 3477 796">
     <span class='ocr_line' id='line_1_37' title="bbox 1875 724 3477 796; baseline -0.002 -13"><span class='ocrx_word' id='word_1_278' title='bbox 1875 727 2023 783; x_wconf 80' lang='lat' dir='ltr'><strong>enim</strong></span> <span class='ocrx_word' id='word_1_279' title='bbox 2078 725 2246 782; x_wconf 89' lang='lat' dir='ltr'><strong>habes</strong></span> <span class='ocrx_word' id='word_1_280' title='bbox 2295 724 2350 779; x_wconf 92' lang='lat' dir='ltr'><strong>in</strong></span> <span class='ocrx_word' id='word_1_281' title='bbox 2399 725 2578 796; x_wconf 90' lang='lat' dir='ltr'><strong>primo</strong></span> <span class='ocrx_word' id='word_1_282' title='bbox 2623 726 2887 781; x_wconf 91' lang='lat' dir='ltr'><strong>oraculo:</strong></span> <span class='ocrx_word' id='word_1_283' title='bbox 2945 725 3015 780; x_wconf 84' lang='lat' dir='ltr'><strong>Et</strong></span> <span class='ocrx_word' id='word_1_284' title='bbox 3055 727 3185 780; x_wconf 80' lang='lat' dir='ltr'><strong>dixit</strong></span> <span class='ocrx_word' id='word_1_285' title='bbox 3226 726 3366 782; x_wconf 88' lang='lat' dir='ltr'><strong>Deus</strong></span> <span class='ocrx_word' id='word_1_286' title='bbox 3409 728 3477 781; x_wconf 90' lang='lat' dir='ltr'><strong>ad</strong></span> 
     </span>
    </p>
   </div>
   <div class='ocr_carea' id='block_1_38' title="bbox 1879 817 3477 887">
    <p class='ocr_par' dir='ltr' id='par_1_38' title="bbox 1879 817 3477 887">
     <span class='ocr_line' id='line_1_38' title="bbox 1879 817 3477 887; baseline 0.003 -15"><span class='ocrx_word' id='word_1_287' title='bbox 1879 818 2138 873; x_wconf 81' lang='lat' dir='ltr'><strong>Abraham</strong></span> <span class='ocrx_word' id='word_1_288' title='bbox 2167 835 2185 873; x_wconf 88' lang='lat'><strong><em>:</em></strong></span> <span class='ocrx_word' id='word_1_289' title='bbox 2217 819 2297 873; x_wconf 84' lang='lat' dir='ltr'><strong>Tu</strong></span> <span class='ocrx_word' id='word_1_290' title='bbox 2327 827 2500 873; x_wconf 89' lang='lat' dir='ltr'><strong>autem</strong></span> <span class='ocrx_word' id='word_1_291' title='bbox 2528 817 2915 874; x_wconf 75' lang='lat' dir='ltr'><strong>Testamentum</strong></span> <span class='ocrx_word' id='word_1_292' title='bbox 2957 837 3125 876; x_wconf 83' lang='lat' dir='ltr'><strong>meum</strong></span> <span class='ocrx_word' id='word_1_293' title='bbox 3168 821 3477 887; x_wconf 77' lang='lat' dir='ltr'><strong>observabis,</strong></span> 
     </span>
    </p>
   </div>
   <div class='ocr_carea' id='block_1_39' title="bbox 1880 914 3482 986">
    <p class='ocr_par' dir='ltr' id='par_1_39' title="bbox 1880 914 3482 986">
     <span class='ocr_line' id='line_1_39' title="bbox 1880 914 3482 986; baseline 0.002 -21"><span class='ocrx_word' id='word_1_294' title='bbox 1880 921 1935 965; x_wconf 89' lang='lat' dir='ltr'><strong>tu</strong></span> <span class='ocrx_word' id='word_1_295' title='bbox 1958 923 2007 967; x_wconf 92' lang='lat' dir='ltr'><strong>et</strong></span> <span class='ocrx_word' id='word_1_296' title='bbox 2033 929 2203 967; x_wconf 83' lang='lat' dir='ltr'><strong>semen</strong></span> <span class='ocrx_word' id='word_1_297' title='bbox 2249 925 2396 966; x_wconf 89' lang='lat' dir='ltr'><strong>tuum</strong></span> <span class='ocrx_word' id='word_1_298' title='bbox 2434 921 2549 982; x_wconf 86' lang='lat' dir='ltr'><strong>post</strong></span> <span class='ocrx_word' id='word_1_299' title='bbox 2579 922 2628 968; x_wconf 92' lang='lat' dir='ltr'><strong>te</strong></span> <span class='ocrx_word' id='word_1_300' title='bbox 2675 915 2729 968; x_wconf 89' lang='lat' dir='ltr'><strong>in</strong></span> <span class='ocrx_word' id='word_1_301' title='bbox 2757 914 3028 986; x_wconf 88' lang='lat' dir='ltr'><strong>progenies</strong></span> <span class='ocrx_word' id='word_1_302' title='bbox 3057 932 3253 970; x_wconf 87' lang='lat' dir='ltr'><strong>eorum.</strong></span> <span class='ocrx_word' id='word_1_303' title='bbox 3294 915 3357 970; x_wconf 82' lang='lat' dir='ltr'><strong>Et</strong></span> <span class='ocrx_word' id='word_1_304' title='bbox 3386 915 3482 971; x_wconf 87' lang='lat' dir='ltr'><strong>hoc</strong></span> 
     </span>
    </p>
   </div>
   <div class='ocr_carea' id='block_1_40' title="bbox 1877 1005 3483 1077">
    <p class='ocr_par' dir='ltr' id='par_1_40' title="bbox 1877 1005 3483 1077">
     <span class='ocr_line' id='line_1_40' title="bbox 1877 1005 3483 1077; baseline 0.002 -17"><span class='ocrx_word' id='word_1_305' title='bbox 1877 1014 1952 1061; x_wconf 88' lang='lat' dir='ltr'><strong>est</strong></span> <span class='ocrx_word' id='word_1_306' title='bbox 1982 1005 2362 1061; x_wconf 82' lang='lat' dir='ltr'><strong>Testamentum</strong></span> <span class='ocrx_word' id='word_1_307' title='bbox 2406 1023 2575 1061; x_wconf 87' lang='lat' dir='ltr'><strong>meum</strong></span> <span class='ocrx_word' id='word_1_308' title='bbox 2602 1049 2616 1073; x_wconf 93' lang='lat'><strong>,</strong></span> <span class='ocrx_word' id='word_1_309' title='bbox 2658 1007 2800 1077; x_wconf 86' lang='lat' dir='ltr'><strong>quod</strong></span> <span class='ocrx_word' id='word_1_310' title='bbox 2827 1008 3121 1064; x_wconf 82' lang='lat' dir='ltr'><strong>observabis</strong></span> <span class='ocrx_word' id='word_1_311' title='bbox 3149 1011 3282 1064; x_wconf 80' lang='lat' dir='ltr'><strong>inter</strong></span> <span class='ocrx_word' id='word_1_312' title='bbox 3319 1026 3400 1065; x_wconf 87' lang='lat' dir='ltr'><strong>me</strong></span> <span class='ocrx_word' id='word_1_313' title='bbox 3436 1019 3483 1065; x_wconf 88' lang='lat' dir='ltr'><strong>et</strong></span> 
     </span>
    </p>
   </div>
   <div class='ocr_carea' id='block_1_41' title="bbox 1879 1101 3483 1173">
    <p class='ocr_par' dir='ltr' id='par_1_41' title="bbox 1879 1101 3483 1173">
     <span class='ocr_line' id='line_1_41' title="bbox 1879 1101 3483 1173; baseline 0.002 -18"><span class='ocrx_word' id='word_1_314' title='bbox 1879 1116 1992 1167; x_wconf 84' lang='lat' dir='ltr'><strong>vos,</strong></span> <span class='ocrx_word' id='word_1_315' title='bbox 2020 1109 2068 1154; x_wconf 88' lang='lat' dir='ltr'><strong>et</strong></span> <span class='ocrx_word' id='word_1_316' title='bbox 2093 1115 2266 1154; x_wconf 89' lang='lat' dir='ltr'><strong>semen</strong></span> <span class='ocrx_word' id='word_1_317' title='bbox 2306 1109 2451 1154; x_wconf 88' lang='lat' dir='ltr'><strong>tuum</strong></span> <span class='ocrx_word' id='word_1_318' title='bbox 2481 1109 2596 1172; x_wconf 86' lang='lat' dir='ltr'><strong>post</strong></span> <span class='ocrx_word' id='word_1_319' title='bbox 2643 1109 2690 1155; x_wconf 89' lang='lat' dir='ltr'><strong>te</strong></span> <span class='ocrx_word' id='word_1_320' title='bbox 2720 1101 2772 1154; x_wconf 91' lang='lat' dir='ltr'><strong>in</strong></span> <span class='ocrx_word' id='word_1_321' title='bbox 2824 1101 3093 1173; x_wconf 85' lang='lat' dir='ltr'><strong>progenies</strong></span> <span class='ocrx_word' id='word_1_322' title='bbox 3129 1118 3327 1156; x_wconf 89' lang='lat' dir='ltr'><strong>eorum.</strong></span> <span class='ocrx_word' id='word_1_323' title='bbox 3367 1101 3483 1158; x_wconf 88' lang='lat' dir='ltr'><strong>Cir-</strong></span> 
     </span>
    </p>
   </div>
   <div class='ocr_carea' id='block_1_42' title="bbox 1880 1193 3483 1262">
    <p class='ocr_par' dir='ltr' id='par_1_42' title="bbox 1880 1193 3483 1262">
     <span class='ocr_line' id='line_1_42' title="bbox 1880 1193 3483 1262; baseline 0.002 -15"><span class='ocrx_word' id='word_1_324' title='bbox 1880 1193 2199 1247; x_wconf 87' lang='lat' dir='ltr'><strong>cumcidetur</strong></span> <span class='ocrx_word' id='word_1_325' title='bbox 2223 1201 2445 1248; x_wconf 84' lang='lat' dir='ltr'><strong>vestrum</strong></span> <span class='ocrx_word' id='word_1_326' title='bbox 2467 1209 2618 1248; x_wconf 88' lang='lat' dir='ltr'><strong>omne</strong></span> <span class='ocrx_word' id='word_1_327' title='bbox 2638 1193 3007 1262; x_wconf 86' lang='lat' dir='ltr'><strong>masculinum,</strong></span> <span class='ocrx_word' id='word_1_328' title='bbox 3035 1203 3084 1248; x_wconf 90' lang='lat' dir='ltr'><strong>et</strong></span> <span class='ocrx_word' id='word_1_329' title='bbox 3106 1194 3483 1251; x_wconf 85' lang='lat' dir='ltr'><strong>circumcidetis</strong></span> 
     </span>
    </p>
   </div>
   <div class='ocr_carea' id='block_1_43' title="bbox 1881 1287 3485 1360">
    <p class='ocr_par' dir='ltr' id='par_1_43' title="bbox 1881 1287 3485 1360">
     <span class='ocr_line' id='line_1_43' title="bbox 1881 1287 3485 1360; baseline 0.004 -20"><span class='ocrx_word' id='word_1_330' title='bbox 1881 1302 2090 1340; x_wconf 85' lang='lat' dir='ltr'><strong>carnem</strong></span> <span class='ocrx_word' id='word_1_331' title='bbox 2122 1287 2364 1358; x_wconf 70' lang='lat' dir='ltr'><strong>pra&#39;putii</strong></span> <span class='ocrx_word' id='word_1_332' title='bbox 2390 1287 2564 1354; x_wconf 83' lang='lat' dir='ltr'><strong>vestri,</strong></span> <span class='ocrx_word' id='word_1_333' title='bbox 2598 1296 2646 1342; x_wconf 87' lang='lat' dir='ltr'><strong>et</strong></span> <span class='ocrx_word' id='word_1_334' title='bbox 2671 1288 2765 1343; x_wconf 89' lang='lat' dir='ltr'><strong>erit</strong></span> <span class='ocrx_word' id='word_1_335' title='bbox 2791 1289 2847 1343; x_wconf 90' lang='lat' dir='ltr'><strong>in</strong></span> <span class='ocrx_word' id='word_1_336' title='bbox 2873 1289 3022 1360; x_wconf 87' lang='lat' dir='ltr'><strong>signa</strong></span> <span class='ocrx_word' id='word_1_337' title='bbox 3065 1287 3374 1346; x_wconf 85' lang='lat' dir='ltr'><strong>Testamenti</strong></span> <span class='ocrx_word' id='word_1_338' title='bbox 3403 1291 3485 1346; x_wconf 87' lang='lat' dir='ltr'><strong>in-</strong></span> 
     </span>
    </p>
   </div>
   <div class='ocr_carea' id='block_1_44' title="bbox 1885 1377 3482 1450">
    <p class='ocr_par' dir='ltr' id='par_1_44' title="bbox 1885 1377 3482 1450">
     <span class='ocr_line' id='line_1_44' title="bbox 1885 1377 3482 1450; baseline 0.004 -20"><span class='ocrx_word' id='word_1_339' title='bbox 1885 1386 1958 1431; x_wconf 89' lang='lat' dir='ltr'><strong>ter</strong></span> <span class='ocrx_word' id='word_1_340' title='bbox 1981 1395 2058 1433; x_wconf 88' lang='lat' dir='ltr'><strong>me</strong></span> <span class='ocrx_word' id='word_1_341' title='bbox 2088 1389 2134 1432; x_wconf 91' lang='lat' dir='ltr'><strong>et</strong></span> <span class='ocrx_word' id='word_1_342' title='bbox 2165 1393 2272 1433; x_wconf 82' lang='lat' dir='ltr'><strong>uos.</strong></span> <span class='ocrx_word' id='word_1_343' title='bbox 2306 1377 2494 1450; x_wconf 79' lang='lat' dir='ltr'><strong>Infans</strong></span> <span class='ocrx_word' id='word_1_344' title='bbox 2521 1388 2634 1433; x_wconf 89' lang='lat' dir='ltr'><strong>octo</strong></span> <span class='ocrx_word' id='word_1_345' title='bbox 2675 1379 2878 1435; x_wconf 88' lang='lat' dir='ltr'><strong>dierum</strong></span> <span class='ocrx_word' id='word_1_346' title='bbox 2899 1381 3301 1436; x_wconf 88' lang='lat' dir='ltr'><strong>circuntcidetur</strong></span> <span class='ocrx_word' id='word_1_347' title='bbox 3321 1382 3482 1448; x_wconf 79' lang='lat' dir='ltr'><strong>vobis,</strong></span> 
     </span>
    </p>
   </div>
   <div class='ocr_carea' id='block_1_45' title="bbox 1886 1469 3484 1544">
    <p class='ocr_par' dir='ltr' id='par_1_45' title="bbox 1886 1469 3484 1544">
     <span class='ocr_line' id='line_1_45' title="bbox 1886 1469 3484 1544; baseline 0.004 -20"><span class='ocrx_word' id='word_1_348' title='bbox 1886 1486 2036 1524; x_wconf 85' lang='lat' dir='ltr'><strong>omne</strong></span> <span class='ocrx_word' id='word_1_349' title='bbox 2081 1469 2428 1524; x_wconf 84' lang='lat' dir='ltr'><strong>masculinum</strong></span> <span class='ocrx_word' id='word_1_350' title='bbox 2474 1471 2529 1524; x_wconf 92' lang='lat' dir='ltr'><strong>in</strong></span> <span class='ocrx_word' id='word_1_351' title='bbox 2573 1472 2843 1544; x_wconf 87' lang='lat' dir='ltr'><strong>progenies</strong></span> <span class='ocrx_word' id='word_1_352' title='bbox 2881 1482 3100 1528; x_wconf 83' lang='lat' dir='ltr'><strong>uestras.</strong></span> <span class='ocrx_word' id='word_1_353' title='bbox 3164 1474 3484 1530; x_wconf 83' lang='lat' dir='ltr'><strong>Vernaculus</strong></span> 
     </span>
    </p>
   </div>
   <div class='ocr_carea' id='block_1_46' title="bbox 1889 1562 3488 1638">
    <p class='ocr_par' dir='ltr' id='par_1_46' title="bbox 1889 1562 3488 1638">
     <span class='ocr_line' id='line_1_46' title="bbox 1889 1562 3488 1638; baseline 0.003 -22"><span class='ocrx_word' id='word_1_354' title='bbox 1889 1563 2071 1616; x_wconf 86' lang='lat' dir='ltr'><strong>domus</strong></span> <span class='ocrx_word' id='word_1_355' title='bbox 2099 1572 2199 1616; x_wconf 54' lang='lat' dir='ltr'><strong>tua?</strong></span> <span class='ocrx_word' id='word_1_356' title='bbox 2223 1572 2272 1616; x_wconf 91' lang='lat' dir='ltr'><strong>et</strong></span> <span class='ocrx_word' id='word_1_357' title='bbox 2302 1562 2520 1632; x_wconf 82' lang='lat' dir='ltr'><strong>pecunia</strong></span> <span class='ocrx_word' id='word_1_358' title='bbox 2535 1572 2736 1633; x_wconf 86' lang='lat' dir='ltr'><strong>emptus</strong></span> <span class='ocrx_word' id='word_1_359' title='bbox 2757 1564 2820 1617; x_wconf 83' lang='lat' dir='ltr'><strong>ab</strong></span> <span class='ocrx_word' id='word_1_360' title='bbox 2839 1566 2980 1618; x_wconf 88' lang='lat' dir='ltr'><strong>omni</strong></span> <span class='ocrx_word' id='word_1_361' title='bbox 3001 1565 3112 1634; x_wconf 82' lang='lat' dir='ltr'><strong>ﬁlio</strong></span> <span class='ocrx_word' id='word_1_362' title='bbox 3135 1566 3370 1633; x_wconf 86' lang='lat' dir='ltr'><strong>alterius,</strong></span> <span class='ocrx_word' id='word_1_363' title='bbox 3399 1567 3488 1638; x_wconf 88' lang='lat' dir='ltr'><strong>qui</strong></span> 
     </span>
    </p>
   </div>
   <div class='ocr_carea' id='block_1_47' title="bbox 1889 1656 3487 1720">
    <p class='ocr_par' dir='ltr' id='par_1_47' title="bbox 1889 1656 3487 1720">
     <span class='ocr_line' id='line_1_47' title="bbox 1889 1656 3487 1720; baseline 0.004 -12"><span class='ocrx_word' id='word_1_364' title='bbox 1889 1673 1991 1710; x_wconf 90' lang='lat' dir='ltr'><strong>non</strong></span> <span class='ocrx_word' id='word_1_365' title='bbox 2035 1664 2107 1710; x_wconf 81' lang='lat' dir='ltr'><strong>est</strong></span> <span class='ocrx_word' id='word_1_366' title='bbox 2136 1672 2198 1710; x_wconf 76' lang='lat' dir='ltr'><strong>ex</strong></span> <span class='ocrx_word' id='word_1_367' title='bbox 2240 1656 2433 1710; x_wconf 81' lang='lat' dir='ltr'><strong>semine</strong></span> <span class='ocrx_word' id='word_1_368' title='bbox 2471 1665 2582 1720; x_wconf 91' lang='lat' dir='ltr'><strong>tuo,</strong></span> <span class='ocrx_word' id='word_1_369' title='bbox 2625 1656 3021 1712; x_wconf 81' lang='lat' dir='ltr'><strong>circumcisione</strong></span> <span class='ocrx_word' id='word_1_370' title='bbox 3046 1658 3487 1715; x_wconf 71' lang='lat' dir='ltr'><strong>circumsidetur:</strong></span> 
     </span>
    </p>
   </div>
   <div class='ocr_carea' id='block_1_48' title="bbox 1818 1748 3489 1820">
    <p class='ocr_par' dir='ltr' id='par_1_48' title="bbox 1818 1748 3489 1820">
     <span class='ocr_line' id='line_1_48' title="bbox 1818 1748 3489 1820; baseline -0.001 -11"><span class='ocrx_word' id='word_1_371' title='bbox 1818 1750 1866 1809; x_wconf 91' lang='lat' dir='ltr'><strong>B</strong></span> <span class='ocrx_word' id='word_1_372' title='bbox 1891 1749 1919 1788; x_wconf 72' lang='grc' dir='ltr'>τι</span> <span class='ocrx_word' id='word_1_373' title='bbox 1945 1759 1994 1805; x_wconf 88' lang='lat' dir='ltr'><strong>et</strong></span> <span class='ocrx_word' id='word_1_374' title='bbox 2020 1751 2114 1805; x_wconf 88' lang='lat' dir='ltr'><strong>erit</strong></span> <span class='ocrx_word' id='word_1_375' title='bbox 2136 1748 2520 1804; x_wconf 79' lang='lat' dir='ltr'><strong>Testamentum</strong></span> <span class='ocrx_word' id='word_1_376' title='bbox 2550 1765 2720 1803; x_wconf 85' lang='lat' dir='ltr'><strong>meum</strong></span> <span class='ocrx_word' id='word_1_377' title='bbox 2746 1751 2799 1804; x_wconf 90' lang='lat' dir='ltr'><strong>in</strong></span> <span class='ocrx_word' id='word_1_378' title='bbox 2824 1767 2978 1805; x_wconf 85' lang='lat' dir='ltr'><strong>carne</strong></span> <span class='ocrx_word' id='word_1_379' title='bbox 3004 1762 3194 1820; x_wconf 81' lang='lat' dir='ltr'><strong>vestra,</strong></span> <span class='ocrx_word' id='word_1_380' title='bbox 3227 1753 3281 1807; x_wconf 87' lang='lat' dir='ltr'><strong>in</strong></span> <span class='ocrx_word' id='word_1_381' title='bbox 3310 1752 3489 1808; x_wconf 85' lang='lat' dir='ltr'><strong>Testa-</strong></span> 
     </span>
    </p>
   </div>
   <div class='ocr_carea' id='block_1_49' title="bbox 1889 1840 3494 1916">
    <p class='ocr_par' dir='ltr' id='par_1_49' title="bbox 1889 1840 3494 1916">
     <span class='ocr_line' id='line_1_49' title="bbox 1889 1840 3494 1916; baseline 0.001 -18"><span class='ocrx_word' id='word_1_382' title='bbox 1889 1855 2120 1900; x_wconf 87' lang='lat' dir='ltr'><strong>mentum</strong></span> <span class='ocrx_word' id='word_1_383' title='bbox 2142 1853 2411 1898; x_wconf 64' lang='lat' dir='ltr'><strong>internum.</strong></span> <span class='ocrx_word' id='word_1_384' title='bbox 2446 1840 2513 1895; x_wconf 88' lang='lat' dir='ltr'><strong>Et</strong></span> <span class='ocrx_word' id='word_1_385' title='bbox 2546 1842 2936 1898; x_wconf 84' lang='lat' dir='ltr'><strong>incircutncisus</strong></span> <span class='ocrx_word' id='word_1_386' title='bbox 2968 1844 3228 1900; x_wconf 90' lang='lat' dir='ltr'><strong>masculus</strong></span> <span class='ocrx_word' id='word_1_387' title='bbox 3255 1845 3344 1916; x_wconf 87' lang='lat' dir='ltr'><strong>qui</strong></span> <span class='ocrx_word' id='word_1_388' title='bbox 3388 1862 3494 1900; x_wconf 84' lang='lat' dir='ltr'><strong>non</strong></span> 
     </span>
    </p>
   </div>
   <div class='ocr_carea' id='block_1_50' title="bbox 1893 1936 3490 2012">
    <p class='ocr_par' dir='ltr' id='par_1_50' title="bbox 1893 1936 3490 2012">
     <span class='ocr_line' id='line_1_50' title="bbox 1893 1936 3490 2012; baseline 0.001 -21"><span class='ocrx_word' id='word_1_389' title='bbox 1893 1936 2271 1991; x_wconf 85' lang='lat' dir='ltr'><strong>circuntciderit</strong></span> <span class='ocrx_word' id='word_1_390' title='bbox 2316 1952 2525 1993; x_wconf 88' lang='lat' dir='ltr'><strong>carnem</strong></span> <span class='ocrx_word' id='word_1_391' title='bbox 2551 1937 2790 2008; x_wconf 80' lang='lat' dir='ltr'><strong>prwputii</strong></span> <span class='ocrx_word' id='word_1_392' title='bbox 2828 1937 2911 1991; x_wconf 86' lang='lat' dir='ltr'><strong>sui</strong></span> <span class='ocrx_word' id='word_1_393' title='bbox 2938 1947 3116 1993; x_wconf 83' lang='lat' dir='ltr'><strong>octava</strong></span> <span class='ocrx_word' id='word_1_394' title='bbox 3140 1939 3247 2007; x_wconf 87' lang='lat' dir='ltr'><strong>die,</strong></span> <span class='ocrx_word' id='word_1_395' title='bbox 3281 1940 3490 2012; x_wconf 73' lang='lat'><strong>1077</strong></span> 
     </span>
    </p>
   </div>
   <div class='ocr_carea' id='block_1_51' title="bbox 1892 2029 3497 2104">
    <p class='ocr_par' dir='ltr' id='par_1_51' title="bbox 1892 2029 3497 2104">
     <span class='ocr_line' id='line_1_51' title="bbox 1892 2029 3497 2104; baseline 0.002 -19"><span class='ocrx_word' id='word_1_396' title='bbox 1892 2029 2316 2086; x_wconf 78' lang='lat' dir='ltr'><strong>exterminabitur</strong></span> <span class='ocrx_word' id='word_1_397' title='bbox 2336 2031 2509 2085; x_wconf 89' lang='lat' dir='ltr'><strong>anima</strong></span> <span class='ocrx_word' id='word_1_398' title='bbox 2532 2029 2626 2083; x_wconf 87' lang='lat' dir='ltr'><strong>illa</strong></span> <span class='ocrx_word' id='word_1_399' title='bbox 2645 2029 2709 2084; x_wconf 86' lang='lat' dir='ltr'><strong>de</strong></span> <span class='ocrx_word' id='word_1_400' title='bbox 2732 2032 3061 2102; x_wconf 80' lang='lat' dir='ltr'><strong>generatione</strong></span> <span class='ocrx_word' id='word_1_401' title='bbox 3080 2033 3172 2086; x_wconf 88' lang='lat' dir='ltr'><strong>illa</strong></span> <span class='ocrx_word' id='word_1_402' title='bbox 3192 2049 3209 2099; x_wconf 87' lang='lat'><strong>;</strong></span> <span class='ocrx_word' id='word_1_403' title='bbox 3235 2033 3355 2104; x_wconf 87' lang='lat' dir='ltr'><strong>quia</strong></span> <span class='ocrx_word' id='word_1_404' title='bbox 3371 2032 3497 2090; x_wconf 87' lang='lat' dir='ltr'><strong>Tes-</strong></span> 
     </span>
    </p>
   </div>
   <div class='ocr_carea' id='block_1_52' title="bbox 1895 2123 3496 2199">
    <p class='ocr_par' dir='ltr' id='par_1_52' title="bbox 1895 2123 3496 2199">
     <span class='ocr_line' id='line_1_52' title="bbox 1895 2123 3496 2199; baseline 0.003 -20"><span class='ocrx_word' id='word_1_405' title='bbox 1895 2135 2175 2180; x_wconf 85' lang='lat' dir='ltr'><strong>tamentum</strong></span> <span class='ocrx_word' id='word_1_406' title='bbox 2205 2142 2377 2180; x_wconf 83' lang='lat' dir='ltr'><strong>nteant</strong></span> <span class='ocrx_word' id='word_1_407' title='bbox 2400 2134 2749 2196; x_wconf 83' lang='lat' dir='ltr'><strong>transgressus</strong></span> <span class='ocrx_word' id='word_1_408' title='bbox 2769 2135 2842 2179; x_wconf 90' lang='lat' dir='ltr'><strong>est</strong></span> <span class='ocrx_word' id='word_1_409' title='bbox 2867 2123 3020 2197; x_wconf 87' lang='lat' dir='ltr'><strong>(Gen.</strong></span> <span class='ocrx_word' id='word_1_410' title='bbox 3046 2141 3184 2195; x_wconf 78' lang='lat' dir='ltr'><strong>xvu,</strong></span> <span class='ocrx_word' id='word_1_411' title='bbox 3208 2127 3242 2184; x_wconf 91' lang='lat'><strong>9</strong></span> <span class='ocrx_word' id='word_1_412' title='bbox 3269 2137 3316 2182; x_wconf 91' lang='lat' dir='ltr'><strong>et</strong></span> <span class='ocrx_word' id='word_1_413' title='bbox 3336 2129 3496 2199; x_wconf 90' lang='lat' dir='ltr'><strong>seq.).</strong></span> 
     </span>
    </p>
   </div>
   <div class='ocr_carea' id='block_1_53' title="bbox 1897 2215 3501 2287">
    <p class='ocr_par' dir='ltr' id='par_1_53' title="bbox 1897 2215 3501 2287">
     <span class='ocr_line' id='line_1_53' title="bbox 1897 2215 3501 2287; baseline 0.002 -15"><span class='ocrx_word' id='word_1_414' title='bbox 1897 2217 2160 2273; x_wconf 73' lang='lat' dir='ltr'><strong>Hebraeus</strong></span> <span class='ocrx_word' id='word_1_415' title='bbox 2181 2216 2400 2287; x_wconf 90' lang='lat' dir='ltr'><strong>quidem</strong></span> <span class='ocrx_word' id='word_1_416' title='bbox 2423 2225 2656 2286; x_wconf 75' lang='lat' dir='ltr'><strong>negatur</strong></span> <span class='ocrx_word' id='word_1_417' title='bbox 2675 2215 2878 2271; x_wconf 88' lang='lat' dir='ltr'><strong>habere</strong></span> <span class='ocrx_word' id='word_1_418' title='bbox 2907 2216 2976 2272; x_wconf 93' lang='lat' dir='ltr'><strong>de</strong></span> <span class='ocrx_word' id='word_1_419' title='bbox 2997 2226 3190 2272; x_wconf 88' lang='lat' dir='ltr'><strong>octavo</strong></span> <span class='ocrx_word' id='word_1_420' title='bbox 3213 2217 3324 2286; x_wconf 92' lang='lat' dir='ltr'><strong>die,</strong></span> <span class='ocrx_word' id='word_1_421' title='bbox 3359 2220 3501 2276; x_wconf 89' lang='lat' dir='ltr'><strong>sicut</strong></span> 
     </span>
    </p>
   </div>
   <div class='ocr_carea' id='block_1_54' title="bbox 1901 2309 3494 2383">
    <p class='ocr_par' dir='ltr' id='par_1_54' title="bbox 1901 2309 3494 2383">
     <span class='ocr_line' id='line_1_54' title="bbox 1901 2309 3494 2383; baseline 0.001 -16"><span class='ocrx_word' id='word_1_422' title='bbox 1901 2323 1924 2349; x_wconf 71' lang='grc' dir='ltr'>υ</span> <span class='ocrx_word' id='word_1_423' title='bbox 1952 2311 2145 2383; x_wconf 86' lang='lat' dir='ltr'><strong>Aquila</strong></span> <span class='ocrx_word' id='word_1_424' title='bbox 2187 2311 2484 2382; x_wconf 84' lang='lat' dir='ltr'><strong>signiﬁcat.</strong></span> <span class='ocrx_word' id='word_1_425' title='bbox 2512 2309 2617 2365; x_wconf 91' lang='lat' dir='ltr'><strong>Sed</strong></span> <span class='ocrx_word' id='word_1_426' title='bbox 2649 2325 2758 2366; x_wconf 93' lang='lat' dir='ltr'><strong>non</strong></span> <span class='ocrx_word' id='word_1_427' title='bbox 2785 2310 2838 2364; x_wconf 91' lang='lat' dir='ltr'><strong>in</strong></span> <span class='ocrx_word' id='word_1_428' title='bbox 2871 2310 3065 2379; x_wconf 84' lang='lat' dir='ltr'><strong>Aquila</strong></span> <span class='ocrx_word' id='word_1_429' title='bbox 3091 2313 3272 2367; x_wconf 86' lang='lat' dir='ltr'><strong>omnis</strong></span> <span class='ocrx_word' id='word_1_430' title='bbox 3306 2321 3494 2368; x_wconf 89' lang='lat' dir='ltr'><strong>aucto-</strong></span> 
     </span>
    </p>
   </div>
   <div class='ocr_carea' id='block_1_55' title="bbox 1899 2401 3498 2477">
    <p class='ocr_par' dir='ltr' id='par_1_55' title="bbox 1899 2401 3498 2477">
     <span class='ocr_line' id='line_1_55' title="bbox 1899 2401 3498 2477; baseline 0.002 -18"><span class='ocrx_word' id='word_1_431' title='bbox 1899 2405 2049 2469; x_wconf 89' lang='lat' dir='ltr'><strong>ritas,</strong></span> <span class='ocrx_word' id='word_1_432' title='bbox 2082 2404 2172 2474; x_wconf 88' lang='lat' dir='ltr'><strong>qui</strong></span> <span class='ocrx_word' id='word_1_433' title='bbox 2195 2404 2349 2473; x_wconf 88' lang='lat' dir='ltr'><strong>quasi</strong></span> <span class='ocrx_word' id='word_1_434' title='bbox 2378 2401 2597 2458; x_wconf 66' lang='lat' dir='ltr'><strong>Judaeus</strong></span> <span class='ocrx_word' id='word_1_435' title='bbox 2637 2401 2691 2458; x_wconf 89' lang='lat' dir='ltr'><strong>in</strong></span> <span class='ocrx_word' id='word_1_436' title='bbox 2737 2403 2916 2458; x_wconf 87' lang='lat' dir='ltr'><strong>littera</strong></span> <span class='ocrx_word' id='word_1_437' title='bbox 2944 2404 3229 2474; x_wconf 65' lang='lat' dir='ltr'><strong>praeteriit,</strong></span> <span class='ocrx_word' id='word_1_438' title='bbox 3272 2421 3375 2462; x_wconf 90' lang='lat' dir='ltr'><strong>nec</strong></span> <span class='ocrx_word' id='word_1_439' title='bbox 3402 2422 3498 2477; x_wconf 89' lang='lat' dir='ltr'><strong>po-</strong></span> 
     </span>
    </p>
   </div>
   <div class='ocr_carea' id='block_1_56' title="bbox 1899 2495 2483 2552">
    <p class='ocr_par' dir='ltr' id='par_1_56' title="bbox 1899 2495 2483 2552">
     <span class='ocr_line' id='line_1_56' title="bbox 1899 2495 2483 2552; baseline -0.005 0"><span class='ocrx_word' id='word_1_440' title='bbox 1899 2496 2008 2552; x_wconf 89' lang='lat' dir='ltr'><strong>suit</strong></span> <span class='ocrx_word' id='word_1_441' title='bbox 2037 2506 2286 2552; x_wconf 87' lang='lat' dir='ltr'><strong>octavum</strong></span> <span class='ocrx_word' id='word_1_442' title='bbox 2313 2495 2483 2551; x_wconf 89' lang='lat' dir='ltr'><strong>diem.</strong></span> 
     </span>
    </p>
   </div>
   <div class='ocr_carea' id='block_1_57' title="bbox 1973 2587 3496 2661">
    <p class='ocr_par' dir='ltr' id='par_1_57' title="bbox 1973 2587 3496 2661">
     <span class='ocr_line' id='line_1_57' title="bbox 1973 2587 3496 2661; baseline 0.003 -19"><span class='ocrx_word' id='word_1_443' title='bbox 1973 2589 2062 2644; x_wconf 82' lang='lat'><strong>25.</strong></span> <span class='ocrx_word' id='word_1_444' title='bbox 2100 2587 2319 2643; x_wconf 88' lang='lat' dir='ltr'><strong>Interim</strong></span> <span class='ocrx_word' id='word_1_445' title='bbox 2351 2594 2408 2642; x_wconf 90' lang='lat' dir='ltr'><strong>ct</strong></span> <span class='ocrx_word' id='word_1_446' title='bbox 2436 2595 2686 2643; x_wconf 89' lang='lat' dir='ltr'><strong>octavunt</strong></span> <span class='ocrx_word' id='word_1_447' title='bbox 2717 2587 2861 2644; x_wconf 91' lang='lat' dir='ltr'><strong>diem</strong></span> <span class='ocrx_word' id='word_1_448' title='bbox 2887 2629 2902 2656; x_wconf 93' lang='lat'><strong>,</strong></span> <span class='ocrx_word' id='word_1_449' title='bbox 2945 2597 3000 2644; x_wconf 91' lang='lat' dir='ltr'><strong>et</strong></span> <span class='ocrx_word' id='word_1_450' title='bbox 3037 2590 3090 2644; x_wconf 89' lang='lat' dir='ltr'><strong>in</strong></span> <span class='ocrx_word' id='word_1_451' title='bbox 3117 2590 3274 2661; x_wconf 84' lang='lat' dir='ltr'><strong>signo</strong></span> <span class='ocrx_word' id='word_1_452' title='bbox 3313 2589 3496 2647; x_wconf 84' lang='lat' dir='ltr'><strong>datam</strong></span> 
     </span>
    </p>
   </div>
   <div class='ocr_carea' id='block_1_58' title="bbox 1903 2663 3502 2754">
    <p class='ocr_par' dir='ltr' id='par_1_58' title="bbox 1903 2663 3502 2754">
     <span class='ocr_line' id='line_1_58' title="bbox 1903 2663 3502 2754; baseline 0.002 -17"><span class='ocrx_word' id='word_1_453' title='bbox 1903 2679 2377 2738; x_wconf 89' lang='lat' dir='ltr'><strong>circumcisionem</strong></span> <span class='ocrx_word' id='word_1_454' title='bbox 2415 2677 2644 2734; x_wconf 89' lang='lat' dir='ltr'><strong>audisti:</strong></span> <span class='ocrx_word' id='word_1_455' title='bbox 2697 2679 2913 2751; x_wconf 88' lang='lat' dir='ltr'><strong>signum</strong></span> <span class='ocrx_word' id='word_1_456' title='bbox 2942 2691 3121 2737; x_wconf 90' lang='lat' dir='ltr'><strong>autem</strong></span> <span class='ocrx_word' id='word_1_457' title='bbox 3168 2663 3254 2739; x_wconf 27' lang='lat' dir='ltr'><strong>rei.</strong></span> <span class='ocrx_word' id='word_1_458' title='bbox 3277 2683 3502 2754; x_wconf 84' lang='lat' dir='ltr'><strong>majoris</strong></span> 
     </span>
    </p>
   </div>
   <div class='ocr_carea' id='block_1_59' title="bbox 1905 2772 3500 2842">
    <p class='ocr_par' dir='ltr' id='par_1_59' title="bbox 1905 2772 3500 2842">
     <span class='ocr_line' id='line_1_59' title="bbox 1905 2772 3500 2842; baseline 0.003 -12"><span class='ocrx_word' id='word_1_459' title='bbox 1905 2773 2164 2830; x_wconf 91' lang='lat' dir='ltr'><strong>indicium</strong></span> <span class='ocrx_word' id='word_1_460' title='bbox 2213 2782 2319 2840; x_wconf 90' lang='lat' dir='ltr'><strong>est,</strong></span> <span class='ocrx_word' id='word_1_461' title='bbox 2360 2772 2622 2829; x_wconf 90' lang='lat' dir='ltr'><strong>indicium</strong></span> <span class='ocrx_word' id='word_1_462' title='bbox 2672 2775 2916 2830; x_wconf 73' lang='lat' dir='ltr'><strong>veritatis</strong></span> <span class='ocrx_word' id='word_1_463' title='bbox 2959 2774 3192 2842; x_wconf 63' lang='lat' dir='ltr'><strong>futurae;</strong></span> <span class='ocrx_word' id='word_1_464' title='bbox 3238 2786 3291 2833; x_wconf 92' lang='lat' dir='ltr'><strong>et</strong></span> <span class='ocrx_word' id='word_1_465' title='bbox 3315 2777 3500 2834; x_wconf 88' lang='lat' dir='ltr'><strong>datum</strong></span> 
     </span>
    </p>
   </div>
   <div class='ocr_carea' id='block_1_60' title="bbox 1907 2864 3505 2937">
    <p class='ocr_par' dir='ltr' id='par_1_60' title="bbox 1907 2864 3505 2937">
     <span class='ocr_line' id='line_1_60' title="bbox 1907 2864 3505 2937; baseline 0.001 -15"><span class='ocrx_word' id='word_1_466' title='bbox 1907 2866 2314 2922; x_wconf 89' lang='lat' dir='ltr'><strong>Testamentum</strong></span> <span class='ocrx_word' id='word_1_467' title='bbox 2339 2864 2572 2920; x_wconf 79' lang='lat' dir='ltr'><strong>Abrahae</strong></span> <span class='ocrx_word' id='word_1_468' title='bbox 2595 2874 2651 2922; x_wconf 91' lang='lat' dir='ltr'><strong>et</strong></span> <span class='ocrx_word' id='word_1_469' title='bbox 2672 2865 2865 2921; x_wconf 87' lang='lat' dir='ltr'><strong>semini</strong></span> <span class='ocrx_word' id='word_1_470' title='bbox 2892 2867 3030 2937; x_wconf 82' lang='lat' dir='ltr'><strong>ejus,</strong></span> <span class='ocrx_word' id='word_1_471' title='bbox 3053 2867 3138 2923; x_wconf 93' lang='lat' dir='ltr'><strong>cui</strong></span> <span class='ocrx_word' id='word_1_472' title='bbox 3163 2867 3364 2924; x_wconf 90' lang='lat' dir='ltr'><strong>dictum</strong></span> <span class='ocrx_word' id='word_1_473' title='bbox 3389 2877 3505 2926; x_wconf 91' lang='lat' dir='ltr'><strong>est:</strong></span> 
     </span>
    </p>
   </div>
   <div class='ocr_carea' id='block_1_61' title="bbox 1909 2945 3509 3032">
    <p class='ocr_par' dir='ltr' id='par_1_61' title="bbox 1909 2945 3509 3032">
     <span class='ocr_line' id='line_1_61' title="bbox 1909 2945 3509 3032; baseline 0.005 -20"><span class='ocrx_word' id='word_1_474' title='bbox 1909 2959 1975 3014; x_wconf 91' lang='lat' dir='ltr'><strong>In</strong></span> <span class='ocrx_word' id='word_1_475' title='bbox 2002 2958 2156 3013; x_wconf 85' lang='lat' dir='ltr'><strong>Isaac</strong></span> <span class='ocrx_word' id='word_1_476' title='bbox 2177 2959 2273 3012; x_wconf 91' lang='lat' dir='ltr'><strong>erit</strong></span> <span class='ocrx_word' id='word_1_477' title='bbox 2295 2961 2624 3029; x_wconf 39' lang='lat' dir='ltr'><strong>sentenjtuum</strong></span> <span class='ocrx_word' id='word_1_478' title='bbox 2644 2945 2799 3028; x_wconf 78' lang='lat' dir='ltr'><strong>(Gen.</strong></span> <span class='ocrx_word' id='word_1_479' title='bbox 2823 2975 2936 3025; x_wconf 66' lang='grc' dir='ltr'>ιιι,</span> <span class='ocrx_word' id='word_1_480' title='bbox 2971 2959 3083 3031; x_wconf 70' lang='grc'>12).</span> <span class='ocrx_word' id='word_1_481' title='bbox 3107 2961 3250 3032; x_wconf 83' lang='lat' dir='ltr'><strong>Ergo</strong></span> <span class='ocrx_word' id='word_1_482' title='bbox 3276 2963 3509 3020; x_wconf 83' lang='lat' dir='ltr'><strong>circum-</strong></span> 
     </span>
    </p>
   </div>
   <div class='ocr_carea' id='block_1_62' title="bbox 1911 3051 3509 3127">
    <p class='ocr_par' dir='ltr' id='par_1_62' title="bbox 1911 3051 3509 3127">
     <span class='ocr_line' id='line_1_62' title="bbox 1911 3051 3509 3127; baseline 0.003 -19"><span class='ocrx_word' id='word_1_483' title='bbox 1911 3053 2017 3108; x_wconf 93' lang='lat' dir='ltr'><strong>cidi</strong></span> <span class='ocrx_word' id='word_1_484' title='bbox 2042 3053 2193 3108; x_wconf 87' lang='lat' dir='ltr'><strong>licuit</strong></span> <span class='ocrx_word' id='word_1_485' title='bbox 2221 3051 2490 3118; x_wconf 60' lang='lat' dir='ltr'><strong>Judaeum,</strong></span> <span class='ocrx_word' id='word_1_486' title='bbox 2523 3051 2606 3108; x_wconf 89' lang='lat' dir='ltr'><strong>vel</strong></span> <span class='ocrx_word' id='word_1_487' title='bbox 2638 3051 2786 3107; x_wconf 90' lang='lat' dir='ltr'><strong>domi</strong></span> <span class='ocrx_word' id='word_1_488' title='bbox 2813 3053 2931 3125; x_wconf 87' lang='lat' dir='ltr'><strong>ejus</strong></span> <span class='ocrx_word' id='word_1_489' title='bbox 2956 3062 3139 3109; x_wconf 88' lang='lat' dir='ltr'><strong>natum</strong></span> <span class='ocrx_word' id='word_1_490' title='bbox 3167 3056 3249 3111; x_wconf 91' lang='lat' dir='ltr'><strong>vel</strong></span> <span class='ocrx_word' id='word_1_491' title='bbox 3282 3057 3509 3127; x_wconf 88' lang='lat' dir='ltr'><strong>pecunia</strong></span> 
     </span>
    </p>
   </div>
   <div class='ocr_carea' id='block_1_63' title="bbox 216 3135 3513 3220">
    <p class='ocr_par' dir='ltr' id='par_1_63' title="bbox 216 3135 3513 3220">
     <span class='ocr_line' id='line_1_63' title="bbox 216 3135 3513 3220; baseline 0 -15"><span class='ocrx_word' id='word_1_492' title='bbox 216 3151 445 3206; x_wconf 84' lang='lat' dir='ltr'><strong>salutare</strong></span> <span class='ocrx_word' id='word_1_493' title='bbox 466 3147 563 3204; x_wconf 88' lang='lat' dir='ltr'><strong>Dei</strong></span> <span class='ocrx_word' id='word_1_494' title='bbox 587 3149 740 3220; x_wconf 86' lang='lat' dir='ltr'><strong>(Luc.</strong></span> <span class='ocrx_word' id='word_1_495' title='bbox 765 3164 848 3212; x_wconf 87' lang='lat' dir='ltr'><strong>ut,</strong></span> <span class='ocrx_word' id='word_1_496' title='bbox 877 3147 959 3218; x_wconf 87' lang='lat'><strong>6).</strong></span> <span class='ocrx_word' id='word_1_497' title='bbox 991 3147 1123 3215; x_wconf 66' lang='lat' dir='ltr'><strong>Quae</strong></span> <span class='ocrx_word' id='word_1_498' title='bbox 1152 3150 1221 3202; x_wconf 88' lang='lat' dir='ltr'><strong>sit</strong></span> <span class='ocrx_word' id='word_1_499' title='bbox 1264 3147 1364 3202; x_wconf 87' lang='lat' dir='ltr'><strong>ista</strong></span> <span class='ocrx_word' id='word_1_500' title='bbox 1408 3163 1535 3203; x_wconf 91' lang='lat' dir='ltr'><strong>caro</strong></span> <span class='ocrx_word' id='word_1_501' title='bbox 1560 3148 1806 3216; x_wconf 76' lang='lat' dir='ltr'><strong>,‘muttda</strong></span> <span class='ocrx_word' id='word_1_502' title='bbox 1836 3135 1881 3199; x_wconf 89' lang='lat' dir='ltr'>C</span> <span class='ocrx_word' id='word_1_503' title='bbox 1913 3144 2031 3215; x_wconf 91' lang='lat' dir='ltr'><strong>ejus</strong></span> <span class='ocrx_word' id='word_1_504' title='bbox 2055 3153 2321 3215; x_wconf 90' lang='lat' dir='ltr'><strong>emptum.</strong></span> <span class='ocrx_word' id='word_1_505' title='bbox 2356 3143 2472 3198; x_wconf 87' lang='lat' dir='ltr'><strong>Non</strong></span> <span class='ocrx_word' id='word_1_506' title='bbox 2496 3158 2788 3214; x_wconf 86' lang='lat' dir='ltr'><strong>possumus</strong></span> <span class='ocrx_word' id='word_1_507' title='bbox 2817 3145 3072 3203; x_wconf 81' lang='lat' dir='ltr'><strong>derivare</strong></span> <span class='ocrx_word' id='word_1_508' title='bbox 3092 3146 3197 3204; x_wconf 92' lang='lat' dir='ltr'><strong>hoc</strong></span> <span class='ocrx_word' id='word_1_509' title='bbox 3224 3149 3292 3204; x_wconf 88' lang='lat' dir='ltr'><strong>atl</strong></span> <span class='ocrx_word' id='word_1_510' title='bbox 3322 3149 3513 3206; x_wconf 86' lang='lat' dir='ltr'><strong>alieni-</strong></span> 
     </span>
    </p>
   </div>
   <div class='ocr_carea' id='block_1_64' title="bbox 218 3241 820 3312">
    <p class='ocr_par' dir='ltr' id='par_1_64' title="bbox 218 3241 820 3312">
     <span class='ocr_line' id='line_1_64' title="bbox 218 3241 820 3312; baseline -0.005 -14"><span class='ocrx_word' id='word_1_511' title='bbox 218 3259 402 3308; x_wconf 85' lang='lat' dir='ltr'><strong>aures,</strong></span> <span class='ocrx_word' id='word_1_512' title='bbox 437 3253 496 3297; x_wconf 87' lang='lat' dir='ltr'><strong>ut</strong></span> <span class='ocrx_word' id='word_1_513' title='bbox 524 3241 820 3312; x_wconf 79' lang='lat' dir='ltr'><strong>intelligas.</strong></span> 
     </span>
    </p>
   </div>
   <div class='ocr_carea' id='block_1_65' title="bbox 289 3333 1810 3405">
    <p class='ocr_par' dir='ltr' id='par_1_65' title="bbox 289 3333 1810 3405">
     <span class='ocr_line' id='line_1_65' title="bbox 289 3333 1810 3405; baseline -0.001 -15"><span class='ocrx_word' id='word_1_514' title='bbox 289 3336 382 3392; x_wconf 91' lang='lat'><strong>22.</strong></span> <span class='ocrx_word' id='word_1_515' title='bbox 415 3335 562 3390; x_wconf 88' lang='lat' dir='ltr'><strong>Talis</strong></span> <span class='ocrx_word' id='word_1_516' title='bbox 592 3349 725 3405; x_wconf 90' lang='lat' dir='ltr'><strong>ergo</strong></span> <span class='ocrx_word' id='word_1_517' title='bbox 753 3333 917 3389; x_wconf 92' lang='lat' dir='ltr'><strong>debet</strong></span> <span class='ocrx_word' id='word_1_518' title='bbox 945 3347 1068 3390; x_wconf 90' lang='lat' dir='ltr'><strong>esse</strong></span> <span class='ocrx_word' id='word_1_519' title='bbox 1103 3333 1160 3388; x_wconf 91' lang='lat' dir='ltr'><strong>in</strong></span> <span class='ocrx_word' id='word_1_520' title='bbox 1205 3333 1416 3389; x_wconf 90' lang='lat' dir='ltr'><strong>occulto</strong></span> <span class='ocrx_word' id='word_1_521' title='bbox 1445 3334 1810 3400; x_wconf 85' lang='lat' dir='ltr'><strong>circumcisio,</strong></span> 
     </span>
    </p>
   </div>
   <div class='ocr_carea' id='block_1_66' title="bbox 223 3427 1815 3498">
    <p class='ocr_par' dir='ltr' id='par_1_66' title="bbox 223 3427 1815 3498">
     <span class='ocr_line' id='line_1_66' title="bbox 223 3427 1815 3498; baseline -0.002 -12"><span class='ocrx_word' id='word_1_522' title='bbox 223 3439 283 3486; x_wconf 93' lang='lat' dir='ltr'><strong>ut</strong></span> <span class='ocrx_word' id='word_1_523' title='bbox 310 3428 514 3484; x_wconf 82' lang='lat' dir='ltr'><strong>nullam</strong></span> <span class='ocrx_word' id='word_1_524' title='bbox 545 3427 744 3483; x_wconf 84' lang='lat' dir='ltr'><strong>habeat</strong></span> <span class='ocrx_word' id='word_1_525' title='bbox 770 3427 1231 3498; x_wconf 90' lang='lat' dir='ltr'><strong>comparationem</strong></span> <span class='ocrx_word' id='word_1_526' title='bbox 1260 3441 1383 3482; x_wconf 91' lang='lat' dir='ltr'><strong>cum</strong></span> <span class='ocrx_word' id='word_1_527' title='bbox 1417 3443 1478 3484; x_wconf 90' lang='lat' dir='ltr'><strong>ea</strong></span> <span class='ocrx_word' id='word_1_528' title='bbox 1497 3469 1510 3492; x_wconf 90' lang='lat'><strong>,</strong></span> <span class='ocrx_word' id='word_1_529' title='bbox 1538 3443 1656 3498; x_wconf 87' lang='lat' dir='ltr'><strong>quae</strong></span> <span class='ocrx_word' id='word_1_530' title='bbox 1679 3428 1815 3483; x_wconf 82' lang='lat' dir='ltr'><strong>foris</strong></span> 
     </span>
    </p>
   </div>
   <div class='ocr_carea' id='block_1_67' title="bbox 224 3518 1818 3590">
    <p class='ocr_par' dir='ltr' id='par_1_67' title="bbox 224 3518 1818 3590">
     <span class='ocr_line' id='line_1_67' title="bbox 224 3518 1818 3590; baseline -0.002 -11"><span class='ocrx_word' id='word_1_531' title='bbox 224 3531 332 3589; x_wconf 87' lang='lat' dir='ltr'><strong>est,</strong></span> <span class='ocrx_word' id='word_1_532' title='bbox 387 3518 829 3575; x_wconf 88' lang='lat' dir='ltr'><strong>circumcisione.</strong></span> <span class='ocrx_word' id='word_1_533' title='bbox 876 3519 943 3574; x_wconf 92' lang='lat' dir='ltr'><strong>Et</strong></span> <span class='ocrx_word' id='word_1_534' title='bbox 992 3519 1115 3575; x_wconf 90' lang='lat' dir='ltr'><strong>ideo</strong></span> <span class='ocrx_word' id='word_1_535' title='bbox 1144 3520 1233 3590; x_wconf 91' lang='lat' dir='ltr'><strong>qui</strong></span> <span class='ocrx_word' id='word_1_536' title='bbox 1265 3521 1316 3573; x_wconf 91' lang='lat' dir='ltr'><strong>in</strong></span> <span class='ocrx_word' id='word_1_537' title='bbox 1350 3520 1565 3575; x_wconf 86' lang='lat' dir='ltr'><strong>occulto</strong></span> <span class='ocrx_word' id='word_1_538' title='bbox 1595 3520 1818 3576; x_wconf 67' lang='lat' dir='ltr'><strong>Judaeus</strong></span> 
     </span>
    </p>
   </div>
   <div class='ocr_carea' id='block_1_68' title="bbox 228 3610 1817 3683">
    <p class='ocr_par' dir='ltr' id='par_1_68' title="bbox 228 3610 1817 3683">
     <span class='ocr_line' id='line_1_68' title="bbox 228 3610 1817 3683; baseline -0.001 -14"><span class='ocrx_word' id='word_1_539' title='bbox 228 3621 333 3679; x_wconf 91' lang='lat' dir='ltr'><strong>est,</strong></span> <span class='ocrx_word' id='word_1_540' title='bbox 359 3611 475 3682; x_wconf 85' lang='lat' dir='ltr'><strong>ipse</strong></span> <span class='ocrx_word' id='word_1_541' title='bbox 499 3617 752 3681; x_wconf 67' lang='lat' dir='ltr'><strong>priestat;</strong></span> <span class='ocrx_word' id='word_1_542' title='bbox 779 3611 870 3681; x_wconf 89' lang='lat' dir='ltr'><strong>qui</strong></span> <span class='ocrx_word' id='word_1_543' title='bbox 900 3620 985 3667; x_wconf 92' lang='lat' dir='ltr'><strong>est</strong></span> <span class='ocrx_word' id='word_1_544' title='bbox 1012 3626 1041 3665; x_wconf 91' lang='lat' dir='ltr'><strong>a</strong></span> <span class='ocrx_word' id='word_1_545' title='bbox 1068 3610 1227 3678; x_wconf 88' lang='lat' dir='ltr'><strong>Juda,</strong></span> <span class='ocrx_word' id='word_1_546' title='bbox 1250 3613 1402 3682; x_wconf 86' lang='lat' dir='ltr'><strong>cujus</strong></span> <span class='ocrx_word' id='word_1_547' title='bbox 1431 3627 1624 3667; x_wconf 91' lang='lat' dir='ltr'><strong>manus</strong></span> <span class='ocrx_word' id='word_1_548' title='bbox 1655 3627 1817 3683; x_wconf 88' lang='lat' dir='ltr'><strong>supra</strong></span> 
     </span>
    </p>
   </div>
   <div class='ocr_carea' id='block_1_69' title="bbox 1914 3234 3513 3306">
    <p class='ocr_par' dir='ltr' id='par_1_69' title="bbox 1914 3234 3513 3306">
     <span class='ocr_line' id='line_1_69' title="bbox 1914 3234 3513 3306; baseline 0.004 -15"><span class='ocrx_word' id='word_1_549' title='bbox 1914 3251 2132 3306; x_wconf 88' lang='lat' dir='ltr'><strong>genam,</strong></span> <span class='ocrx_word' id='word_1_550' title='bbox 2158 3242 2252 3288; x_wconf 89' lang='lat' dir='ltr'><strong>aut</strong></span> <span class='ocrx_word' id='word_1_551' title='bbox 2275 3234 2633 3304; x_wconf 89' lang='lat' dir='ltr'><strong>proselytum,</strong></span> <span class='ocrx_word' id='word_1_552' title='bbox 2659 3235 2761 3290; x_wconf 91' lang='lat' dir='ltr'><strong>nisi</strong></span> <span class='ocrx_word' id='word_1_553' title='bbox 2785 3235 2987 3292; x_wconf 81' lang='lat' dir='ltr'><strong>fuerint</strong></span> <span class='ocrx_word' id='word_1_554' title='bbox 3017 3237 3072 3292; x_wconf 93' lang='lat' dir='ltr'><strong>in</strong></span> <span class='ocrx_word' id='word_1_555' title='bbox 3099 3237 3263 3295; x_wconf 88' lang='lat' dir='ltr'><strong>domo</strong></span> <span class='ocrx_word' id='word_1_556' title='bbox 3281 3239 3513 3299; x_wconf 71' lang='lat' dir='ltr'><strong>Abralm</strong></span> 
     </span>
    </p>
   </div>
   <div class='ocr_carea' id='block_1_70' title="bbox 1916 3327 3514 3404">
    <p class='ocr_par' dir='ltr' id='par_1_70' title="bbox 1916 3327 3514 3404">
     <span class='ocr_line' id='line_1_70' title="bbox 1916 3327 3514 3404; baseline 0.004 -20"><span class='ocrx_word' id='word_1_557' title='bbox 1916 3330 2050 3396; x_wconf 88' lang='lat' dir='ltr'><strong>nati,</strong></span> <span class='ocrx_word' id='word_1_558' title='bbox 2077 3335 2170 3383; x_wconf 91' lang='lat' dir='ltr'><strong>aut</strong></span> <span class='ocrx_word' id='word_1_559' title='bbox 2201 3327 2428 3398; x_wconf 88' lang='lat' dir='ltr'><strong>pecunia</strong></span> <span class='ocrx_word' id='word_1_560' title='bbox 2457 3327 2577 3397; x_wconf 89' lang='lat' dir='ltr'><strong>ejus</strong></span> <span class='ocrx_word' id='word_1_561' title='bbox 2621 3328 3153 3399; x_wconf 86' lang='lat' dir='ltr'><strong>empti,velseminis</strong></span> <span class='ocrx_word' id='word_1_562' title='bbox 3179 3332 3317 3404; x_wconf 87' lang='lat' dir='ltr'><strong>ejus.</strong></span> <span class='ocrx_word' id='word_1_563' title='bbox 3349 3334 3514 3392; x_wconf 91' lang='lat' dir='ltr'><strong>Deni-</strong></span> 
     </span>
    </p>
   </div>
   <div class='ocr_carea' id='block_1_71' title="bbox 1917 3421 3519 3497">
    <p class='ocr_par' dir='ltr' id='par_1_71' title="bbox 1917 3421 3519 3497">
     <span class='ocr_line' id='line_1_71' title="bbox 1917 3421 3519 3497; baseline 0.005 -19"><span class='ocrx_word' id='word_1_564' title='bbox 1917 3438 2024 3494; x_wconf 90' lang='lat' dir='ltr'><strong>que</strong></span> <span class='ocrx_word' id='word_1_565' title='bbox 2053 3421 2188 3478; x_wconf 89' lang='lat' dir='ltr'><strong>nihil</strong></span> <span class='ocrx_word' id='word_1_566' title='bbox 2210 3421 2348 3477; x_wconf 84' lang='lat' dir='ltr'><strong>dixit</strong></span> <span class='ocrx_word' id='word_1_567' title='bbox 2368 3421 2438 3477; x_wconf 90' lang='lat' dir='ltr'><strong>de</strong></span> <span class='ocrx_word' id='word_1_568' title='bbox 2467 3421 2868 3494; x_wconf 79' lang='lat' dir='ltr'><strong>proselytis,.de</strong></span> <span class='ocrx_word' id='word_1_569' title='bbox 2889 3425 3084 3496; x_wconf 91' lang='lat' dir='ltr'><strong>quibus</strong></span> <span class='ocrx_word' id='word_1_570' title='bbox 3109 3426 3328 3497; x_wconf 88' lang='lat' dir='ltr'><strong>quando</strong></span> <span class='ocrx_word' id='word_1_571' title='bbox 3349 3428 3519 3486; x_wconf 87' lang='lat' dir='ltr'><strong>voluit</strong></span> 
     </span>
    </p>
   </div>
   <div class='ocr_carea' id='block_1_72' title="bbox 1919 3514 3594 3582">
    <p class='ocr_par' dir='ltr' id='par_1_72' title="bbox 1919 3514 3594 3582">
     <span class='ocr_line' id='line_1_72' title="bbox 1919 3514 3594 3582; baseline 0.003 -10"><span class='ocrx_word' id='word_1_572' title='bbox 1919 3516 2142 3582; x_wconf 91' lang='lat' dir='ltr'><strong>dicere,</strong></span> <span class='ocrx_word' id='word_1_573' title='bbox 2180 3514 2488 3570; x_wconf 86' lang='lat' dir='ltr'><strong>nominavit</strong></span> <span class='ocrx_word' id='word_1_574' title='bbox 2519 3530 2645 3581; x_wconf 89' lang='lat' dir='ltr'><strong>eos,</strong></span> <span class='ocrx_word' id='word_1_575' title='bbox 2689 3515 2832 3570; x_wconf 90' lang='lat' dir='ltr'><strong>sicut</strong></span> <span class='ocrx_word' id='word_1_576' title='bbox 2871 3515 3080 3573; x_wconf 88' lang='lat' dir='ltr'><strong>habes:</strong></span> <span class='ocrx_word' id='word_1_577' title='bbox 3124 3517 3194 3572; x_wconf 85' lang='lat' dir='ltr'><strong>Et</strong></span> <span class='ocrx_word' id='word_1_578' title='bbox 3223 3519 3422 3575; x_wconf 87' lang='lat' dir='ltr'><strong>locutus</strong></span> <span class='ocrx_word' id='word_1_579' title='bbox 3443 3531 3519 3577; x_wconf 86' lang='lat' dir='ltr'><strong>est</strong></span> <span class='ocrx_word' id='word_1_580' title='bbox 3587 3546 3594 3552; x_wconf 64' lang='grc' dir='ltr'>ν</span> 
     </span>
    </p>
   </div>
   <div class='ocr_carea' id='block_1_73' title="bbox 1922 3609 3517 3682">
    <p class='ocr_par' dir='ltr' id='par_1_73' title="bbox 1922 3609 3517 3682">
     <span class='ocr_line' id='line_1_73' title="bbox 1922 3609 3517 3682; baseline 0.002 -17"><span class='ocrx_word' id='word_1_581' title='bbox 1922 3611 2177 3668; x_wconf 84' lang='lat' dir='ltr'><strong>Dominus</strong></span> <span class='ocrx_word' id='word_1_582' title='bbox 2202 3611 2271 3664; x_wconf 83' lang='lat' dir='ltr'><strong>ad</strong></span> <span class='ocrx_word' id='word_1_583' title='bbox 2298 3609 2535 3682; x_wconf 81' lang='lat' dir='ltr'><strong>Moysen,</strong></span> <span class='ocrx_word' id='word_1_584' title='bbox 2561 3609 2771 3665; x_wconf 87' lang='lat' dir='ltr'><strong>dicens:</strong></span> <span class='ocrx_word' id='word_1_585' title='bbox 2798 3609 3032 3680; x_wconf 88' lang='lat' dir='ltr'><strong>Loquere</strong></span> <span class='ocrx_word' id='word_1_586' title='bbox 3059 3613 3130 3664; x_wconf 86' lang='lat' dir='ltr'><strong>ad</strong></span> <span class='ocrx_word' id='word_1_587' title='bbox 3157 3612 3352 3680; x_wconf 81' lang='lat' dir='ltr'><strong>Aaron,</strong></span> <span class='ocrx_word' id='word_1_588' title='bbox 3380 3626 3426 3668; x_wconf 91' lang='lat' dir='ltr'><strong>et</strong></span> <span class='ocrx_word' id='word_1_589' title='bbox 3448 3615 3517 3668; x_wconf 87' lang='lat' dir='ltr'><strong>ad</strong></span> 
     </span>
    </p>
   </div>
   <div class='ocr_carea' id='block_1_74' title="bbox 228 3703 1821 3777">
    <p class='ocr_par' dir='ltr' id='par_1_74' title="bbox 228 3703 1821 3777">
     <span class='ocr_line' id='line_1_74' title="bbox 228 3703 1821 3777; baseline 0.001 -17"><span class='ocrx_word' id='word_1_590' title='bbox 228 3707 494 3760; x_wconf 87' lang='lat' dir='ltr'><strong>cervicem</strong></span> <span class='ocrx_word' id='word_1_591' title='bbox 521 3704 865 3760; x_wconf 88' lang='lat' dir='ltr'><strong>inimicorum</strong></span> <span class='ocrx_word' id='word_1_592' title='bbox 889 3705 1030 3774; x_wconf 90' lang='lat' dir='ltr'><strong>ejus,</strong></span> <span class='ocrx_word' id='word_1_593' title='bbox 1059 3703 1150 3774; x_wconf 89' lang='lat' dir='ltr'><strong>qui</strong></span> <span class='ocrx_word' id='word_1_594' title='bbox 1174 3703 1443 3760; x_wconf 90' lang='lat' dir='ltr'><strong>recubans</strong></span> <span class='ocrx_word' id='word_1_595' title='bbox 1471 3707 1734 3777; x_wconf 84' lang='lat' dir='ltr'><strong>requievit</strong></span> <span class='ocrx_word' id='word_1_596' title='bbox 1763 3715 1821 3762; x_wconf 92' lang='lat' dir='ltr'><strong>ut</strong></span> 
     </span>
    </p>
   </div>
   <div class='ocr_carea' id='block_1_75' title="bbox 233 3794 1822 3870">
    <p class='ocr_par' dir='ltr' id='par_1_75' title="bbox 233 3794 1822 3870">
     <span class='ocr_line' id='line_1_75' title="bbox 233 3794 1822 3870; baseline 0.003 -20"><span class='ocrx_word' id='word_1_597' title='bbox 233 3794 342 3862; x_wconf 89' lang='lat' dir='ltr'><strong>leo,</strong></span> <span class='ocrx_word' id='word_1_598' title='bbox 373 3806 424 3851; x_wconf 92' lang='lat' dir='ltr'><strong>et</strong></span> <span class='ocrx_word' id='word_1_599' title='bbox 458 3804 516 3850; x_wconf 83' lang='lat' dir='ltr'><strong>tit</strong></span> <span class='ocrx_word' id='word_1_600' title='bbox 544 3795 757 3852; x_wconf 89' lang='lat' dir='ltr'><strong>catulus</strong></span> <span class='ocrx_word' id='word_1_601' title='bbox 799 3795 998 3862; x_wconf 89' lang='lat' dir='ltr'><strong>leonis,</strong></span> <span class='ocrx_word' id='word_1_602' title='bbox 1027 3811 1184 3866; x_wconf 90' lang='lat' dir='ltr'><strong>quem</strong></span> <span class='ocrx_word' id='word_1_603' title='bbox 1221 3796 1446 3852; x_wconf 84' lang='lat' dir='ltr'><strong>laudant</strong></span> <span class='ocrx_word' id='word_1_604' title='bbox 1478 3797 1674 3854; x_wconf 82' lang='lat' dir='ltr'><strong>fratres</strong></span> <span class='ocrx_word' id='word_1_605' title='bbox 1703 3799 1822 3870; x_wconf 88' lang='lat' dir='ltr'><strong>ejus</strong></span> 
     </span>
    </p>
   </div>
   <div class='ocr_carea' id='block_1_76' title="bbox 235 3885 1819 3962">
    <p class='ocr_par' dir='ltr' id='par_1_76' title="bbox 235 3885 1819 3962">
     <span class='ocr_line' id='line_1_76' title="bbox 235 3885 1819 3962; baseline 0.002 -20"><span class='ocrx_word' id='word_1_606' title='bbox 235 3885 389 3957; x_wconf 83' lang='lat' dir='ltr'><strong>(Gen.</strong></span> <span class='ocrx_word' id='word_1_607' title='bbox 424 3904 571 3951; x_wconf 65' lang='lat' dir='ltr'><strong>itus,</strong></span> <span class='ocrx_word' id='word_1_608' title='bbox 603 3888 685 3958; x_wconf 92' lang='lat'><strong>8).</strong></span> <span class='ocrx_word' id='word_1_609' title='bbox 735 3888 818 3943; x_wconf 87' lang='lat' dir='ltr'><strong>Ah</strong></span> <span class='ocrx_word' id='word_1_610' title='bbox 848 3889 952 3943; x_wconf 88' lang='lat' dir='ltr'><strong>hoc</strong></span> <span class='ocrx_word' id='word_1_611' title='bbox 993 3887 1131 3944; x_wconf 87' lang='lat' dir='ltr'><strong>Juda</strong></span> <span class='ocrx_word' id='word_1_612' title='bbox 1177 3905 1287 3944; x_wconf 92' lang='lat' dir='ltr'><strong>non</strong></span> <span class='ocrx_word' id='word_1_613' title='bbox 1312 3889 1498 3946; x_wconf 89' lang='lat' dir='ltr'><strong>delicit</strong></span> <span class='ocrx_word' id='word_1_614' title='bbox 1524 3892 1819 3962; x_wconf 85' lang='lat' dir='ltr'><strong>princeps;</strong></span> 
     </span>
    </p>
   </div>
   <div class='ocr_carea' id='block_1_77' title="bbox 236 3979 1826 4055">
    <p class='ocr_par' dir='ltr' id='par_1_77' title="bbox 236 3979 1826 4055">
     <span class='ocr_line' id='line_1_77' title="bbox 236 3979 1826 4055; baseline 0.005 -22"><span class='ocrx_word' id='word_1_615' title='bbox 236 3979 362 4051; x_wconf 88' lang='lat' dir='ltr'><strong>quia</strong></span> <span class='ocrx_word' id='word_1_616' title='bbox 395 3994 573 4035; x_wconf 87' lang='lat' dir='ltr'><strong>sermo</strong></span> <span class='ocrx_word' id='word_1_617' title='bbox 591 3979 708 4051; x_wconf 88' lang='lat' dir='ltr'><strong>ejus</strong></span> <span class='ocrx_word' id='word_1_618' title='bbox 739 3981 1011 4052; x_wconf 90' lang='lat' dir='ltr'><strong>principes</strong></span> <span class='ocrx_word' id='word_1_619' title='bbox 1032 3981 1178 4050; x_wconf 80' lang='lat' dir='ltr'><strong>facit,</strong></span> <span class='ocrx_word' id='word_1_620' title='bbox 1204 3983 1296 4053; x_wconf 90' lang='lat' dir='ltr'><strong>qui</strong></span> <span class='ocrx_word' id='word_1_621' title='bbox 1328 3999 1434 4038; x_wconf 91' lang='lat' dir='ltr'><strong>non</strong></span> <span class='ocrx_word' id='word_1_622' title='bbox 1467 3983 1826 4055; x_wconf 88' lang='lat' dir='ltr'><strong>subjiciantur</strong></span> 
     </span>
    </p>
   </div>
   <div class='ocr_carea' id='block_1_78' title="bbox 238 4072 1828 4149">
    <p class='ocr_par' dir='ltr' id='par_1_78' title="bbox 238 4072 1828 4149">
     <span class='ocr_line' id='line_1_78' title="bbox 238 4072 1828 4149; baseline 0.002 -20"><span class='ocrx_word' id='word_1_623' title='bbox 238 4073 514 4129; x_wconf 88' lang='lat' dir='ltr'><strong>illecebris</strong></span> <span class='ocrx_word' id='word_1_624' title='bbox 554 4072 904 4129; x_wconf 65' lang='lat' dir='ltr'><strong>saecularibus</strong></span> <span class='ocrx_word' id='word_1_625' title='bbox 928 4115 944 4140; x_wconf 91' lang='lat'><strong>,</strong></span> <span class='ocrx_word' id='word_1_626' title='bbox 992 4083 1046 4130; x_wconf 93' lang='lat' dir='ltr'><strong>et</strong></span> <span class='ocrx_word' id='word_1_627' title='bbox 1079 4077 1422 4146; x_wconf 87' lang='lat' dir='ltr'><strong>eaptiventur</strong></span> <span class='ocrx_word' id='word_1_628' title='bbox 1459 4076 1828 4149; x_wconf 88' lang='lat' dir='ltr'><strong>voluptatibus</strong></span> 
     </span>
    </p>
   </div>
   <div class='ocr_carea' id='block_1_79' title="bbox 239 4161 1831 4243">
    <p class='ocr_par' dir='ltr' id='par_1_79' title="bbox 239 4161 1831 4243">
     <span class='ocr_line' id='line_1_79' title="bbox 239 4161 1831 4243; baseline 0.004 -21"><span class='ocrx_word' id='word_1_629' title='bbox 239 4161 395 4222; x_wconf 87' lang='lat' dir='ltr'><strong>istius</strong></span> <span class='ocrx_word' id='word_1_630' title='bbox 423 4167 628 4222; x_wconf 89' lang='lat' dir='ltr'><strong>mundi.</strong></span> <span class='ocrx_word' id='word_1_631' title='bbox 663 4167 732 4222; x_wconf 85' lang='lat' dir='ltr'><strong>Et</strong></span> <span class='ocrx_word' id='word_1_632' title='bbox 761 4167 887 4238; x_wconf 90' lang='lat' dir='ltr'><strong>quia</strong></span> <span class='ocrx_word' id='word_1_633' title='bbox 918 4168 1032 4237; x_wconf 85' lang='lat' dir='ltr'><strong>ipse</strong></span> <span class='ocrx_word' id='word_1_634' title='bbox 1060 4168 1227 4225; x_wconf 81' lang='lat' dir='ltr'><strong>Judas</strong></span> <span class='ocrx_word' id='word_1_635' title='bbox 1257 4171 1309 4226; x_wconf 87' lang='lat' dir='ltr'><strong>itt</strong></span> <span class='ocrx_word' id='word_1_636' title='bbox 1343 4171 1485 4227; x_wconf 91' lang='lat' dir='ltr'><strong>hanc</strong></span> <span class='ocrx_word' id='word_1_637' title='bbox 1520 4171 1831 4243; x_wconf 79' lang='lat' dir='ltr'><strong>generatio-</strong></span> 
     </span>
    </p>
   </div>
   <div class='ocr_carea' id='block_1_80' title="bbox 241 4259 1830 4336">
    <p class='ocr_par' dir='ltr' id='par_1_80' title="bbox 241 4259 1830 4336">
     <span class='ocr_line' id='line_1_80' title="bbox 241 4259 1830 4336; baseline 0.003 -20"><span class='ocrx_word' id='word_1_638' title='bbox 241 4275 368 4316; x_wconf 86' lang='lat' dir='ltr'><strong>nem</strong></span> <span class='ocrx_word' id='word_1_639' title='bbox 400 4260 570 4327; x_wconf 88' lang='lat' dir='ltr'><strong>venit,</strong></span> <span class='ocrx_word' id='word_1_640' title='bbox 594 4259 621 4298; x_wconf 70' lang='grc' dir='ltr'>ι)</span> <span class='ocrx_word' id='word_1_641' title='bbox 652 4260 775 4316; x_wconf 83' lang='lat' dir='ltr'><strong>ideo</strong></span> <span class='ocrx_word' id='word_1_642' title='bbox 807 4260 1024 4331; x_wconf 89' lang='lat' dir='ltr'><strong>plurimi</strong></span> <span class='ocrx_word' id='word_1_643' title='bbox 1050 4263 1141 4333; x_wconf 91' lang='lat' dir='ltr'><strong>qui</strong></span> <span class='ocrx_word' id='word_1_644' title='bbox 1180 4275 1367 4333; x_wconf 80' lang='lat' dir='ltr'><strong>pOStea</strong></span> <span class='ocrx_word' id='word_1_645' title='bbox 1397 4265 1642 4336; x_wconf 78' lang='lat' dir='ltr'><strong>generati</strong></span> <span class='ocrx_word' id='word_1_646' title='bbox 1663 4275 1789 4322; x_wconf 90' lang='lat' dir='ltr'><strong>sunt</strong></span> <span class='ocrx_word' id='word_1_647' title='bbox 1816 4306 1830 4329; x_wconf 94' lang='lat'><strong>,</strong></span> 
     </span>
    </p>
   </div>
   <div class='ocr_carea' id='block_1_81' title="bbox 243 4353 2714 4429">
    <p class='ocr_par' dir='ltr' id='par_1_81' title="bbox 243 4353 2714 4429">
     <span class='ocr_line' id='line_1_81' title="bbox 243 4353 2714 4429; baseline 0.002 -22"><span class='ocrx_word' id='word_1_648' title='bbox 243 4353 639 4424; x_wconf 64' lang='lat' dir='ltr'><strong>praeferuntur;</strong></span> <span class='ocrx_word' id='word_1_649' title='bbox 680 4361 736 4408; x_wconf 90' lang='lat' dir='ltr'><strong>ut</strong></span> <span class='ocrx_word' id='word_1_650' title='bbox 778 4353 1038 4410; x_wconf 86' lang='lat' dir='ltr'><strong>virtutum</strong></span> <span class='ocrx_word' id='word_1_651' title='bbox 1066 4354 1374 4426; x_wconf 89' lang='lat' dir='ltr'><strong>principatu</strong></span> <span class='ocrx_word' id='word_1_652' title='bbox 1407 4357 1699 4427; x_wconf 80' lang='lat' dir='ltr'><strong>gaudeant.</strong></span> <span class='ocrx_word' id='word_1_653' title='bbox 1727 4357 1831 4412; x_wconf 85' lang='lat' dir='ltr'><strong>Ha-</strong></span> <span class='ocrx_word' id='word_1_654' title='bbox 1934 4356 2148 4429; x_wconf 89' lang='lat' dir='ltr'><strong>quando</strong></span> <span class='ocrx_word' id='word_1_655' title='bbox 2179 4367 2232 4411; x_wconf 91' lang='lat' dir='ltr'><strong>et</strong></span> <span class='ocrx_word' id='word_1_656' title='bbox 2261 4355 2326 4410; x_wconf 90' lang='lat' dir='ltr'><strong>de</strong></span> <span class='ocrx_word' id='word_1_657' title='bbox 2360 4355 2539 4413; x_wconf 92' lang='lat' dir='ltr'><strong>levitis</strong></span> <span class='ocrx_word' id='word_1_658' title='bbox 2565 4355 2714 4412; x_wconf 89' lang='lat' dir='ltr'><strong>dicit.</strong></span> 
     </span>
    </p>
   </div>
   <div class='ocr_carea' id='block_1_82' title="bbox 245 4447 3537 4520">
    <p class='ocr_par' dir='ltr' id='par_1_82' title="bbox 245 4447 3537 4520">
     <span class='ocr_line' id='line_1_82' title="bbox 245 4447 3537 4520; baseline 0.004 -17"><span class='ocrx_word' id='word_1_659' title='bbox 245 4447 470 4503; x_wconf 88' lang='lat' dir='ltr'><strong>beamus</strong></span> <span class='ocrx_word' id='word_1_660' title='bbox 495 4447 674 4519; x_wconf 88' lang='lat' dir='ltr'><strong>itaque</strong></span> <span class='ocrx_word' id='word_1_661' title='bbox 701 4447 1174 4504; x_wconf 88' lang='lat' dir='ltr'><strong>circumcisionem</strong></span> <span class='ocrx_word' id='word_1_662' title='bbox 1208 4449 1261 4503; x_wconf 89' lang='lat' dir='ltr'><strong>itt</strong></span> <span class='ocrx_word' id='word_1_663' title='bbox 1301 4449 1549 4515; x_wconf 91' lang='lat' dir='ltr'><strong>occulto,</strong></span> <span class='ocrx_word' id='word_1_664' title='bbox 1575 4458 1629 4506; x_wconf 90' lang='lat' dir='ltr'><strong>et</strong></span> <span class='ocrx_word' id='word_1_665' title='bbox 1658 4451 1712 4505; x_wconf 94' lang='lat' dir='ltr'><strong>in</strong></span> <span class='ocrx_word' id='word_1_666' title='bbox 1742 4466 1834 4506; x_wconf 90' lang='lat' dir='ltr'><strong>oc-</strong></span> <span class='ocrx_word' id='word_1_667' title='bbox 2008 4449 2099 4505; x_wconf 88' lang='lat'><strong>26.</strong></span> <span class='ocrx_word' id='word_1_668' title='bbox 2133 4448 2276 4520; x_wconf 87' lang='lat' dir='ltr'><strong>Ergo</strong></span> <span class='ocrx_word' id='word_1_669' title='bbox 2305 4447 2650 4504; x_wconf 82' lang='lat' dir='ltr'><strong>omnifariam</strong></span> <span class='ocrx_word' id='word_1_670' title='bbox 2681 4449 2850 4508; x_wconf 87' lang='lat' dir='ltr'><strong>claret</strong></span> <span class='ocrx_word' id='word_1_671' title='bbox 2869 4454 3029 4509; x_wconf 89' lang='lat' dir='ltr'><strong>etiam</strong></span> <span class='ocrx_word' id='word_1_672' title='bbox 3061 4457 3360 4515; x_wconf 88' lang='lat' dir='ltr'><strong>secundum</strong></span> <span class='ocrx_word' id='word_1_673' title='bbox 3391 4460 3537 4517; x_wconf 85' lang='lat' dir='ltr'><strong>litte-</strong></span> 
     </span>
    </p>
   </div>
   <div class='ocr_carea' id='block_1_83' title="bbox 249 4529 3537 4620">
    <p class='ocr_par' dir='ltr' id='par_1_83' title="bbox 249 4529 3537 4620">
     <span class='ocr_line' id='line_1_83' title="bbox 249 4529 3537 4620; baseline 0.005 -24"><span class='ocrx_word' id='word_1_674' title='bbox 249 4541 397 4596; x_wconf 92' lang='lat' dir='ltr'><strong>culto</strong></span> <span class='ocrx_word' id='word_1_675' title='bbox 432 4539 701 4606; x_wconf 82' lang='lat' dir='ltr'><strong>Judaeum,</strong></span> <span class='ocrx_word' id='word_1_676' title='bbox 736 4541 826 4611; x_wconf 93' lang='lat' dir='ltr'><strong>qui</strong></span> <span class='ocrx_word' id='word_1_677' title='bbox 866 4550 950 4596; x_wconf 87' lang='lat' dir='ltr'><strong>est</strong></span> <span class='ocrx_word' id='word_1_678' title='bbox 993 4541 1256 4611; x_wconf 89' lang='lat' dir='ltr'><strong>spiritalis</strong></span> <span class='ocrx_word' id='word_1_679' title='bbox 1283 4559 1296 4596; x_wconf 91' lang='lat'><strong>:</strong></span> <span class='ocrx_word' id='word_1_680' title='bbox 1330 4542 1589 4612; x_wconf 87' lang='lat' dir='ltr'><strong>spiritalis</strong></span> <span class='ocrx_word' id='word_1_681' title='bbox 1629 4552 1833 4612; x_wconf 89' lang='lat' dir='ltr'><strong>autem,</strong></span> <span class='ocrx_word' id='word_1_682' title='bbox 1863 4529 1918 4589; x_wconf 83' lang='lat' dir='ltr'><strong>D</strong></span> <span class='ocrx_word' id='word_1_683' title='bbox 1942 4559 2056 4600; x_wconf 88' lang='lat' dir='ltr'><strong>ram</strong></span> <span class='ocrx_word' id='word_1_684' title='bbox 2081 4544 2258 4616; x_wconf 87' lang='lat' dir='ltr'><strong>Legis,</strong></span> <span class='ocrx_word' id='word_1_685' title='bbox 2281 4557 2604 4615; x_wconf 91' lang='lat' dir='ltr'><strong>quamquam</strong></span> <span class='ocrx_word' id='word_1_686' title='bbox 2627 4543 2739 4602; x_wconf 81' lang='lat' dir='ltr'><strong>Lex</strong></span> <span class='ocrx_word' id='word_1_687' title='bbox 2764 4547 3028 4617; x_wconf 87' lang='lat' dir='ltr'><strong>spiritalis</strong></span> <span class='ocrx_word' id='word_1_688' title='bbox 3048 4550 3138 4620; x_wconf 87' lang='lat' dir='ltr'><strong>sit,</strong></span> <span class='ocrx_word' id='word_1_689' title='bbox 3163 4564 3216 4610; x_wconf 91' lang='lat' dir='ltr'><strong>et</strong></span> <span class='ocrx_word' id='word_1_690' title='bbox 3239 4556 3537 4614; x_wconf 88' lang='lat' dir='ltr'><strong>secundum</strong></span> 
     </span>
    </p>
   </div>
   <div class='ocr_carea' id='block_1_84' title="bbox 253 4633 3537 4709">
    <p class='ocr_par' dir='ltr' id='par_1_84' title="bbox 253 4633 3537 4709">
     <span class='ocr_line' id='line_1_84' title="bbox 253 4633 3537 4709; baseline 0.007 -23"><span class='ocrx_word' id='word_1_691' title='bbox 253 4641 438 4702; x_wconf 89' lang='lat' dir='ltr'><strong>utpote</strong></span> <span class='ocrx_word' id='word_1_692' title='bbox 464 4633 716 4704; x_wconf 88' lang='lat' dir='ltr'><strong>princeps</strong></span> <span class='ocrx_word' id='word_1_693' title='bbox 739 4674 755 4699; x_wconf 90' lang='lat'><strong>,</strong></span> <span class='ocrx_word' id='word_1_694' title='bbox 785 4633 1048 4704; x_wconf 89' lang='lat' dir='ltr'><strong>dijudicat</strong></span> <span class='ocrx_word' id='word_1_695' title='bbox 1085 4634 1284 4702; x_wconf 90' lang='lat' dir='ltr'><strong>omnia,</strong></span> <span class='ocrx_word' id='word_1_696' title='bbox 1321 4635 1435 4706; x_wconf 91' lang='lat' dir='ltr'><strong>ipse</strong></span> <span class='ocrx_word' id='word_1_697' title='bbox 1465 4645 1645 4693; x_wconf 86' lang='lat' dir='ltr'><strong>autem</strong></span> <span class='ocrx_word' id='word_1_698' title='bbox 1678 4653 1707 4691; x_wconf 91' lang='lat' dir='ltr'><strong>a</strong></span> <span class='ocrx_word' id='word_1_699' title='bbox 1741 4654 1837 4694; x_wconf 89' lang='lat' dir='ltr'><strong>nc-</strong></span> <span class='ocrx_word' id='word_1_700' title='bbox 1941 4639 2112 4709; x_wconf 87' lang='lat' dir='ltr'><strong>ipsam</strong></span> <span class='ocrx_word' id='word_1_701' title='bbox 2145 4644 2326 4692; x_wconf 89' lang='lat' dir='ltr'><strong>tamen</strong></span> <span class='ocrx_word' id='word_1_702' title='bbox 2356 4637 2592 4694; x_wconf 87' lang='lat' dir='ltr'><strong>litteram</strong></span> <span class='ocrx_word' id='word_1_703' title='bbox 2622 4638 2691 4694; x_wconf 91' lang='lat' dir='ltr'><strong>ad</strong></span> <span class='ocrx_word' id='word_1_704' title='bbox 2716 4639 3192 4702; x_wconf 88' lang='lat' dir='ltr'><strong>circumcisionem</strong></span> <span class='ocrx_word' id='word_1_705' title='bbox 3226 4651 3396 4705; x_wconf 89' lang='lat' dir='ltr'><strong>teneri</strong></span> <span class='ocrx_word' id='word_1_706' title='bbox 3427 4667 3537 4709; x_wconf 90' lang='lat' dir='ltr'><strong>tton</strong></span> 
     </span>
    </p>
   </div>
   <div class='ocr_carea' id='block_1_85' title="bbox 254 4726 3539 4808">
    <p class='ocr_par' dir='ltr' id='par_1_85' title="bbox 254 4726 3539 4808">
     <span class='ocr_line' id='line_1_85' title="bbox 254 4726 3539 4808; baseline 0.006 -28"><span class='ocrx_word' id='word_1_707' title='bbox 254 4726 398 4781; x_wconf 88' lang='lat' dir='ltr'><strong>mine</strong></span> <span class='ocrx_word' id='word_1_708' title='bbox 416 4726 744 4797; x_wconf 88' lang='lat' dir='ltr'><strong>dijudicatur</strong></span> <span class='ocrx_word' id='word_1_709' title='bbox 775 4726 820 4796; x_wconf 75' lang='grc' dir='ltr'><strong>(Ι</strong></span> <span class='ocrx_word' id='word_1_710' title='bbox 842 4726 960 4782; x_wconf 88' lang='lat' dir='ltr'><strong>Cor.</strong></span> <span class='ocrx_word' id='word_1_711' title='bbox 992 4726 1049 4794; x_wconf 91' lang='lat'><strong>2,</strong></span> <span class='ocrx_word' id='word_1_712' title='bbox 1081 4726 1194 4798; x_wconf 78' lang='lat' dir='ltr'><strong>t5).</strong></span> <span class='ocrx_word' id='word_1_713' title='bbox 1943 4732 2184 4804; x_wconf 89' lang='lat' dir='ltr'><strong>potuisse</strong></span> <span class='ocrx_word' id='word_1_714' title='bbox 2225 4731 2503 4787; x_wconf 89' lang='lat' dir='ltr'><strong>nationum</strong></span> <span class='ocrx_word' id='word_1_715' title='bbox 2533 4733 2801 4803; x_wconf 87' lang='lat' dir='ltr'><strong>populos:</strong></span> <span class='ocrx_word' id='word_1_716' title='bbox 2841 4735 2941 4792; x_wconf 89' lang='lat' dir='ltr'><strong>sed</strong></span> <span class='ocrx_word' id='word_1_717' title='bbox 2963 4737 3136 4808; x_wconf 87' lang='lat' dir='ltr'><strong>ipsam</strong></span> <span class='ocrx_word' id='word_1_718' title='bbox 3162 4740 3539 4800; x_wconf 87' lang='lat' dir='ltr'><strong>circumcisio-</strong></span> 
     </span>
    </p>
   </div>
   <div class='ocr_carea' id='block_1_86' title="bbox 256 4819 3542 4905">
    <p class='ocr_par' dir='ltr' id='par_1_86' title="bbox 256 4819 3542 4905">
     <span class='ocr_line' id='line_1_86' title="bbox 256 4819 3542 4905; baseline 0.005 -33"><span class='ocrx_word' id='word_1_719' title='bbox 256 4828 284 4890; x_wconf 69' lang='grc' dir='ltr'><strong>ι</strong></span> <span class='ocrx_word' id='word_1_720' title='bbox 325 4820 414 4875; x_wconf 79' lang='lat'><strong>2‘5.</strong></span> <span class='ocrx_word' id='word_1_721' title='bbox 450 4820 647 4877; x_wconf 88' lang='lat' dir='ltr'><strong>Debuit</strong></span> <span class='ocrx_word' id='word_1_722' title='bbox 691 4834 822 4890; x_wconf 89' lang='lat' dir='ltr'><strong>ergo</strong></span> <span class='ocrx_word' id='word_1_723' title='bbox 853 4830 875 4859; x_wconf 75' lang='grc' dir='ltr'><strong>ο</strong></span> <span class='ocrx_word' id='word_1_724' title='bbox 910 4819 1069 4890; x_wconf 86' lang='lat' dir='ltr'><strong>Legis</strong></span> <span class='ocrx_word' id='word_1_725' title='bbox 1098 4821 1353 4877; x_wconf 88' lang='lat' dir='ltr'><strong>mandata</strong></span> <span class='ocrx_word' id='word_1_726' title='bbox 1391 4825 1709 4895; x_wconf 81' lang='lat' dir='ltr'><strong>praescripto</strong></span> <span class='ocrx_word' id='word_1_727' title='bbox 1738 4825 1844 4881; x_wconf 84' lang='lat' dir='ltr'><strong>cir-</strong></span> <span class='ocrx_word' id='word_1_728' title='bbox 1947 4841 2070 4883; x_wconf 91' lang='lat' dir='ltr'><strong>nent</strong></span> <span class='ocrx_word' id='word_1_729' title='bbox 2105 4826 2155 4880; x_wconf 87' lang='lat' dir='ltr'><strong>in</strong></span> <span class='ocrx_word' id='word_1_730' title='bbox 2187 4825 2345 4897; x_wconf 89' lang='lat' dir='ltr'><strong>signo</strong></span> <span class='ocrx_word' id='word_1_731' title='bbox 2369 4824 2559 4891; x_wconf 78' lang='lat' dir='ltr'><strong>fuisse,</strong></span> <span class='ocrx_word' id='word_1_732' title='bbox 2588 4824 2766 4883; x_wconf 90' lang='lat' dir='ltr'><strong>donec</strong></span> <span class='ocrx_word' id='word_1_733' title='bbox 2793 4828 3079 4898; x_wconf 87' lang='lat' dir='ltr'><strong>plenitudo</strong></span> <span class='ocrx_word' id='word_1_734' title='bbox 3103 4833 3348 4905; x_wconf 84' lang='lat' dir='ltr'><strong>gentium</strong></span> <span class='ocrx_word' id='word_1_735' title='bbox 3374 4835 3542 4892; x_wconf 79' lang='lat' dir='ltr'><strong>intra-</strong></span> 
     </span>
    </p>
   </div>
   <div class='ocr_carea' id='block_1_87' title="bbox 256 4911 3544 4992">
    <p class='ocr_par' dir='ltr' id='par_1_87' title="bbox 256 4911 3544 4992">
     <span class='ocr_line' id='line_1_87' title="bbox 256 4911 3544 4992; baseline 0.007 -26"><span class='ocrx_word' id='word_1_736' title='bbox 256 4911 552 4978; x_wconf 88' lang='lat' dir='ltr'><strong>eumcisio,</strong></span> <span class='ocrx_word' id='word_1_737' title='bbox 584 4928 705 4982; x_wconf 72' lang='lat' dir='ltr'><strong>qua:</strong></span> <span class='ocrx_word' id='word_1_738' title='bbox 731 4927 798 4967; x_wconf 89' lang='lat' dir='ltr'><strong>ex</strong></span> <span class='ocrx_word' id='word_1_739' title='bbox 827 4920 983 4982; x_wconf 89' lang='lat' dir='ltr'><strong>parte</strong></span> <span class='ocrx_word' id='word_1_740' title='bbox 1023 4921 1178 4980; x_wconf 88' lang='lat' dir='ltr'><strong>erat,</strong></span> <span class='ocrx_word' id='word_1_741' title='bbox 1211 4929 1464 4983; x_wconf 87' lang='lat' dir='ltr'><strong>cessare,</strong></span> <span class='ocrx_word' id='word_1_742' title='bbox 1495 4927 1845 4989; x_wconf 89' lang='lat' dir='ltr'><strong>posteaquam</strong></span> <span class='ocrx_word' id='word_1_743' title='bbox 1947 4928 2052 4986; x_wconf 87' lang='lat' dir='ltr'><strong>ret,</strong></span> <span class='ocrx_word' id='word_1_744' title='bbox 2094 4928 2150 4975; x_wconf 86' lang='lat' dir='ltr'><strong>et</strong></span> <span class='ocrx_word' id='word_1_745' title='bbox 2189 4919 2268 4974; x_wconf 92' lang='lat' dir='ltr'><strong>sic</strong></span> <span class='ocrx_word' id='word_1_746' title='bbox 2313 4919 2490 4974; x_wconf 92' lang='lat' dir='ltr'><strong>omnis</strong></span> <span class='ocrx_word' id='word_1_747' title='bbox 2535 4917 2704 4976; x_wconf 84' lang='lat' dir='ltr'><strong>Israel</strong></span> <span class='ocrx_word' id='word_1_748' title='bbox 2748 4920 2932 4978; x_wconf 89' lang='lat' dir='ltr'><strong>salvus</strong></span> <span class='ocrx_word' id='word_1_749' title='bbox 2971 4924 3156 4992; x_wconf 85' lang='lat' dir='ltr'><strong>lieret.</strong></span> <span class='ocrx_word' id='word_1_750' title='bbox 3188 4928 3544 4989; x_wconf 86' lang='lat' dir='ltr'><strong>circumcisus</strong></span> 
     </span>
    </p>
   </div>
   <div class='ocr_carea' id='block_1_88' title="bbox 258 5002 3547 5096">
    <p class='ocr_par' dir='ltr' id='par_1_88' title="bbox 258 5002 3547 5096">
     <span class='ocr_line' id='line_1_88' title="bbox 258 5002 3547 5096; baseline 0.007 -38"><span class='ocrx_word' id='word_1_751' title='bbox 258 5002 411 5096; x_wconf 81' lang='lat' dir='ltr'><strong>venit</strong></span> <span class='ocrx_word' id='word_1_752' title='bbox 441 5003 535 5073; x_wconf 87' lang='lat' dir='ltr'><strong>qui</strong></span> <span class='ocrx_word' id='word_1_753' title='bbox 573 5003 1042 5061; x_wconf 88' lang='lat' dir='ltr'><strong>circumcisionem</strong></span> <span class='ocrx_word' id='word_1_754' title='bbox 1076 5004 1284 5062; x_wconf 82' lang='lat' dir='ltr'><strong>faceret</strong></span> <span class='ocrx_word' id='word_1_755' title='bbox 1311 5007 1476 5063; x_wconf 91' lang='lat' dir='ltr'><strong>totius</strong></span> <span class='ocrx_word' id='word_1_756' title='bbox 1505 5007 1763 5076; x_wconf 89' lang='lat' dir='ltr'><strong>hominis,</strong></span> <span class='ocrx_word' id='word_1_757' title='bbox 1792 5020 1847 5066; x_wconf 89' lang='lat' dir='ltr'><strong>et</strong></span> <span class='ocrx_word' id='word_1_758' title='bbox 1950 5014 2116 5071; x_wconf 90' lang='lat' dir='ltr'><strong>corde</strong></span> <span class='ocrx_word' id='word_1_759' title='bbox 2140 5055 2155 5079; x_wconf 90' lang='lat'><strong>,</strong></span> <span class='ocrx_word' id='word_1_760' title='bbox 2200 5029 2305 5070; x_wconf 90' lang='lat' dir='ltr'><strong>non</strong></span> <span class='ocrx_word' id='word_1_761' title='bbox 2338 5014 2533 5085; x_wconf 83' lang='lat' dir='ltr'><strong>exigua</strong></span> <span class='ocrx_word' id='word_1_762' title='bbox 2565 5013 2796 5070; x_wconf 90' lang='lat' dir='ltr'><strong>membri</strong></span> <span class='ocrx_word' id='word_1_763' title='bbox 2839 5016 3003 5074; x_wconf 89' lang='lat' dir='ltr'><strong>unius</strong></span> <span class='ocrx_word' id='word_1_764' title='bbox 3031 5027 3207 5090; x_wconf 87' lang='lat' dir='ltr'><strong>parte.</strong></span> <span class='ocrx_word' id='word_1_765' title='bbox 3242 5023 3384 5096; x_wconf 81' lang='lat' dir='ltr'><strong>Ergo</strong></span> <span class='ocrx_word' id='word_1_766' title='bbox 3414 5027 3547 5081; x_wconf 90' lang='lat' dir='ltr'><strong>satis</strong></span> 
     </span>
    </p>
   </div>
   <div class='ocr_carea' id='block_1_89' title="bbox 261 5095 3546 5175">
    <p class='ocr_par' dir='ltr' id='par_1_89' title="bbox 261 5095 3546 5175">
     <span class='ocr_line' id='line_1_89' title="bbox 261 5095 3546 5175; baseline 0.007 -22"><span class='ocrx_word' id='word_1_767' title='bbox 261 5095 1002 5168; x_wconf 87' lang='lat' dir='ltr'><strong>intpleretcircumcisionem</strong></span> <span class='ocrx_word' id='word_1_768' title='bbox 1025 5098 1206 5171; x_wconf 90' lang='lat' dir='ltr'><strong>Legis.</strong></span> <span class='ocrx_word' id='word_1_769' title='bbox 1234 5100 1369 5167; x_wconf 85' lang='lat' dir='ltr'><strong>Quis</strong></span> <span class='ocrx_word' id='word_1_770' title='bbox 1399 5111 1583 5158; x_wconf 84' lang='lat' dir='ltr'><strong>autem</strong></span> <span class='ocrx_word' id='word_1_771' title='bbox 1610 5113 1693 5158; x_wconf 92' lang='lat' dir='ltr'><strong>est</strong></span> <span class='ocrx_word' id='word_1_772' title='bbox 1722 5103 1845 5169; x_wconf 88' lang='lat' dir='ltr'><strong>iste,</strong></span> <span class='ocrx_word' id='word_1_773' title='bbox 1952 5115 2006 5162; x_wconf 92' lang='lat' dir='ltr'><strong>et</strong></span> <span class='ocrx_word' id='word_1_774' title='bbox 2036 5115 2291 5162; x_wconf 86' lang='lat' dir='ltr'><strong>excusata</strong></span> <span class='ocrx_word' id='word_1_775' title='bbox 2323 5121 2354 5160; x_wconf 87' lang='lat' dir='ltr'><strong>a</strong></span> <span class='ocrx_word' id='word_1_776' title='bbox 2380 5104 2537 5163; x_wconf 88' lang='lat' dir='ltr'><strong>nobis</strong></span> <span class='ocrx_word' id='word_1_777' title='bbox 2563 5147 2579 5167; x_wconf 87' lang='lat'><strong>.</strong></span> <span class='ocrx_word' id='word_1_778' title='bbox 2613 5114 2670 5162; x_wconf 88' lang='lat' dir='ltr'><strong>et</strong></span> <span class='ocrx_word' id='word_1_779' title='bbox 2710 5106 2936 5163; x_wconf 82' lang='lat' dir='ltr'><strong>exclusa</strong></span> <span class='ocrx_word' id='word_1_780' title='bbox 2977 5119 3064 5168; x_wconf 90' lang='lat' dir='ltr'><strong>est</strong></span> <span class='ocrx_word' id='word_1_781' title='bbox 3087 5095 3402 5172; x_wconf 66' lang='lat' dir='ltr'><strong>Judworum</strong></span> <span class='ocrx_word' id='word_1_782' title='bbox 3431 5134 3546 5175; x_wconf 82' lang='lat' dir='ltr'><strong>ma-</strong></span> 
     </span>
    </p>
   </div>
   <div class='ocr_carea' id='block_1_90' title="bbox 263 5187 2791 5269">
    <p class='ocr_par' dir='ltr' id='par_1_90' title="bbox 263 5187 2791 5269">
     <span class='ocr_line' id='line_1_90' title="bbox 263 5187 2791 5269; baseline 0.002 -23"><span class='ocrx_word' id='word_1_783' title='bbox 263 5190 367 5247; x_wconf 91' lang='lat' dir='ltr'><strong>nisi</strong></span> <span class='ocrx_word' id='word_1_784' title='bbox 395 5188 486 5259; x_wconf 90' lang='lat' dir='ltr'><strong>qui</strong></span> <span class='ocrx_word' id='word_1_785' title='bbox 519 5187 696 5243; x_wconf 63' lang='lat' dir='ltr'><strong>dixit:</strong></span> <span class='ocrx_word' id='word_1_786' title='bbox 733 5187 858 5247; x_wconf 87' lang='lat' dir='ltr'><strong>Non</strong></span> <span class='ocrx_word' id='word_1_787' title='bbox 893 5192 1005 5246; x_wconf 79' lang='lat' dir='ltr'><strong>ueni</strong></span> <span class='ocrx_word' id='word_1_788' title='bbox 1056 5191 1218 5262; x_wconf 88' lang='lat' dir='ltr'><strong>legem</strong></span> <span class='ocrx_word' id='word_1_789' title='bbox 1257 5192 1453 5248; x_wconf 80' lang='lat' dir='ltr'><strong>soluere</strong></span> <span class='ocrx_word' id='word_1_790' title='bbox 1502 5193 1593 5248; x_wconf 86' lang='lat' dir='ltr'><strong>sed</strong></span> <span class='ocrx_word' id='word_1_791' title='bbox 1633 5193 1851 5262; x_wconf 89' lang='lat' dir='ltr'><strong>implere</strong></span> <span class='ocrx_word' id='word_1_792' title='bbox 1955 5212 2094 5253; x_wconf 88' lang='lat' dir='ltr'><strong>nens</strong></span> <span class='ocrx_word' id='word_1_793' title='bbox 2125 5197 2397 5269; x_wconf 86' lang='lat' dir='ltr'><strong>hodieque</strong></span> <span class='ocrx_word' id='word_1_794' title='bbox 2425 5197 2791 5254; x_wconf 86' lang='lat' dir='ltr'><strong>circumcisio.</strong></span> 
     </span>
    </p>
   </div>
   <div class='ocr_carea' id='block_1_91' title="bbox 265 5273 3550 5373">
    <p class='ocr_par' dir='ltr' id='par_1_91' title="bbox 265 5273 3550 5373">
     <span class='ocr_line' id='line_1_91' title="bbox 265 5273 3550 5373; baseline 0.007 -36"><span class='ocrx_word' id='word_1_795' title='bbox 265 5280 483 5355; x_wconf 82' lang='lat' dir='ltr'><strong>(Matth.</strong></span> <span class='ocrx_word' id='word_1_796' title='bbox 518 5297 573 5349; x_wconf 90' lang='lat' dir='ltr'><strong>v,</strong></span> <span class='ocrx_word' id='word_1_797' title='bbox 608 5281 740 5350; x_wconf 86' lang='lat' dir='ltr'><strong>l7)?</strong></span> <span class='ocrx_word' id='word_1_798' title='bbox 2028 5290 2119 5343; x_wconf 85' lang='lat'><strong>27.</strong></span> <span class='ocrx_word' id='word_1_799' title='bbox 2153 5289 2309 5356; x_wconf 88' lang='lat' dir='ltr'><strong>Quod</strong></span> <span class='ocrx_word' id='word_1_800' title='bbox 2332 5299 2515 5346; x_wconf 89' lang='lat' dir='ltr'><strong>autem</strong></span> <span class='ocrx_word' id='word_1_801' title='bbox 2546 5289 2966 5362; x_wconf 86' lang='lat' dir='ltr'><strong>reprehensioni</strong></span> <span class='ocrx_word' id='word_1_802' title='bbox 2996 5308 3117 5352; x_wconf 84' lang='lat' dir='ltr'><strong>eam</strong></span> <span class='ocrx_word' id='word_1_803' title='bbox 3144 5273 3332 5356; x_wconf 86' lang='lat' dir='ltr'><strong>dicunt</strong></span> <span class='ocrx_word' id='word_1_804' title='bbox 3361 5302 3550 5373; x_wconf 82' lang='lat' dir='ltr'><strong>fuisse,</strong></span> 
     </span>
    </p>
   </div>
   <div class='ocr_carea' id='block_1_92' title="bbox 341 5393 3048 5469">
    <p class='ocr_par' dir='ltr' id='par_1_92' title="bbox 341 5393 3048 5469">
     <span class='ocr_line' id='line_1_92' title="bbox 341 5393 3048 5469; baseline 0.006 -22"><span class='ocrx_word' id='word_1_805' title='bbox 341 5403 369 5469; x_wconf 69' lang='lat' dir='ltr'><strong>fl</strong></span> <span class='ocrx_word' id='word_1_806' title='bbox 397 5393 570 5469; x_wconf 55' lang='lat' dir='ltr'><strong>_Edit_:.</strong></span> <span class='ocrx_word' id='word_1_807' title='bbox 603 5410 707 5448; x_wconf 88' lang='lat' dir='ltr'><strong>non</strong></span> <span class='ocrx_word' id='word_1_808' title='bbox 734 5394 803 5469; x_wconf 86' lang='lat' dir='ltr'><strong>si_t_</strong></span> <span class='ocrx_word' id='word_1_809' title='bbox 829 5394 1036 5448; x_wconf 85' lang='lat' dir='ltr'><strong>adulter</strong></span> <span class='ocrx_word' id='word_1_810' title='bbox 1063 5411 1300 5469; x_wconf 77' lang='lat' dir='ltr'><strong>corpore.</strong></span> <span class='ocrx_word' id='word_1_811' title='bbox 1961 5399 2179 5469; x_wconf 84' lang='lat' dir='ltr'><strong>scripta;</strong></span> <span class='ocrx_word' id='word_1_812' title='bbox 2210 5399 2402 5467; x_wconf 77' lang='lat' dir='ltr'><strong>reliqui</strong></span> <span class='ocrx_word' id='word_1_813' title='bbox 2434 5416 2564 5456; x_wconf 90' lang='lat' dir='ltr'><strong>mss.</strong></span> <span class='ocrx_word' id='word_1_814' title='bbox 2593 5411 2654 5457; x_wconf 92' lang='lat' dir='ltr'><strong>ut</strong></span> <span class='ocrx_word' id='word_1_815' title='bbox 2681 5403 2733 5457; x_wconf 93' lang='lat' dir='ltr'><strong>in</strong></span> <span class='ocrx_word' id='word_1_816' title='bbox 2760 5412 3048 5462; x_wconf 86' lang='lat' dir='ltr'><strong>contextu.</strong></span> 
     </span>
    </p>
   </div>
   <div class='ocr_carea' id='block_1_93' title="bbox 341 5463 3229 5547">
    <p class='ocr_par' dir='ltr' id='par_1_93' title="bbox 341 5463 3229 5547">
     <span class='ocr_line' id='line_1_93' title="bbox 341 5463 3229 5547; baseline 0.006 -27"><span class='ocrx_word' id='word_1_817' title='bbox 341 5463 369 5502; x_wconf 71' lang='grc' dir='ltr'>ι)</span> <span class='ocrx_word' id='word_1_818' title='bbox 397 5465 472 5520; x_wconf 88' lang='lat' dir='ltr'><strong>lta</strong></span> <span class='ocrx_word' id='word_1_819' title='bbox 514 5463 680 5547; x_wconf 53' lang='lat' dir='ltr'><strong>Rcui.</strong></span> <span class='ocrx_word' id='word_1_820' title='bbox 720 5464 851 5547; x_wconf 76' lang='lat' dir='ltr'><strong>edit.</strong></span> <span class='ocrx_word' id='word_1_821' title='bbox 901 5475 957 5547; x_wconf 74' lang='lat' dir='ltr'><strong>et</strong></span> <span class='ocrx_word' id='word_1_822' title='bbox 994 5479 1124 5547; x_wconf 78' lang='lat' dir='ltr'><strong>mss.</strong></span> <span class='ocrx_word' id='word_1_823' title='bbox 1158 5463 1404 5547; x_wconf 48' lang='lat' dir='ltr'><strong>aliquot}</strong></span> <span class='ocrx_word' id='word_1_824' title='bbox 1439 5477 1547 5524; x_wconf 90' lang='lat' dir='ltr'><strong>vet.</strong></span> <span class='ocrx_word' id='word_1_825' title='bbox 1588 5477 1770 5547; x_wconf 79' lang='lat' dir='ltr'><strong>autem</strong></span> <span class='ocrx_word' id='word_1_826' title='bbox 1802 5479 1858 5524; x_wconf 93' lang='lat' dir='ltr'><strong>et</strong></span> <span class='ocrx_word' id='word_1_827' title='bbox 2033 5463 2244 5547; x_wconf 60' lang='lat' dir='ltr'><strong>d&#39;ljom.</strong></span> <span class='ocrx_word' id='word_1_828' title='bbox 2279 5463 2578 5547; x_wconf 70' lang='lat' dir='ltr'><strong>edit.__sola,</strong></span> <span class='ocrx_word' id='word_1_829' title='bbox 2609 5482 2659 5547; x_wconf 85' lang='lat' dir='ltr'><strong>et</strong></span> <span class='ocrx_word' id='word_1_830' title='bbox 2687 5473 3011 5547; x_wconf 69' lang='lat' dir='ltr'><strong>eritpactum</strong></span> <span class='ocrx_word' id='word_1_831' title='bbox 3040 5496 3229 5536; x_wconf 87' lang='lat' dir='ltr'><strong>meum.</strong></span> 
     </span>
    </p>
   </div>
   <div class='ocr_carea' id='block_1_94' title="bbox 270 5535 3550 5626">
    <p class='ocr_par' dir='ltr' id='par_1_94' title="bbox 270 5535 3550 5626">
     <span class='ocr_line' id='line_1_94' title="bbox 270 5535 3550 5626; baseline 0.006 -32"><span class='ocrx_word' id='word_1_832' title='bbox 270 5551 406 5626; x_wconf 72' lang='lat' dir='ltr'><strong>mss.</strong></span> <span class='ocrx_word' id='word_1_833' title='bbox 436 5537 706 5626; x_wconf 68' lang='lat' dir='ltr'><strong>nonnulli,</strong></span> <span class='ocrx_word' id='word_1_834' title='bbox 734 5535 850 5626; x_wconf 73' lang='lat' dir='ltr'><strong>ideo</strong></span> <span class='ocrx_word' id='word_1_835' title='bbox 877 5537 1173 5618; x_wconf 78' lang='lat' dir='ltr'><strong>plurimi...</strong></span> <span class='ocrx_word' id='word_1_836' title='bbox 1201 5537 1560 5626; x_wconf 58' lang='lat' dir='ltr'><strong>proﬁciuntut</strong></span> <span class='ocrx_word' id='word_1_837' title='bbox 1584 5541 1818 5626; x_wconf 55' lang='lat' dir='ltr'><strong>uirtutem</strong></span> <span class='ocrx_word' id='word_1_838' title='bbox 1839 5556 1858 5594; x_wconf 92' lang='lat'><strong><em>:</em></strong></span> <span class='ocrx_word' id='word_1_839' title='bbox 1967 5611 2002 5626; x_wconf 28' lang='grc' dir='ltr'><strong>Δ.</strong></span> <span class='ocrx_word' id='word_1_840' title='bbox 2038 5551 2060 5578; x_wconf 73' lang='grc' dir='ltr'>θ</span> <span class='ocrx_word' id='word_1_841' title='bbox 2087 5540 2256 5622; x_wconf 78' lang='lat' dir='ltr'><strong>Quam</strong></span> <span class='ocrx_word' id='word_1_842' title='bbox 2287 5540 2552 5626; x_wconf 74' lang='lat' dir='ltr'><strong>familiare</strong></span> <span class='ocrx_word' id='word_1_843' title='bbox 2566 5535 2968 5626; x_wconf 36' lang='lat' dir='ltr'><strong>&#39;sit_Aml$rosio</strong></span> <span class='ocrx_word' id='word_1_844' title='bbox 2993 5535 3171 5626; x_wconf 77' lang='lat' dir='ltr'><strong>varias</strong></span> <span class='ocrx_word' id='word_1_845' title='bbox 3195 5535 3404 5626; x_wconf 72' lang='lat' dir='ltr'><strong>Aquila:</strong></span> <span class='ocrx_word' id='word_1_846' title='bbox 3435 5557 3550 5616; x_wconf 83' lang='lat' dir='ltr'><strong>lec-</strong></span> 
     </span>
    </p>
   </div>
   <div class='ocr_carea' id='block_1_95' title="bbox 273 5606 3549 5692">
    <p class='ocr_par' dir='ltr' id='par_1_95' title="bbox 273 5606 3549 5692">
     <span class='ocr_line' id='line_1_95' title="bbox 273 5606 3549 5692; baseline 0.005 -27"><span class='ocrx_word' id='word_1_847' title='bbox 273 5616 400 5666; x_wconf 69' lang='lat' dir='ltr'><strong>eaet.</strong></span> <span class='ocrx_word' id='word_1_848' title='bbox 429 5606 578 5692; x_wconf 78' lang='lat' dir='ltr'><strong>cod.,</strong></span> <span class='ocrx_word' id='word_1_849' title='bbox 609 5607 724 5662; x_wconf 85' lang='lat' dir='ltr'><strong>ideo</strong></span> <span class='ocrx_word' id='word_1_850' title='bbox 753 5607 995 5677; x_wconf 87' lang='lat' dir='ltr'><strong>plurimis</strong></span> <span class='ocrx_word' id='word_1_851' title='bbox 1111 5608 1413 5677; x_wconf 76' lang='lat' dir='ltr'><strong>prtefertur,</strong></span> <span class='ocrx_word' id='word_1_852' title='bbox 1438 5621 1514 5676; x_wconf 90' lang='lat' dir='ltr'><strong>ut,</strong></span> <span class='ocrx_word' id='word_1_853' title='bbox 1543 5621 1654 5666; x_wconf 93' lang='lat' dir='ltr'><strong>etc.</strong></span> <span class='ocrx_word' id='word_1_854' title='bbox 1685 5611 1860 5666; x_wconf 83' lang='lat' dir='ltr'><strong>Minus</strong></span> <span class='ocrx_word' id='word_1_855' title='bbox 1966 5606 2152 5692; x_wconf 38' lang='lat' dir='ltr'><strong>tiones.</strong></span> <span class='ocrx_word' id='word_1_856' title='bbox 2181 5612 2234 5666; x_wconf 92' lang='lat' dir='ltr'><strong>in</strong></span> <span class='ocrx_word' id='word_1_857' title='bbox 2274 5611 2508 5665; x_wconf 92' lang='lat' dir='ltr'><strong>medium</strong></span> <span class='ocrx_word' id='word_1_858' title='bbox 2561 5615 2978 5692; x_wconf 72' lang='lat' dir='ltr'><strong>proferre,_tum</strong></span> <span class='ocrx_word' id='word_1_859' title='bbox 3032 5606 3549 5692; x_wconf 39' lang='lat' dir='ltr'><strong>aliundeTtqu-‘ex</strong></span> 
     </span>
    </p>
   </div>
   <div class='ocr_carea' id='block_1_96' title="bbox 276 5678 3244 5767">
    <p class='ocr_par' dir='ltr' id='par_1_96' title="bbox 276 5678 3244 5767">
     <span class='ocr_line' id='line_1_96' title="bbox 276 5678 3244 5767; baseline -0.006 -11"><span class='ocrx_word' id='word_1_860' title='bbox 276 5678 604 5767; x_wconf 44' lang='grc' dir='ltr'><strong>εοιξηίιξίέξίες,</strong></span> <span class='ocrx_word' id='word_1_861' title='bbox 799 5765 846 5767; x_wconf 22' lang='grc' dir='ltr'><strong>Α,</strong></span> <span class='ocrx_word' id='word_1_862' title='bbox 1280 5746 1339 5767; x_wconf 26' lang='grc' dir='ltr'><strong><em>,Α</em></strong></span> <span class='ocrx_word' id='word_1_863' title='bbox 1384 5749 1393 5758; x_wconf 86' lang='grc'><em>,</em></span> <span class='ocrx_word' id='word_1_864' title='bbox 1591 5751 1604 5767; x_wconf 72' lang='grc'><strong><em>,</em></strong></span> <span class='ocrx_word' id='word_1_865' title='bbox 1648 5761 1658 5767; x_wconf 27' lang='grc' dir='ltr'><strong><em>Α</em></strong></span> <span class='ocrx_word' id='word_1_866' title='bbox 1968 5683 2154 5753; x_wconf 78' lang='lat' dir='ltr'><strong>psalmi</strong></span> <span class='ocrx_word' id='word_1_867' title='bbox 2187 5697 2369 5751; x_wconf 74' lang='lat' dir='ltr'><strong>cm&quot;,</strong></span> <span class='ocrx_word' id='word_1_868' title='bbox 2403 5678 2630 5754; x_wconf 66' lang='lat' dir='ltr'><strong>expositi</strong></span> <span class='ocrx_word' id='word_1_869' title='bbox 2659 5704 2737 5743; x_wconf 82' lang='lat' dir='ltr'><strong>ne</strong></span> <span class='ocrx_word' id='word_1_870' title='bbox 2764 5678 2940 5759; x_wconf 65' lang='lat' dir='ltr'><strong>quivis</strong></span> <span class='ocrx_word' id='word_1_871' title='bbox 2966 5678 3244 5767; x_wconf 59' lang='grc' dir='ltr'><strong>θεηοεςέιζ</strong></span> 
     </span>
    </p>
   </div>
   <div class='ocr_carea' id='block_1_97' title="bbox 356 5746 1864 5822">
    <p class='ocr_par' dir='ltr' id='par_1_97' title="bbox 356 5746 1864 5822">
     <span class='ocr_line' id='line_1_97' title="bbox 356 5746 1864 5822; baseline -0.001 -16"><span class='ocrx_word' id='word_1_872' title='bbox 356 5753 378 5781; x_wconf 76' lang='grc'><strong><em>⁸</em></strong></span> <span class='ocrx_word' id='word_1_873' title='bbox 410 5749 610 5806; x_wconf 88' lang='lat' dir='ltr'><strong>Omnes</strong></span> <span class='ocrx_word' id='word_1_874' title='bbox 634 5748 766 5804; x_wconf 88' lang='lat' dir='ltr'><strong>edit.</strong></span> <span class='ocrx_word' id='word_1_875' title='bbox 791 5765 855 5805; x_wconf 89' lang='lat' dir='ltr'><strong>ac</strong></span> <span class='ocrx_word' id='word_1_876' title='bbox 883 5748 1036 5819; x_wconf 79' lang='lat' dir='ltr'><strong>pauci</strong></span> <span class='ocrx_word' id='word_1_877' title='bbox 1071 5763 1197 5804; x_wconf 69' lang='lat' dir='ltr'><strong>mss.</strong></span> <span class='ocrx_word' id='word_1_878' title='bbox 1219 5788 1235 5814; x_wconf 93' lang='lat'><strong>,</strong></span> <span class='ocrx_word' id='word_1_879' title='bbox 1272 5746 1419 5820; x_wconf 85' lang='lat' dir='ltr'><strong>Legis</strong></span> <span class='ocrx_word' id='word_1_880' title='bbox 1450 5751 1691 5807; x_wconf 88' lang='lat' dir='ltr'><strong>mandato</strong></span> <span class='ocrx_word' id='word_1_881' title='bbox 1730 5767 1864 5822; x_wconf 82' lang='lat' dir='ltr'><strong>pra:-</strong></span> 
     </span>
    </p>
   </div>
   <div class='ocr_carea' id='block_1_98' title="bbox 1923 3702 3516 3778">
    <p class='ocr_par' dir='ltr' id='par_1_98' title="bbox 1923 3702 3516 3778">
     <span class='ocr_line' id='line_1_98' title="bbox 1923 3702 3516 3778; baseline 0.002 -18"><span class='ocrx_word' id='word_1_882' title='bbox 1923 3705 2061 3774; x_wconf 84' lang='lat' dir='ltr'><strong>ﬁlios</strong></span> <span class='ocrx_word' id='word_1_883' title='bbox 2086 3709 2198 3778; x_wconf 84' lang='lat' dir='ltr'><strong>ejus</strong></span> <span class='ocrx_word' id='word_1_884' title='bbox 2219 3747 2232 3770; x_wconf 92' lang='lat'><strong>,</strong></span> <span class='ocrx_word' id='word_1_885' title='bbox 2263 3713 2311 3758; x_wconf 90' lang='lat' dir='ltr'><strong>et</strong></span> <span class='ocrx_word' id='word_1_886' title='bbox 2336 3704 2405 3758; x_wconf 87' lang='lat' dir='ltr'><strong>ad</strong></span> <span class='ocrx_word' id='word_1_887' title='bbox 2434 3720 2612 3758; x_wconf 86' lang='lat' dir='ltr'><strong>omnes</strong></span> <span class='ocrx_word' id='word_1_888' title='bbox 2643 3705 2781 3772; x_wconf 82' lang='lat' dir='ltr'><strong>ﬁlios</strong></span> <span class='ocrx_word' id='word_1_889' title='bbox 2804 3702 2974 3757; x_wconf 80' lang='lat' dir='ltr'><strong>Israel</strong></span> <span class='ocrx_word' id='word_1_890' title='bbox 2996 3746 3011 3770; x_wconf 92' lang='lat'><strong>,</strong></span> <span class='ocrx_word' id='word_1_891' title='bbox 3044 3715 3091 3759; x_wconf 86' lang='lat' dir='ltr'><strong>et</strong></span> <span class='ocrx_word' id='word_1_892' title='bbox 3138 3706 3276 3761; x_wconf 86' lang='lat' dir='ltr'><strong>dices</strong></span> <span class='ocrx_word' id='word_1_893' title='bbox 3301 3707 3370 3760; x_wconf 88' lang='lat' dir='ltr'><strong>ad</strong></span> <span class='ocrx_word' id='word_1_894' title='bbox 3395 3723 3516 3763; x_wconf 83' lang='lat' dir='ltr'><strong>eos:</strong></span> 
     </span>
    </p>
   </div>
   <div class='ocr_carea' id='block_1_99' title="bbox 1927 3795 3520 3874">
    <p class='ocr_par' dir='ltr' id='par_1_99' title="bbox 1927 3795 3520 3874">
     <span class='ocr_line' id='line_1_99' title="bbox 1927 3795 3520 3874; baseline 0.003 -22"><span class='ocrx_word' id='word_1_895' title='bbox 1927 3799 2289 3863; x_wconf 85' lang='lat' dir='ltr'><strong>Homo,ltomo</strong></span> <span class='ocrx_word' id='word_1_896' title='bbox 2316 3816 2347 3852; x_wconf 93' lang='lat' dir='ltr'><strong>a</strong></span> <span class='ocrx_word' id='word_1_897' title='bbox 2375 3799 2499 3866; x_wconf 76' lang='lat' dir='ltr'><strong>[iliis</strong></span> <span class='ocrx_word' id='word_1_898' title='bbox 2518 3795 2706 3862; x_wconf 86' lang='lat' dir='ltr'><strong>Israel,</strong></span> <span class='ocrx_word' id='word_1_899' title='bbox 2732 3807 2778 3850; x_wconf 89' lang='lat' dir='ltr'><strong>et</strong></span> <span class='ocrx_word' id='word_1_900' title='bbox 2797 3816 2829 3852; x_wconf 93' lang='lat' dir='ltr'><strong>a</strong></span> <span class='ocrx_word' id='word_1_901' title='bbox 2852 3798 3149 3868; x_wconf 84' lang='lat' dir='ltr'><strong>proselytis,</strong></span> <span class='ocrx_word' id='word_1_902' title='bbox 3173 3802 3260 3870; x_wconf 88' lang='lat' dir='ltr'><strong>qui</strong></span> <span class='ocrx_word' id='word_1_903' title='bbox 3285 3813 3403 3856; x_wconf 89' lang='lat' dir='ltr'><strong>sunt</strong></span> <span class='ocrx_word' id='word_1_904' title='bbox 3424 3820 3520 3874; x_wconf 85' lang='lat' dir='ltr'><strong>ap-</strong></span> 
     </span>
    </p>
   </div>
   <div class='ocr_carea' id='block_1_100' title="bbox 1925 3889 3518 3964">
    <p class='ocr_par' dir='ltr' id='par_1_100' title="bbox 1925 3889 3518 3964">
     <span class='ocr_line' id='line_1_100' title="bbox 1925 3889 3518 3964; baseline 0.003 -18"><span class='ocrx_word' id='word_1_905' title='bbox 1925 3893 2077 3964; x_wconf 83' lang='lat' dir='ltr'><strong>positi</strong></span> <span class='ocrx_word' id='word_1_906' title='bbox 2099 3891 2256 3958; x_wconf 83' lang='lat' dir='ltr'><strong>vobis,</strong></span> <span class='ocrx_word' id='word_1_907' title='bbox 2285 3891 2593 3961; x_wconf 88' lang='lat' dir='ltr'><strong>quicumque</strong></span> <span class='ocrx_word' id='word_1_908' title='bbox 2618 3889 2797 3960; x_wconf 79' lang='lat' dir='ltr'><strong>fecerit</strong></span> <span class='ocrx_word' id='word_1_909' title='bbox 2819 3890 3178 3944; x_wconf 86' lang='lat' dir='ltr'><strong>holocaustum</strong></span> <span class='ocrx_word' id='word_1_910' title='bbox 3201 3892 3356 3964; x_wconf 84' lang='lat' dir='ltr'><strong>(Gen.</strong></span> <span class='ocrx_word' id='word_1_911' title='bbox 3384 3912 3518 3964; x_wconf 80' lang='lat' dir='ltr'><strong>xvtt,</strong></span> 
     </span>
    </p>
   </div>
   <div class='ocr_carea' id='block_1_101' title="bbox 1936 3979 3522 4054">
    <p class='ocr_par' dir='ltr' id='par_1_101' title="bbox 1936 3979 3522 4054">
     <span class='ocr_line' id='line_1_101' title="bbox 1936 3979 3522 4054; baseline 0.004 -17"><span class='ocrx_word' id='word_1_912' title='bbox 1936 3981 2040 4054; x_wconf 91' lang='lat' dir='ltr'><strong>l2).</strong></span> <span class='ocrx_word' id='word_1_913' title='bbox 2073 3982 2178 4038; x_wconf 88' lang='lat' dir='ltr'><strong>Ubi</strong></span> <span class='ocrx_word' id='word_1_914' title='bbox 2207 3996 2335 4052; x_wconf 85' lang='lat' dir='ltr'><strong>ergo</strong></span> <span class='ocrx_word' id='word_1_915' title='bbox 2357 3979 2778 4049; x_wconf 89' lang='lat' dir='ltr'><strong>comprehendit</strong></span> <span class='ocrx_word' id='word_1_916' title='bbox 2804 3996 2899 4037; x_wconf 93' lang='lat' dir='ltr'><strong>eos</strong></span> <span class='ocrx_word' id='word_1_917' title='bbox 2921 4023 2935 4048; x_wconf 90' lang='lat'><strong>,</strong></span> <span class='ocrx_word' id='word_1_918' title='bbox 2966 3980 3039 4037; x_wconf 90' lang='lat' dir='ltr'><strong>ibi</strong></span> <span class='ocrx_word' id='word_1_919' title='bbox 3067 3981 3179 4039; x_wconf 90' lang='lat' dir='ltr'><strong>Lex</strong></span> <span class='ocrx_word' id='word_1_920' title='bbox 3207 3999 3303 4042; x_wconf 90' lang='lat' dir='ltr'><strong>eos</strong></span> <span class='ocrx_word' id='word_1_921' title='bbox 3337 3996 3484 4045; x_wconf 89' lang='lat' dir='ltr'><strong>tenet</strong></span> <span class='ocrx_word' id='word_1_922' title='bbox 3509 4007 3522 4044; x_wconf 71' lang='grc' dir='ltr'><strong>ς</strong></span> 
     </span>
    </p>
   </div>
   <div class='ocr_carea' id='block_1_102' title="bbox 1931 4074 3525 4156">
    <p class='ocr_par' dir='ltr' id='par_1_102' title="bbox 1931 4074 3525 4156">
     <span class='ocr_line' id='line_1_102' title="bbox 1931 4074 3525 4156; baseline 0.006 -24"><span class='ocrx_word' id='word_1_923' title='bbox 1931 4077 2019 4132; x_wconf 93' lang='lat' dir='ltr'><strong>uhi</strong></span> <span class='ocrx_word' id='word_1_924' title='bbox 2046 4075 2266 4132; x_wconf 88' lang='lat' dir='ltr'><strong>oraculo</strong></span> <span class='ocrx_word' id='word_1_925' title='bbox 2294 4091 2400 4130; x_wconf 87' lang='lat' dir='ltr'><strong>non</strong></span> <span class='ocrx_word' id='word_1_926' title='bbox 2434 4074 2810 4146; x_wconf 73' lang='lat' dir='ltr'><strong>significantur</strong></span> <span class='ocrx_word' id='word_1_927' title='bbox 2832 4118 2847 4143; x_wconf 93' lang='lat'><strong>,</strong></span> <span class='ocrx_word' id='word_1_928' title='bbox 2882 4079 3161 4148; x_wconf 90' lang='lat' dir='ltr'><strong>quomodo</strong></span> <span class='ocrx_word' id='word_1_929' title='bbox 3187 4083 3415 4156; x_wconf 90' lang='lat' dir='ltr'><strong>astringi</strong></span> <span class='ocrx_word' id='word_1_930' title='bbox 3447 4087 3525 4142; x_wconf 86' lang='lat' dir='ltr'><strong>vi-</strong></span> 
     </span>
    </p>
   </div>
   <div class='ocr_carea' id='block_1_103' title="bbox 1931 4168 3524 4250">
    <p class='ocr_par' dir='ltr' id='par_1_103' title="bbox 1931 4168 3524 4250">
     <span class='ocr_line' id='line_1_103' title="bbox 1931 4168 3524 4250; baseline 0.005 -24"><span class='ocrx_word' id='word_1_931' title='bbox 1931 4170 2170 4226; x_wconf 82' lang='lat' dir='ltr'><strong>deatur?</strong></span> <span class='ocrx_word' id='word_1_932' title='bbox 2209 4169 2298 4224; x_wconf 89' lang='lat' dir='ltr'><strong>Sic</strong></span> <span class='ocrx_word' id='word_1_933' title='bbox 2335 4169 2502 4223; x_wconf 90' lang='lat' dir='ltr'><strong>habes</strong></span> <span class='ocrx_word' id='word_1_934' title='bbox 2529 4168 2765 4240; x_wconf 86' lang='lat' dir='ltr'><strong>denique</strong></span> <span class='ocrx_word' id='word_1_935' title='bbox 2792 4187 2804 4224; x_wconf 88' lang='lat'><strong>:</strong></span> <span class='ocrx_word' id='word_1_936' title='bbox 2836 4168 2938 4225; x_wconf 88' lang='lat' dir='ltr'><strong>Dic</strong></span> <span class='ocrx_word' id='word_1_937' title='bbox 2975 4171 3101 4240; x_wconf 78' lang='lat' dir='ltr'><strong>ﬁliis</strong></span> <span class='ocrx_word' id='word_1_938' title='bbox 3133 4173 3306 4230; x_wconf 86' lang='lat' dir='ltr'><strong>Aaron</strong></span> <span class='ocrx_word' id='word_1_939' title='bbox 3335 4175 3524 4250; x_wconf 76' lang='lat' dir='ltr'><strong>(Lavit.</strong></span> 
     </span>
    </p>
   </div>
   <div class='ocr_carea' id='block_1_104' title="bbox 1933 4260 3524 4340">
    <p class='ocr_par' dir='ltr' id='par_1_104' title="bbox 1933 4260 3524 4340">
     <span class='ocr_line' id='line_1_104' title="bbox 1933 4260 3524 4340; baseline 0.007 -22"><span class='ocrx_word' id='word_1_940' title='bbox 1933 4279 2062 4328; x_wconf 88' lang='lat' dir='ltr'><strong>xvu,</strong></span> <span class='ocrx_word' id='word_1_941' title='bbox 2100 4263 2121 4315; x_wconf 86' lang='lat' dir='ltr'><strong>l</strong></span> <span class='ocrx_word' id='word_1_942' title='bbox 2149 4270 2196 4316; x_wconf 85' lang='lat' dir='ltr'><strong>et</strong></span> <span class='ocrx_word' id='word_1_943' title='bbox 2218 4267 2378 4332; x_wconf 87' lang='lat' dir='ltr'><strong>seq.),</strong></span> <span class='ocrx_word' id='word_1_944' title='bbox 2409 4260 2627 4332; x_wconf 88' lang='lat' dir='ltr'><strong>quando</strong></span> <span class='ocrx_word' id='word_1_945' title='bbox 2654 4260 2722 4318; x_wconf 92' lang='lat' dir='ltr'><strong>de</strong></span> <span class='ocrx_word' id='word_1_946' title='bbox 2749 4262 3125 4320; x_wconf 89' lang='lat' dir='ltr'><strong>sacerdotibus</strong></span> <span class='ocrx_word' id='word_1_947' title='bbox 3150 4264 3301 4322; x_wconf 91' lang='lat' dir='ltr'><strong>dicit.</strong></span> <span class='ocrx_word' id='word_1_948' title='bbox 3325 4267 3524 4340; x_wconf 86' lang='lat' dir='ltr'><strong>Habes,</strong></span> 
     </span>
    </p>
   </div>
  </div>
