4092 6190
202 289 337 355 ηδτ

1385 291 1872 353 EPISTOLARUM
1913 293 2196 352 CLASSIS
2234 295 2296 352 ll.

3367 295 3391 358 1
3402 298 3508 357 258

198 404 380 475 (Deut.
414 418 546 470 xxv,
568 404 659 475 tl);
701 405 794 475 qui
823 404 987 460 habet
1013 404 1405 474 scripturarum
1438 422 1640 462 cornua
1663 407 1801 463 divi-
1835 417 1880 472 Α
1910 407 2205 463 secundum
2229 405 2645 476 promissionem
2689 409 2953 465 hmredes.
3001 408 3131 466 Haec
3157 418 3242 467 est
3279 411 3515 484 Aposto—

199 513 412 554 narum.
459 491 669 552 Pullutn
709 506 890 551 autem
934 497 1102 551 asinae
1131 497 1393 554 Dominus
1425 500 1478 554 in
1511 500 1805 572 Evangelio

200 589 254 644 in
280 589 448 661 ﬁgura
481 588 664 661 pepuli
693 588 911 660 gentilis
939 588 1186 645 ascendit
1212 588 1366 663 (Luc.
1402 607 1515 658 XIX,
1546 592 1658 664 55).

279 680 366 736 10.
409 679 546 736 Puto
583 689 764 735 autem
803 679 1058 749 quoniam
1091 679 1244 736 dives
1286 691 1372 736 est
1415 682 1638 738 verbum
1685 683 1803 751 Dei,

201 771 346 844 quod
399 771 563 827 etiam
619 769 754 828 illud
802 769 1110 842 intelligere
1158 771 1488 842 debeamus,
1539 776 1664 846 quia
1709 775 1808 831 bos

202 865 368 921 habet
394 879 592 920 cornua
627 865 786 935 plena
819 868 1046 924 terroris
1071 909 1085 933 ,
1121 877 1308 926 taurus
1334 869 1591 926 ferociam
1622 868 1805 938 habet,

203 960 392 1015 asinus
440 959 916 1017 mansuetudinem
961 977 975 1017 :
1019 963 1164 1034 quod
1211 963 1350 1020 bene
1401 965 1469 1019 ad
1521 963 1808 1034 praesentia

203 1051 497 1120 derivatur,
529 1053 653 1123 quia
675 1052 866 1110 beatus
893 1055 986 1125 qui
1015 1063 1072 1111 et
1100 1057 1447 1112 severitatem
1474 1067 1528 1113 et
1555 1070 1810 1112 mansue-

204 1145 446 1202 tudinem
471 1154 660 1213 tenet;
703 1156 761 1202 ut
791 1150 965 1206 altero
1002 1150 1287 1222 disciplina
1329 1160 1610 1217 servetur,
1637 1152 1812 1206 altero

203 1240 511 1298 innocentia
557 1257 664 1298 non
706 1245 1045 1315 opprimatur
1093 1262 1106 1298 :
1153 1245 1317 1300 nimia
1360 1247 1505 1302 enim
1548 1247 1812 1302 severitas

204 1342 492 1403 extorquet
516 1333 835 1406 plerumque
858 1344 1068 1391 terrore
1090 1336 1458 1392 mendacium.
1488 1339 1634 1394 Deus
1660 1337 1813 1408 diligi

205 1426 436 1494 maluit,
483 1441 640 1496 quam
693 1427 916 1484 timeri:
959 1427 1222 1484 Dominus
1267 1438 1447 1485 autem
1488 1430 1812 1485 charitatem

161 1517 168 1522 ’
203 1519 410 1591 exigit,
451 1535 646 1577 servus
681 1521 970 1587 timorem;
1011 1538 1134 1578 cum
1169 1535 1467 1594 perpetuus
1502 1525 1554 1578 in
1597 1523 1815 1579 homine

206 1622 386 1668 terror
409 1627 532 1669 esse
563 1629 670 1670 non
701 1617 873 1683 possit
899 1632 912 1680 ;
955 1616 1081 1686 quia
1108 1617 1368 1687 scriptum
1398 1627 1511 1685 est,
1548 1620 1691 1674 sicut
1718 1618 1817 1674 ho-

203 1705 299 1763 die
322 1707 518 1763 lectum
537 1719 620 1763 est
635 1725 648 1761 :
666 1709 803 1763 Ecce
821 1709 876 1763 in
901 1710 1083 1764 timore
1096 1719 1262 1765 vestro
1283 1711 1385 1781 ipsi
1404 1712 1675 1778 tintebunt,
1688 1728 1816 1781 quos

1909 499 2031 555 licae
2068 499 2348 554 conclusio
2375 500 2681 555 sententiae.

1982 594 2036 647 5.
2064 591 2170 648 Sed
2193 591 2435 647 occurrit
2456 592 2637 650 adhuc
2655 592 2730 659 ei,
2756 595 2848 664 qui
2875 603 3085 664 poterat
3111 595 3276 651 etiam
3297 596 3519 653 Judaeus

1910 687 2094 742 dicere
2119 705 2130 740 :
2160 686 2229 741 Et
2255 700 2356 757 ego
2385 685 2560 742 haeres
2590 701 2714 742 sum
2741 705 2755 742 :
2779 688 3035 758 queuiam
3060 691 3160 746 sub
3185 690 3330 762 Lege
3356 707 3475 747 sum
3507 711 3518 745 :

1912 777 2024 834 Lex
2059 786 2238 833 autem
2278 788 2436 834 vetus
2485 777 2681 834 dicitur
2724 779 3128 836 Testamentum
3165 799 3177 836 :
3211 783 3300 837 ubi
3328 791 3516 839 autem

1914 880 2326 938 testamentum,
2349 871 2420 927 ibi
2443 871 2757 928 haereditas.
2786 873 2853 928 Et
2875 872 3003 930 licet
3028 874 3095 929 ad
3117 874 3374 931 Hebraeos
3401 877 3520 946 ipse

1913 963 2113 1020 dixerit
2154 964 2342 1036 (Hebr.
2374 980 2449 1029 ιιι,
2478 965 2607 1035 17),
2636 965 2762 1037 quia
2803 973 3189 1024 testamentum
3223 984 3330 1024 non
3358 969 3524 1035 valet,

1917 1059 2020 1115 nisi
2043 1075 2189 1116 mors
2214 1059 2516 1116 intercedat
2541 1061 2836 1130 testatoris,
2865 1063 2914 1117 id
2939 1072 3042 1129 est,
3065 1065 3322 1134 quoniam
3348 1075 3520 1121 testa-

1915 1162 2157 1208 mentum
2193 1168 2300 1208 non
2328 1153 2470 1208 valet
2495 1153 2755 1224 quamdiu
2801 1155 2935 1210 vivit
2973 1165 3233 1223 testator,
3273 1158 3368 1212 sed
3405 1158 3524 1227 ejus

1918 1253 2095 1300 morte
2138 1245 2408 1312 ﬁrmatur;
2457 1255 2636 1301 tamen
2681 1246 2802 1317 quia
2845 1247 2898 1301 in
2937 1247 3211 1304 Hieremia
3262 1249 3526 1304 Dominus

1918 1336 2132 1391 locutus
2153 1347 2235 1393 est
2253 1337 2567 1404 deJudreis,
2587 1348 2642 1393 et
2659 1338 2765 1392 ait:
2793 1337 2959 1393 Facta
2988 1351 3061 1394 est
3093 1342 3370 1397 hwreditas
3393 1343 3524 1397 mihi

1917 1431 2050 1482 sicut
2083 1429 2161 1483 leo
2189 1429 2408 1499 (Jerem.
2438 1446 2534 1495 xu,
2569 1429 2660 1502 8);
2688 1430 2940 1488 hmredes
2961 1448 3056 1487 eos
3101 1450 3299 1504 negare
3329 1435 3521 1490 noluit.

1920 1522 2028 1576 Sed
2047 1533 2172 1576 sunt
2200 1522 2444 1578 haeredes
2473 1522 2588 1578 siue
2609 1539 2689 1588 rc,
2717 1535 2845 1579 sunt
2865 1532 2920 1580 et
2942 1541 3064 1581 cum
3090 1541 3182 1581 re:
3206 1536 3259 1583 et
3277 1528 3532 1584 dicuntur

1923 1615 2166 1668 haeredes
2183 1623 2448 1670 testatore
2461 1617 2698 1681 vivente,
2720 1618 2812 1685 qui
2825 1619 3010 1688 scripti
3035 1631 3182 1687 sunt,
3201 1623 3294 1677 sed
3309 1623 3428 1679 sine
3445 1638 3525 1679 re.

1995 1703 2048 1757 4.
2089 1705 2228 1760 Sunt
2254 1707 2419 1760 etiam
2460 1705 2708 1762 haeredes
2731 1711 2961 1777 parvuli,
2991 1711 3081 1780 qui
3114 1711 3248 1767 nihil
3277 1713 3533 1770 dilferunt

205 1799 675 1868 timebatisﬁVale,
694 1801 1169 1873 ﬁli,etnosdilige;
1191 1803 1312 1869 quia
1338 1804 1812 1875 nostcdiligimus.
1847 1831 1894 1890 Β
1922 1813 1952 1852 a
1982 1799 2198 1853 servulo
2221 1840 2234 1863 ,
2279 1799 2537 1868 quoniam
2576 1798 2678 1854 sub
2716 1803 3060 1858 curatoribus
3090 1813 3218 1859 sunt
3246 1815 3269 1842 θ
3297 1815 3350 1861 et
3380 1815 3536 1860 acto-

714 1895 1056 1952 EPISTOLA
1095 1895 1312 1952 LXXV.

206 1986 493 2059 PrOposita
522 1989 738 2045 eruendi
770 1988 982 2044 Paulini
1010 2006 1190 2044 sensus
1212 1990 1527 2061 diﬁicultate,
1560 1991 1819 2063 subjungit

286 2094 480 2137 textum
503 2084 736 2156 ejusdem
759 2083 1017 2154 Apostoli,
1048 2083 1304 2138 hwredem
1327 2084 1528 2138 nullum
1556 2085 1689 2152 ﬁeri,
1721 2085 1820 2137 nisi

287 2190 378 2244 per
405 2173 561 2242 ﬁdem
583 2215 596 2239 ,
628 2176 951 2244 a/ﬁrmuntis.
991 2173 1192 2230 Deinde
1217 2175 1433 2231 Judazos
1474 2176 1820 2231 hereditatem

287 2275 495 2335 prapter
522 2275 662 2320 vetus
692 2264 1072 2321 Testamentum
1093 2267 1188 2321 sibi
1209 2266 1435 2321 debitam
1460 2268 1820 2321 contendentes

288 2358 499 2428 refellit,
521 2340 1056 2432 cujusmodthwredes
1079 2359 1303 2416 habendi
1324 2361 1451 2428 sint,
1477 2359 1816 2429 patefaciens.

613 2451 912 2508 Alanostus
952 2450 980 2489 ιι
1017 2451 1423 2509 Οιιιιιειιτιιιιο.

293 2543 344 2597 1.
385 2543 498 2599 Etsi
527 2544 697 2600 sciam
728 2544 872 2616 quod
905 2556 925 2583 ε
958 2545 1090 2600 nihil
1127 2543 1404 2601 difﬁcilius
1430 2545 1534 2610 sit,
1567 2560 1727 2616 quam
1755 2544 1824 2602 de

213 2634 466 2704 Apostoli
494 2635 729 2693 lectione
749 2636 1023 2692 disserere
1047 2653 1060 2701 ;
1085 2651 1206 2692 cum
1239 2637 1356 2706 ipse
1375 2636 1636 2709 Origenes
1664 2638 1826 2708 longe

212 2725 401 2782 ruinor
424 2727 498 2782 sit
519 2727 570 2782 in
594 2743 758 2794 novo,
776 2743 936 2798 quam
963 2728 1017 2782 in
1036 2727 1208 2783 veteri
1229 2726 1580 2786 Testamento
1605 2747 1619 2784 :
1646 2739 1824 2785 tamen

213 2817 478 2888 quoniam
507 2819 777 2889 superiori
801 2819 1028 2889 epistola
1056 2821 1206 2877 visus
1238 2821 1332 2876 tibi
1361 2836 1506 2890 sum,
1538 2838 1636 2878 cur
1664 2822 1827 2893 peda-

213 2926 388 2981 gogus
441 2911 549 2968 Lex
603 2905 924 2981 diceretur,
987 2929 1093 2968 non
1138 2915 1381 2971 absurde
1428 2915 1824 2986 explicavisse;

214 3002 487 3059 hodierno
539 3019 760 3076 quoque
805 3019 1060 3062 sermone
1115 3007 1224 3061 vim
1273 3007 1446 3077 ipsam
1493 3005 1827 3078 Apostolicte

215 3095 604 3166 disputationis
630 3096 936 3153 meditabor
955 3097 1189 3168 aperire.

1921 1890 2072 1944 ribus
2100 1909 2112 1946 :
2148 1889 2252 1956 Ita,
2287 1891 2482 1961 inquit,
2516 1902 2563 1945 et
2589 1907 2682 1946 nos
2709 1910 2913 1948 eramus
2938 1893 3119 1949 Judaei
3148 1903 3241 1950 sub
3273 1898 3536 1953 elementis

1921 1983 2101 2036 mundi
2131 1981 2293 2056 hujus
2318 1985 2610 2039 servientes.
2641 1984 2928 2056 Postquam
2958 2004 3076 2041 vero
3103 1990 3234 2043 venit
3265 1991 3535 2061 plenitudo

1925 2077 2199 2146 temporis,
2231 2086 2276 2130 et
2308 2077 2544 2133 Christus
2575 2079 2779 2132 advenit
2809 2079 3012 2150 (Galat.
3039 2098 3118 2149 tv,
3153 2081 3244 2153 5);
3285 2084 3394 2154 jam
3427 2101 3534 2141 non

1923 2182 2108 2222 sumus
2154 2168 2337 2232 servi,
2373 2169 2469 2223 sed
2510 2169 2705 2236 liberi,
2745 2173 2790 2224 si
2832 2171 3120 2227 credamus
3151 2175 3203 2228 in
3230 2175 3533 2233 Christum.

1923 2258 2069 2328 Ergo
2101 2260 2119 2296 τ
2151 2259 2301 2315 dedit
2329 2260 2436 2315 illis
2459 2261 2694 2330 speciem
2727 2262 3090 2331 hmreditatis,
3126 2268 3534 2332 possessionem

1925 2352 2162 2423 negavit.
2196 2353 2406 2408 Habent
2435 2369 2635 2408 nomen
2669 2355 2926 2421 haeredis,
2959 2372 3113 2410 usum
3146 2373 3252 2412 non
3287 2359 3530 2427 habent;

1925 2441 2050 2513 quia
2085 2442 2226 2498 sicut
2253 2445 2467 2514 parvuli
2495 2444 2746 2516 haeredcs
2769 2461 2966 2502 nomen
3001 2448 3204 2503 nudum
3239 2449 3535 2506 [neredita-

1927 2537 2017 2603 tis,
2043 2553 2149 2592 non
2183 2539 2566 2595 auctoritatem
2596 2552 2878 2610 usurpant,
2909 2542 3132 2612 jubendi
3155 2543 3242 2613 jus
3265 2553 3320 2600 et
3349 2547 3537 2603 utendi

1928 2646 2034 2685 non
2068 2631 2272 2687 habent
2299 2648 2313 2696 ;
2345 2633 2470 2702 quia
2513 2632 2913 2702 plenitudinem
2961 2651 3074 2690 sua:
3104 2638 3282 2692 mlatis
3313 2653 3539 2710 exspec-

1926 2732 2063 2792 tant,
2094 2736 2149 2780 ut
2178 2741 2206 2779 a
2239 2726 2581 2782 curatoribus
2607 2727 2927 2784 liberentur.

2001 2818 2055 2872 5.
2100 2817 2252 2873 Sicut
2302 2833 2432 2888 ergo
2486 2819 2720 2888 parvuli,
2766 2821 2835 2873 ita
2881 2829 2936 2875 et
2984 2821 3159 2877 Judaei
3210 2825 3311 2880 sub
3358 2826 3540 2895 paeda-

1929 2925 2069 2980 gogo
2108 2921 2255 2965 sunt.
2308 2911 2421 2967 Lex
2454 2911 2779 2983 paedagogus
2807 2922 2892 2968 est
2925 2934 2937 2968 :
2971 2915 3294 2986 paedagogus
3325 2917 3391 2972 ad
3425 2933 3540 2972 ma-

1929 3002 2157 3071 gistrum
2191 3001 2378 3068 ducit;
2424 3003 2680 3073 magister
2708 3013 2892 3059 uoster
2930 3007 3081 3061 solus
3119 3018 3205 3062 est
3240 3007 3491 3064 Christus
3526 3028 3538 3062 :

1935 3093 2113 3148 Nolite
2149 3095 2318 3149 dicere
2348 3095 2486 3150 vobis
2523 3097 2790 3151 dominum
2831 3107 2877 3151 et
2908 3100 3250 3168 magistrum;
3290 3102 3410 3168 quia
3441 3103 3540 3155 do-

293 3193 348 3247 2.
387 3193 678 3262 Superiora
725 3193 869 3248 enim
912 3192 1164 3248 lectionis
1209 3193 1329 3262 ejus
1366 3193 1472 3250 hoc
1498 3193 1732 3259 habent,
1761 3207 1828 3249 eo
1855 3206 1899 3268 ρ
1933 3187 2103 3240 minus
2147 3197 2195 3241 et
2248 3188 2492 3257 magister
2528 3197 2689 3243 vester
2729 3205 2863 3243 unus
2908 3201 2982 3244 est
3023 3189 3259 3247 Christus
3307 3193 3537 3263 (Matth.

215 3283 366 3356 quod
387 3299 454 3339 ex
472 3284 730 3355 operibus
753 3284 910 3354 Legis
933 3300 1095 3340 nemo
1111 3285 1457 3354 justiticetur,
1481 3286 1576 3341 sed
1598 3301 1664 3341 ex
1687 3285 1823 3353 ﬁde;

221 3379 486 3445 Quoniam
530 3378 618 3448 qui
654 3393 718 3432 ea:
754 3378 994 3450 aperibus
1030 3377 1184 3450 Legis
1228 3388 1379 3446 sunt,
1419 3379 1514 3434 sub
1555 3379 1827 3435 maledicto

216 3482 463 3529 sunt.....
515 3471 752 3528 Christus
805 3481 985 3528 autem
1038 3473 1254 3528 redemit
1309 3488 1402 3527 nos
1445 3473 1509 3526 de
1552 3473 1827 3526 maledicto

218 3563 400 3637 Legis,
424 3563 593 3633 factus
623 3580 715 3633 pro
742 3563 886 3619 nobis
908 3563 1234 3618 maledictum
1257 3562 1454 3636 (Calat.
1483 3579 1563 3628 Ill,
1594 3564 1682 3630 10,
1712 3563 1822 3635 15).

219 3656 341 3713 Non
369 3673 440 3713 ex
474 3657 614 3728 Lege
641 3659 806 3729 igitur
829 3658 1121 3714 htereditas
1150 3658 1276 3714 data
1303 3665 1408 3722 est,
1432 3657 1528 3713 sed
1553 3675 1614 3713 ex
1643 3673 1831 3726 repro-

223 3749 506 3806 missione.
543 3747 753 3805 Etenim
789 3749 1012 3805 Abraha:
1049 3751 1202 3805 dicta:
1226 3759 1346 3805 sunt
1383 3751 1829 3819 repromissiones,

225 3849 276 3894 et
304 3840 484 3893 semini
523 3843 755 3912 ejus.....
789 3841 927 3910 quod
958 3851 1033 3896 est
1063 3840 1296 3896 Christus
1333 3839 1501 3914 (Ibid.
1521 3883 1535 3907 ,
1571 3839 1678 3912 16).
1710 3841 1828 3897 Lex

227 3931 411 4001 itaque
436 3931 921 4001 praevaricationum
946 3935 1115 4003 gratia
1136 3934 1306 4005 posita
1329 3943 1426 3999 est,
1446 3934 1608 3988 donec
1638 3934 1832 3988 veniret

228 4041 424 4089 semen,
451 4025 537 4078 cui
560 4027 927 4094 reproutissitm
954 4036 1029 4081 est
1073 4025 1241 4098 (Ibid.
1269 4069 1284 4091 ,
1319 4027 1446 4096 l9);
1478 4037 1534 4083 et
1565 4026 1686 4082 ideo
1712 4043 1836 4081 con-

230 4119 376 4174 clusa
409 4126 530 4172 sunt
562 4118 775 4191 1084
801 4120 976 4173 omnia
1012 4119 1104 4174 sub
1143 4131 1383 4190 peccato,
1418 4131 1474 4174 ut
1503 4121 1834 4191 repromissio

230 4227 297 4267 ex
321 4211 423 4280 [ide
448 4210 481 4265 J
489 4226 578 4266 esu
611 4209 804 4265 Christi
831 4211 1042 4265 daretur
1083 4211 1518 4267 credentibus.....
1549 4211 1835 4282 Postquam

230 4315 403 4360 autem
432 4303 566 4358 venit
593 4303 739 4373 ﬁdes,
765 4306 880 4376 jam
908 4321 1010 4358 non
1040 4304 1132 4357 sub
1161 4303 1296 4375 Lege
1337 4304 1503 4377 (Ibid.
1529 4346 1543 4371 ,
1582 4301 1701 4374 '25),
1733 4304 1835 4359 hoc

229 4405 336 4460 est,
368 4393 392 4431 ι¹
423 4394 524 4450 sub
555 4393 850 4468 paedagogo
877 4413 1095 4461 sumus;
1141 4405 1196 4453 et
1220 4397 1349 4468 quia
1377 4411 1566 4453 sumus
1593 4397 1688 4452 ﬁlii
1715 4397 1834 4464 Dei,

231 4498 288 4545 et
327 4505 519 4545 omnes
565 4504 753 4546 sumus
789 4491 842 4545 in
881 4489 1103 4546 Christo
1139 4490 1288 4548 Jesu.
1336 4491 1392 4548 Si
1429 4500 1611 4547 autem
1645 4505 1836 4547 omnes

232 4596 420 4638 sumus
446 4581 497 4637 in
529 4582 747 4639 Christo
773 4581 938 4649 Jesu,
966 4597 1097 4653 ergo
1128 4583 1364 4640 Abrahae
1398 4597 1586 4640 semen
1623 4597 1833 4651 sumus,

1934 3296 2086 3346 χχιιι,
2120 3279 2231 3346 10).
2284 3290 2309 3328 8
2339 3281 2670 3353 PacdagOgus
2703 3282 2923 3338 timetur
2944 3327 2958 3349 ,
2989 3287 3251 3356 magister
3279 3288 3418 3343 viam
3451 3304 3543 3344 sa-

1934 3372 2058 3427 lutis
2101 3373 2358 3428 ostendit.
2411 3373 2603 3430 Timor
2640 3390 2771 3445 ergo
2811 3376 2876 3430 ad
2920 3376 3232 3434 libertatem
3274 3380 3544 3451 perducit,

1934 3463 2156 3520 libertas
2187 3465 2252 3520 ad
2284 3465 2450 3521 ﬁdem
2474 3507 2486 3531 ,
2521 3465 2656 3522 ﬁdes
2685 3467 2751 3521 ad
2787 3467 3112 3524 charitatem
3146 3487 3160 3524 :
3191 3470 3429 3527 cbaritas
3457 3489 3546 3529 ac-

1934 3557 2102 3628 quirit
2139 3557 2520 3628 adoptionem,
2564 3559 2784 3628 adoptio
2826 3559 3219 3617 hwrcditatetn.
3270 3565 3416 3634 Ergo
3454 3566 3546 3619 ubi

1934 3650 2070 3705 ﬁdes
2092 3692 2106 3716 ,
2141 3651 2214 3705 ibi
2244 3651 2504 3715 libertas;
2556 3666 2750 3706 servus
2777 3653 2923 3706 enim
2954 3654 3055 3707 sub
3087 3662 3232 3708 metu
3258 3696 3271 3719 ,
3307 3656 3446 3709 liber
3475 3673 3544 3712 ex

1936 3743 2060 3799 ﬁde.
2093 3743 2188 3799 Ille
2214 3744 2314 3798 sub
2338 3745 2544 3810 littera,
2571 3745 2677 3800 iste
2697 3745 2798 3800 sub
2820 3747 2990 3816 gratia
3017 3767 3028 3800 :
3055 3747 3146 3802 ille
3176 3747 3227 3802 in
3256 3752 3541 3818 servitute,

1935 3836 2037 3890 iste
2063 3835 2115 3888 in
2140 3834 2353 3904 spiritu.
2390 3835 2490 3890 Ubi
2523 3845 2703 3890 autem
2738 3837 2955 3903 spiritus
2982 3836 3216 3904 Domini,
3241 3840 3312 3893 ibi
3333 3841 3545 3898 libertas

1936 3928 2007 4001 (ll
2034 3926 2154 3983 Cor.
2182 3943 2261 3994 ιιι,
2297 3926 2428 3998 17).
2469 3927 2525 3983 Si
2553 3929 2718 3997 igitur
2744 3927 2832 3982 ubi
2873 3929 3026 3994 ﬁdes,
3053 3930 3125 3985 ibi
3154 3930 3412 3997 libertas;
3448 3935 3540 3990 ubi

1939 4021 2183 4086 libertas,
2205 4020 2277 4074 ibi
2300 4020 2503 4090 gratia;
2537 4018 2627 4073 ubi
2648 4019 2842 4089 gratia,
2868 4019 2940 4074 ibi
2967 4019 3258 4077 hmreditas
3282 4040 3295 4078 :
3321 4024 3542 4083 Judmus

1937 4122 2116 4168 autem
2159 4112 2338 4166 littera
2370 4125 2475 4166 non
2507 4110 2701 4180 Spiritu
2733 4111 2785 4165 iu
2829 4113 3092 4168 servitute
3131 4123 3253 4179 est;
3298 4119 3389 4184 qui
3429 4135 3536 4174 non

1937 4202 2100 4260 habet
2129 4202 2308 4269 ﬁdem,
2345 4217 2450 4257 non
2483 4201 2648 4257 habet
2674 4203 2894 4272 spiritus
2917 4203 3250 4259 libertatem.
3296 4207 3401 4263 Ubi
3438 4226 3541 4265 au-

1937 4307 2042 4354 tem
2081 4297 2227 4353 nulla
2266 4297 2524 4364 libertas,
2561 4297 2706 4351 nulla
2745 4297 2962 4367 gratia;
3006 4297 3095 4354 ubi
3143 4299 3293 4355 nulla
3342 4305 3538 4374 gratia,

1937 4393 2080 4449 nulla
2107 4392 2362 4462 adoptio;
2394 4391 2484 4447 ubi
2514 4390 2663 4445 nulla
2685 4390 2928 4460 adoptio,
2962 4391 3106 4447 nulla
3129 4396 3425 4450 successio.

2006 4488 2059 4542 6.
2101 4485 2398 4557 Tamquam
2427 4484 2625 4539 clausis
2665 4499 2795 4555 ergo
2823 4484 3047 4552 tabulis,
3075 4482 3104 4522 ιι
3127 4487 3300 4542 cernit
3327 4489 3537 4564 1085

1938 4581 2309 4640 hmreditatem
2336 4621 2351 4647 ,
2385 4595 2493 4635 non
2526 4578 2792 4650 possidet,
2824 4579 3206 4636 auctoritatem
3238 4597 3346 4637 non
3379 4585 3544 4641 habet

309 4748 335 4776 τι
359 4738 510 4813 Vale,
533 4738 642 4806 ﬁli.
665 4745 770 4794 etc.
800 4739 856 4793 in
881 4736 1003 4793 cod.
1036 4735 1220 4806 Corb.,
1242 4739 1428 4795 Germ.
1457 4746 1511 4794 et
1536 4737 1658 4793 Ful.
1690 4752 1832 4808 prae-
1861 4739 1915 4800 D
1939 4737 2148 4813 piatur,
2183 4735 2314 4813 nihil
2354 4735 2644 4813 relinquat.
2693 4735 2847 4802 Quod
2889 4746 3070 4813 autem
3114 4739 3178 4813 ad
3222 4739 3540 4813 Drigeucm,

237 4810 489 4866 termissa
520 4817 667 4863 sunt.

309 4878 336 4917 ι)
360 4879 510 4952 Cod.
547 4879 728 4952 Long.
747 4894 812 4936 ac
844 4879 978 4937 Ltel.
1006 4881 1308 4936 Ambrosius
1338 4882 1562 4935 Irenwo.
1596 4879 1662 4934 Et
1683 4889 1832 4935 certe

235 4952 280 5009 si
309 4949 375 5004 ad
406 4949 824 5021 irenteum'data
851 4960 935 5007 est
961 4955 1208 5021 superior
1239 4952 1488 5021 epistola,
1522 4952 1659 5005 hanc
1695 4966 1831 5018 quo-

235 5036 342 5092 que
364 5020 428 5074 ad
456 5019 922 5092 [renteumidatam
950 5019 1117 5078 fuisse
1145 5019 1489 5076 manifestum
1520 5032 1624 5076 est.
1648 5021 1758 5077 Sed
1780 5021 1834 5075 in

236 5090 346 5149 tam
381 5090 636 5163 perplexa
663 5091 982 5147 difﬁcultate
1008 5095 1139 5148 nihil
1175 5093 1354 5163 potius
1384 5092 1598 5147 videtur
1621 5133 1634 5155 ,
1672 5106 1832 5160 quam

235 5159 493 5220 omnium
507 5159 641 5217 edit.
671 5177 734 5217 ac
763 5164 998 5234 plurium
1040 5159 1187 5220 mss.'
1217 5163 1508 5218 lectionem
1556 5159 1701 5216 loco
1727 5177 1832 5216 non

237 5248 482 5293 movere.

315 5317 337 5346 ο
380 5302 692 5360 Verisimile
737 5312 823 5374 est
867 5305 1220 5361 Ambrosium
1252 5345 1267 5369 ,
1313 5313 1373 5356 ut
1419 5304 1480 5365 in,
1521 5303 1837 5374 Apostolieo

237 5388 390 5434 textu
433 5373 788 5430 edisserendo
829 5383 1036 5430 tantum
1084 5377 1266 5432 inesse
1301 5373 1631 5428 diﬂicultatis
1669 5373 1838 5442 proﬁ-

236 5459 440 5510 teatur,
475 5445 687 5500 duabus
717 5446 824 5499 illis
844 5447 1046 5510 causis,
1073 5461 1208 5515 quas
1235 5445 1468 5514 epistola
1491 5446 1580 5510 '57,
1606 5461 1756 5499 num.
1781 5447 1836 5510 1,

238 5523 295 5577 in
338 5518 572 5574 medium
620 5515 826 5586 profert
851 5557 864 5574 .
901 5516 1191 5571 adductum
1223 5531 1375 5579 esse;
1419 5517 1668 5571 nimirum
1696 5517 1839 5586 quod

237 5593 296 5650 iu
326 5589 660 5659 explicandis
683 5587 928 5642 consiliis
961 5588 1159 5659 divinis
1197 5598 1303 5640 tam
1338 5586 1634 5659 profundus
1659 5587 1750 5654 sit,
1784 5599 1842 5642 ιιι

240 5678 367 5719 eum
399 5655 488 5716 vix
520 5660 732 5726 assequi
761 5659 930 5728 possit
959 5658 1228 5713 humanus
1268 5655 1571 5728 intellectus
1605 5675 1618 5711 :
1651 5667 1838 5728 contra

248 5748 378 5791 vero
417 5732 492 5787 ita
531 5745 590 5785 se
632 5727 1023 5799 ipse’exponat
1049 5727 1372 5799 quibusdam
1411 5727 1566 5792 locis,
1592 5737 1645 5780 ut
1667 5727 1842 5799 inter—

240 5804 385 5882 preti
419 5809 614 5876 praeter
640 5796 1047 5872 grammaticam
1066 5796 1506 5867 enarrationem,
1538 5797 1684 5868 quod
1708 5797 1844 5868 adji-

609 5895 884 5958 Ps'mon.
936 5891 1110 5954 XVI.

1942 4807 2080 4862 hanc
2115 4806 2386 4862 Ambrosii
2429 4805 2639 4860 de’illo
2681 4808 3007 4862 sententiam
3045 4805 3380 4867 verissimam
3422 4805 3547 4873 esse

1940 4880 2182 4952 agnoscit
2212 4877 2552 4952 llueliuslib.
2579 4893 2634 4931 ιιι
2666 4877 2914 4952 origen.,
2939 4879 3142 4952 cap._2,
3171 4879 3198 4952 ς
3225 4882 3277 4947 1,
3311 4900 3460 4940 ιιιιιιι.
3487 4889 3542 4942 7.

1943 4947 2050 5007 Sed
2083 4949 2215 5004 alias
2263 4949 2398 5003 duas
2439 4947 2598 5017 hujus
2645 4948 2724 5003 rei
2765 4963 2957 5004 causas
2999 4947 3216 5018 subjicit
3241 4993 3257 5018 ,
3292 4955 3546 5015 videlicet

1941 5021 2082 5091 quod
2108 5021 2220 5087 jam
2255 5019 2500 5091 pluribus
2526 5021 2956 5091 commentariis,
3000 5022 3402 5091 traditionibus,
3433 5030 3544 5084 dis-

1937 5089 2323 5146 sertatiOuibus
2344 5089 2613 5167 illustrata
2644 5089 2820 5167 fuerat
2851 5092 3321 5167 vetusscriptura,
3347 5089 3466 5167 quae
3493 5103 3547 5157 ei

1940 5173 2226 5240 potuerant
2250 5176 2372 5216 esse
2393 5161 2596 5240 auxilio
2623 5178 2635 5216 :
2661 5160 3247 5240 deindequodibidem
3271 5160 3547 5240 abrogatis

1941 5235 2134 5314 Priscis
2173 5233 2535 5314 ceremoniis,
2583 5233 2687 5303 ipsi
2721 5232 2772 5286 in
2815 5232 3092 5302 allegoriis
3141 5235 3366 5295 liberius
3403 5232 3548 5314 stylo

1942 5303 2225 5371 indulgere
2255 5304 2466 5358 liceret.

2016 5373 2041 5411 τι
2058 5375 2219 5449 ἣρω.
2240 5374 2395 5438 edit.,
2409 5375 2502 5449 sub
2518 5375 2939 5449 pwdagogo,hoc
2965 5385 3058 5441 cst,
3080 5375 3177 5449 sub
3197 5376 3335 5449 Lege
3347 5399 3546 5442 sumus.

2021 5456 2043 5482 ε
2253 5445 2521 5525 nonnulli,
2553 5457 2600 5500 et
2633 5444 2971 5525 auctoribus;
3011 5446 3235 5516 quidam
3267 5444 3429 5508 etiam
3453 5499 3470 5525 ,
3500 5468 3551 5512 et

1947 5515 2250 5587 factoribus.
2283 5515 2458 5587 Minus
2487 5515 2758 5587 apposite.

2023 5586 2043 5624 τ
2085 5586 2242 5659 Rom.
2270 5585 2423 5659 edit.,
2449 5585 2588 5642 dedit
2605 5589 2721 5659 (illis
2751 5605 2894 5659 spent
2923 5589 3261 5646 hwreditatis.
3384 5634 3392 5644 .

2021 5668 2046 5736 β
2087 5655 2502 5736 Nonnullimss.
2527 5700 2543 5726 ,
2585 5655 2838 5730 Magister
2867 5662 3114 5730 instruit,
3147 5665 3392 5736 magister
3417 5671 3552 5726 viam

1950 5729 2133 5784 salutis
2163 5727 2405 5782 ostendit.

2023 5797 2051 5834 ιι
2087 5797 2328 5855 Nannius
2359 5799 2412 5854 in
2440 5798 2555 5854 haec
2587 5801 2751 5856 verba
2781 5803 2862 5858 sic
2881 5805 3178 5862 annotabat
3208 5825 3221 5863 :
3259 5830 3277 5862 ‹
3315 5811 3554 5874 Cernere
