4092 6190
653 293 790 354 lida

2032 276 2273 337 SANCTI
2313 274 2636 336 Αδιηίιοδίι

3827 276 3965 344 μοι

650 415 913 472 compage
937 409 1204 462 connexa,
1247 403 1305 449 ut
1335 410 1405 449 ne
1437 401 1580 448 tactu
1611 391 1829 464 quidem
1856 392 2113 461 junctura
2135 391 2246 444 sin~
2273 393 2327 454 Α
2353 387 2482 442 (lant
2498 387 2622 458 jura
2650 387 2897 456 pietatis;
2923 387 3044 456 quia
3075 387 3178 443 hoc
3197 403 3415 460 quoque
3441 388 3562 459 plus
3581 388 3840 445 defertur
3866 406 3963 460 pa-

650 496 901 564 gulorum
932 489 1333 544 adhaerentium
1361 486 1676 556 discrepare
1701 485 1973 540 videatur.
2026 483 2138 538 lloc
2163 492 2248 538 est

648 589 792 641 enim
823 594 847 620 ει
875 582 1018 651 quod
1066 583 1192 656 ἁφήν
1242 580 1379 636 dixit
1410 579 1666 642 Graecus,
1698 587 1790 639 τῆς
1842 580 2096 654 χορηγίας
2135 574 2246 632 κατ’

647 681 896 754 ἐνέργειαν
924 678 973 730 ἐν
1018 679 1190 753 μέτρῳ
1216 691 1230 729 :
1258 673 1402 745 quod
1446 688 1554 728 non
1593 671 1818 726 diflicile
1850 671 1955 725 erit
1984 677 2132 724 tanto
2159 683 2247 722 ar-

648 769 886 826 chitecto
937 766 1239 823 secundum
1279 778 1590 820 mensuram
1625 760 2055 831 uniuscujusque
2083 759 2249 814 meri-

651 872 830 916 torum
875 874 937 914 ac
986 858 1112 914 lidei
1140 857 1556 914 convenientem
1589 854 1696 910 sibi
1728 860 2088 914 connectere;
2121 864 2245 905 cum

648 953 936 1010 :ediﬁcatio
964 951 1298 1008 charitatisb
1348 952 1543 1006 rimam
1589 949 1910 1004 offensionis
1965 946 2244 1013 excludat,

646 1055 811 1117 atque
835 1045 1105 1101 obstruat.
1137 1044 1256 1100 Non
1281 1053 1366 1100 est
1391 1058 1520 1114 ergo
1551 1041 1910 1102 dubitandum
1938 1039 2246 1096 caelestium

649 1146 980 1210 petestatum
1012 1137 1300 1193 adbtesura
1332 1137 1398 1192 ad
1429 1137 1534 1191 hoc
1565 1135 1824 1205 templum
1857 1131 2240 1192 aediﬁcandum

644 1233 958 1298 consortia;
984 1233 1342 1302 incongruum
1375 1230 1572 1301 quippe
1604 1228 1838 1296 intelligi
1871 1225 2015 1296 quod
2049 1226 2120 1280 ita
2153 1239 2244 1278 as-

644 1333 836 1396 surgat
862 1323 1113 1378 humame
1142 1322 1426 1378 charitatis
1451 1319 1806 1376 :edilicatloin
1839 1317 2101 1387 templum
2126 1315 2241 1381 Dei,

649 1427 707 1473 ut
733 1418 827 1471 liat
855 1418 907 1470 in
952 1416 1110 1470 nobis
1154 1414 1420 1469 habitatio
1461 1412 1553 1466 Dei
1583 1412 1638 1466 in
1668 1411 1886 1480 Spiritu,
1918 1423 2024 1464 non
2047 1407 2120 1462 sit
2146 1421 2244 1461 au-

651 1519 761 1565 tem
803 1512 855 1563 in
906 1506 1225 1564 caelestibus
1256 1504 1638 1575 potestatibus.

727 1602 809 1655 Η.
837 1599 1007 1669 Cujus
1043 1598 1122 1652 rei
1153 1598 1323 1667 gratia
1347 1638 1363 1662 ,
1397 1605 1458 1650 ut
1486 1595 1754 1650 maturius
1776 1592 1830 1648 in
1864 1592 2027 1648 nobis
2064 1590 2243 1646 aedili-

645 1695 789 1751 catio
818 1691 1131 1762 hujusmodi
1161 1689 1502 1760 procederet,
1535 1689 1786 1742 hortatur
1818 1700 1920 1740 nos
1948 1683 2246 1754 Apostolus

2352 482 2624 547 rentibus,
2649 495 2717 536 ne
2743 480 2872 535 lassa
2897 481 3070 549 pietas
3099 482 3270 552 patris
3296 483 3589 538 ulciscatur
3616 498 3678 538 sc
3708 483 3734 520 ά
3767 483 3963 539 exh:c-

2350 573 2654 638 redatione,
2685 572 2773 628 vel
2797 572 3146 629 abdicatione
3173 575 3514 630 contumacis
3544 575 3799 646 pignoris
3827 594 3840 628 :
3868 576 3961 630 mi-

2351 666 2459 720 rari
2491 664 2736 734 profecto
2783 664 3006 722 desines
3045 681 3167 736 quae
3202 666 3274 721 sit
3308 675 3455 722 tanta
3481 666 3683 723 divina:
3717 667 3961 725 haeredi-

2351 757 2480 811 tatis
2505 757 2838 827 appetentia.

2421 849 2475 905 2.
2504 851 2600 906 Est
2626 861 2808 906 autem
2836 850 3128 908 haereditas
3167 853 3448 924 proposita
3485 855 3808 910 ehristianis
3836 871 3959 912 om-

2350 945 2540 1010 nibus;
2564 945 2642 1000 sic
2666 945 2814 1001 enim
2829 945 2961 1000 dicit
2974 945 3163 1002 Esaias
3181 964 3194 999 :
3219 945 3314 1002 Est
3326 947 3610 1004 hiereditas
3624 949 3960 1004 credentibus

2349 1037 2404 1090 in
2435 1035 2660 1091 Domino
2694 1035 2867 1108 (Esai.
2901 1053 3010 1104 ιιν,
3045 1038 3138 1111 17)
3168 1057 3180 1093 :
3213 1055 3336 1111 qua:
3367 1049 3621 1111 speratur
3663 1057 3733 1098 ex
3762 1057 3961 1113 repro-

2350 1129 2631 1196 missione,
2681 1145 2788 1185 non
2839 1146 2908 1186 ex
2962 1130 3126 1203 Lege.
3175 1133 3333 1202 Quod
3363 1135 3567 1191 veteris
3613 1135 3961 1192 Testamenti

2351 1223 2607 1291 exemplo
2637 1223 2922 1292 probatur,
2955 1224 3170 1281 dicente
3197 1225 3359 1282 Sarra
3393 1245 3407 1280 :
3434 1226 3659 1297 Expetle
3677 1229 3958 1295 ancillam,

2351 1325 2397 1369 et
2426 1316 2594 1384 ﬁlium
2620 1320 2770 1389 ejus;
2802 1334 2906 1372 non
2933 1319 3067 1374 enim
3094 1319 3258 1375 hiet-es
3285 1322 3380 1376 erit
3413 1322 3559 1392 ﬁlius
3587 1325 3800 1379 ancilla:
3838 1341 3962 1380 cum

2349 1407 2462 1477 ﬁlio
2491 1425 2599 1462 tneo
2635 1407 2792 1464 Isaac
2831 1408 2984 1480 (Gen.
3030 1427 3156 1477 xxt,
3199 1412 3310 1483 10).
3341 1412 3514 1469 Filius
3544 1413 3726 1471 Sarra:
3766 1414 3958 1485 Isaac,

2350 1499 2492 1556 [ilius
2517 1501 2727 1556 ancilla:
2767 1501 2989 1569 lsmael;
3021 1503 3073 1558 lti
3103 1513 3230 1560 ante
3255 1504 3456 1574 Legem
3486 1514 3653 1562 sunt:
3687 1523 3826 1579 ergo
3859 1523 3957 1565 an-

2353 1593 2553 1663 tiquior
2579 1596 2930 1664 repromissio
2950 1611 3112 1667 quam
3143 1596 3275 1653 Lex.
3318 1597 3430 1654 Nos
3459 1599 3759 1656 secundum
3803 1600 3961 1658 Isaac

2351 1687 2447 1741 lilii
2481 1703 2578 1758 per
2604 1690 3335 1767 reprontissionem,_Juda:i
3379 1696 3680 1751 secundum
3727 1711 3954 1755 carnem

644 1787 858 1856 aperire
885 1784 1074 1839 oculos
1100 1783 1302 1850 cordis,
1328 1783 1550 1836 elevare
1582 1780 1649 1835 ad
1682 1778 1990 1849 superiora,
2017 1777 2247 1848 agnitio-
2276 1789 2325 1848 Β
2353 1777 2443 1833 lilii
2473 1781 2682 1836 ancillae
2713 1779 2913 1852 (Colat.
2943 1799 3017 1850 tv,
3057 1783 3175 1856 28).
3204 1785 3371 1841 Nobis
3399 1797 3574 1845 mater
3595 1788 3790 1856 libera,
3832 1807 3957 1862 quae

649 1892 773 1933 nem
800 1876 894 1930 Dei
915 1874 1165 1944 impense
1185 1888 1456 1944 qutererc,
1482 1873 1770 1927 veritatem
1799 1871 2096 1935 discutere,
2124 1870 2247 1924 abs-

643 1971 881 2026 condere
906 1969 960 2023 in
987 1968 1156 2023 corde
1184 1967 1440 2022 mandata
1469 1965 1588 2033 Dei,
1619 1965 1896 2035 deponere
1919 1963 2126 2020 erroris
2150 1961 2245 2018 de-

646 2064 871 2128 sideria,
903 2061 1191 2117 dedecoris
1227 2059 1443 2131 1089
1461 2059 1698 2126 occulta,
1729 2057 1982 2114 renovari
2003 2071 2099 2126 per
2120 2069 2245 2125 gra-

646 2158 775 2212 tiam
805 2163 1270 2210 sacramentorum
1303 2193 1318 2218 ,
1353 2161 1660 2221 temperare
1706 2148 2060 2214 iracundiam,
2095 2161 2244 2203 com-

645 2249 941 2303 motionem
967 2255 1097 2300 ante
1141 2258 1396 2300 occasum
1443 2243 1575 2297 solis
1615 2241 1904 2305 relaxare,
1948 2254 2146 2295 cavere
2177 2252 2245 2293 ne

643 2341 933 2413 superiora
965 2347 1058 2394 tua
1081 2347 1312 2407 occupet
1352 2335 1736 2402 adversarius,
1767 2335 1993 2405 Spiritus
2025 2332 2118 2387 ille
2148 2331 2244 2386 ha-

643 2433 777 2488 bens
810 2438 1157 2501 potestatem,
1183 2429 1272 2499 qui
1297 2443 1357 2483 se
1379 2427 1649 2482 immersit
1677 2427 1730 2480 in
1753 2441 1849 2480 cor
1876 2424 2030 2480 ludat
2058 2421 2241 2494 (Joan.

642 2540 766 2586 xm,
799 2521 909 2594 12),
941 2531 996 2576 et
1019 2519 1348 2576 comminuit
1391 2519 1588 2573 anima:
1615 2517 1734 2587 ejus
1751 2517 1981 2586 januas;
2018 2530 2086 2569 ne
2113 2529 2240 2582 pos-

642 2626 727 2672 set
748 2616 1030 2681 resistere,
1063 2613 1236 2669 l'urem
1260 2613 1579 2678 excludere,
1622 2609 1938 2666 mendacem
1967 2617 2239 2675 avertere,

642 2725 938 2781 exsurgere
966 2725 995 2762 a
1026 2709 1276 2774 mortuis,
1297 2707 1650 2763 sobrietatem
1671 2719 1986 2760 assumere:
2013 2716 2240 2756 uxorem

642 2803 779 2868 viro,
807 2810 869 2856 ut
900 2800 1204 2856 Ecclesium
1229 2798 1485 2863 Christo,
1531 2795 1733 2850 debere
1771 2809 1893 2850 esse
1931 2792 2237 2855 subditam;

641 2899 819 2953 virum
854 2912 952 2967 pro
979 2911 1152 2950 uxore
1181 2893 1418 2947 animam
1459 2903 1614 2944 suam
1638 2887 1866 2953 olIerre,
1897 2887 2039 2942 sicut
2058 2900 2118 2940 se
2143 2899 2242 2956 pro

643 2989 888 3044 Ecclesia
921 2986 1147 3042 tradidit
1173 2983 1424 3040 Christus
1467 2981 1688 3051 (Ephes.
1714 2995 1767 3046 ν,
1795 2980 1888 3048 25)
1920 2997 1932 3032 :
1963 2988 2242 3049 postremo

643 3081 799 3149 quasi
825 3080 1027 3134 bonum
1055 3077 1372 3132 bellatorem
1406 3089 1624 3128 sumere
1651 3087 1802 3127 arma
1834 3073 1930 3128 Dei
1957 3113 1973 3139 ,
2003 3087 2067 3126 ac
2099 3086 2239 3141 pra:-

2347 1887 2454 1927 non
2483 1875 2846 1944 parturiebat,
2882 1885 2937 1931 et
2963 1888 3150 1946 postea
3181 1894 3246 1933 ex
3273 1881 3698 1950 repromissione
3715 1881 3915 1938 eﬂ'udit
3939 1926 3956 1953 ,

2349 1968 2666 2038 peperitque
2699 1971 2999 2025 masculum
3026 1988 3039 2025 :
3073 1973 3182 2028 illis
3208 1984 3380 2030 mater
3400 1974 3566 2046 Agar,
3597 1992 3878 2047 generans
3901 1979 3952 2035 iu

2347 2061 2688 2116 servitutem.
2713 2061 2874 2118 Liber
2895 2073 3000 2131 est,
3029 2065 3114 2120 cui
3136 2067 3310 2136 gratia
3335 2069 3698 2137 promittitur;
3723 2051 3951 2138 servus;

2347 2155 2429 2209 cui
2452 2154 2640 2223 jugum
2670 2153 2830 2224 Legis
2855 2155 3150 2226 imponitur
3183 2177 3197 2212 :
3235 2159 3383 2229 prius
3412 2175 3542 2231 ergo
3569 2161 3725 2216 nobis
3759 2178 3954 2233 repro-

2347 2244 2536 2299 missio
2559 2259 2720 2314 quam
2765 2246 2873 2301 illis
2902 2246 3045 2313 Lex;
3093 2257 3149 2304 et
3188 2252 3484 2307 secundum
3530 2261 3781 2309 naturam
3809 2257 3955 2312 anti-

2345 2337 2510 2407 quior
2536 2337 2784 2407 libertas,
2808 2356 2970 2411 quam
3005 2344 3262 2398 servitus.
3295 2343 3540 2401 Libertas
3580 2345 3742 2416 igitur
3770 2364 3839 2404 ex
3868 2365 3958 2406 rc-

2346 2432 2733 2500 promissione,
2777 2449 2841 2488 ex
2873 2434 3019 2506 Lege
3049 2438 3303 2493 servitus.
3335 2439 3442 2495 Sed
3491 2441 3620 2496 licet
3651 2444 3956 2512 repromis-

2347 2522 2428 2578 sio
2449 2524 2565 2594 ipsa
2593 2536 2724 2582 ante
2752 2525 2950 2597 Legem
2983 2529 3074 2595 sit,
3101 2539 3160 2584 ut
3189 2529 3446 2598 diximus,
3478 2547 3543 2588 ex
3569 2536 3956 2605 repromissio.

2346 2629 2415 2669 ne
2441 2627 2622 2672 autem
2669 2617 2914 2686 libertas,
2949 2620 3002 2675 in
3042 2621 3597 2691 libertate-charitas;
3642 2629 3951 2687 secundum

2353 2709 2566 2781 1090
2620 2711 2823 2783 Legem
2872 2721 3049 2772 tamen
3088 2725 3172 2772 est
3217 2716 3454 2776 cbaritas
3481 2760 3497 2787 ,
3535 2728 3558 2756 ο
3602 2735 3723 2792 quae
3770 2724 3951 2795 major

2347 2801 2601 2858 libertate
2653 2812 2755 2860 est.

2416 2896 2470 2949 3.
2511 2896 2629 2951 Non
2672 2914 2802 2969 ergo
2848 2903 3031 2957 servi?
3081 2903 3149 2958 Et
3198 2907 3470 2974 quomodo
3519 2911 3785 2981 scriptum
3818 2922 3948 2971 est:

2346 2985 2603 3053 Laudate,
2627 2991 2780 3058 servi,
2813 2990 3095 3048 Dominum
3118 2994 3291 3067 (Psat.
3317 3013 3531 3068 cxxxtv,
3563 3002 3638 3073 l).
3658 3003 3953 3072 Quomodo

2345 3079 2459 3149 ipse
2488 3081 2784 3150 Apostolus
2809 3085 2887 3139 ait
2919 3103 2934 3140 :
2967 3085 3074 3142 Sed
3111 3098 3168 3141 ut
3192 3092 3325 3144 servi
3350 3091 3542 3147 Christi
3571 3099 3822 3165 facientes
3852 3116 3952 3156 vo-

645 3172 870 3227 tendere
919 3185 1156 3240 semper,
1212 3181 1321 3221 non
1377 3166 1554 3220 solum
1611 3165 1874 3220 adversus
1913 3180 2132 3220 carnem
2175 3174 2237 3240 et
2264 3183 2311 3244 ο
2345 3176 2595 3226 luntatent
2625 3172 2811 3230 Deiex
2835 3178 3010 3233 animo
3035 3196 3150 3233 cum
3181 3182 3314 3236 bona
3334 3185 3594 3242 voluntate
3616 3185 3837 3260 (Ep/tes.
3873 3208 3953 3261 vt,

645 3269 989 3337 sanguinem,
1026 3267 1124 3318 sed
1151 3262 1315 3317 etiam
1347 3259 1638 3314 adversum
1667 3258 1946 3328 spiritales
1970 3259 2242 3330 nequitias

646 3357 867 3430 (Ephes.
899 3356 1120 3428 νι,12);
1156 3369 1224 3410 ne
1249 3370 1278 3408 a
1310 3353 1424 3409 suis
1450 3351 1706 3418 emolliri,
1731 3351 1801 3407 ab
1826 3353 2102 3407 extraneis
2122 3353 2243 3423 capi

644 3452 970 3522 possit.ll:ec
985 3450 1225 3505 breviter
1237 3446 1719 3517 comprehensa,ut
1735 3444 1906 3515 potui,
1923 3446 2236 3516 perstrinxi.

646 3545 800 3612 Vale,
831 3544 907 3599 fili
930 3585 943 3611 ,
969 3552 1026 3598 et
1047 3556 1147 3598 nos
1177 3540 1380 3610 dilige;
1413 3539 1538 3608 quia
1572 3553 1669 3592 nos
1703 3547 1754 3593 te
1775 3538 2066 3608 diligimus.

1135 3633 1476 3690 EPISTOLA
1515 3631 1779 3687 LXXVII.

649 3731 873 3805 Roganti
893 3746 1006 3802 qua:
1037 3728 1309 3784 hiereditas
1338 3727 1433 3781 illa
1453 3727 1540 3793 sit,
1573 3744 1666 3797 pro
1700 3744 1802 3796 qua
1832 3739 2045 3783 mortem
2083 3744 2243 3799 oppe-

715 3837 820 3882 tere
861 3824 1088 3894 plerique
1129 3838 1234 3876 non
1269 3821 1544 3887 dubitant;
1573 3822 1846 3891 respondet
1896 3824 2028 3877 hanc
2077 3824 2244 3892 ipsam

716 3936 824 3976 esse
849 3933 998 3988 quant
1023 3933 1085 3972 ea:
1105 3915 1502 3985 repromissione
1527 3917 1673 3985 quasi
1700 3914 1845 3970 liberi
1873 3915 2245 3986 adipiscimutf;

719 4028 811 4065 nos
865 4011 1001 4064 enim
1038 4025 1153 4063 cum
1204 4008 1316 4063 Deo
1354 4024 1417 4062 ea:
1460 4009 1712 4061 charitate
1755 4009 2068 4075 serviamus,
2125 4025 2245 4064 uera

718 4103 873 4175 potiri
909 4102 1161 4156 libertate.
1194 4099 1310 4155 Hoc
1339 4100 1393 4154 in
1424 4098 1569 4154 Esau
1608 4100 1956 4154 benedictione
1985 4101 2245 4171 signatum

720 4197 864 4252 docet
888 4213 904 4260 ;
937 4195 1071 4250 unde
1096 4195 1290 4264 colligit
1319 4209 1384 4248 ex
1411 4193 1546 4264 Lege
1575 4209 1666 4262 per
1693 4211 1846 4264 quant
1875 4195 2093 4248 servitus
2119 4195 2242 4264 fuit,

718 4291 872 4344 etiam
893 4290 1175 4344 libertatem
1194 4304 1324 4353 esse,
1347 4297 1402 4340 ut
1423 4303 1539 4357 qua:
1559 4286 1628 4340 ad
1643 4287 1798 4355 ﬁdem
1827 4303 1918 4341 nos
1937 4289 2243 4342 adduxerit:

717 4382 862 4436 addit
886 4398 989 4434 non
1018 4379 1303 4445 Christum,
1347 4380 1437 4434 sed
1480 4378 1696 4449 Moysen
1741 4389 2137 4446 accusaturum;
2165 4393 2244 4437 at-

719 4491 813 4545 que
842 4473 973 4528 adeo
1011 4473 1225 4528 Judwos
1257 4472 1516 4542 desipere,
1549 4488 1579 4524 a
1619 4473 1802 4542 quibus
1830 4485 2100 4530 accusator
2139 4494 2245 4548 prae

723 4571 854 4622 bono
871 4566 1054 4640 judice
1077 4565 1307 4636 eligitur.

1097 4654 1400 4710 Alanosws
1439 4653 1804 4711 llononrumo.

725 4750 778 4804 l.
806 4747 922 4804 Non
948 4747 1127 4803 otiose
1165 4745 1521 4815 quaerendum
1573 4749 1776 4816 putasti
1805 4764 1928 4819 qua:
1959 4750 2031 4805 sit
2060 4753 2136 4807 rei
2162 4752 2244 4807 di-

656 4845 794 4899 vina:
826 4841 1150 4906 hmreditas;
1199 4848 1256 4895 et
1283 4854 1380 4894 cur
1413 4850 1436 4877 ο
1468 4847 1618 4895 tanto
1655 4843 1957 4900 aestimetur
1993 4849 2243 4913 nomine,

655 4949 714 4994 ut
766 4945 988 5008 propter
1036 4950 1156 4990 eam
1184 4933 1431 5004 plerique
1456 4934 1618 4990 etiam
1661 4946 1891 4993 mortem
1921 4953 2074 4994 suam
2114 4940 2247 4997 olfe-

654 5035 798 5084 rant.
832 5025 1032 5081 Verum
1063 5026 1111 5081 si
1140 5024 1458 5082 consideres
1503 5027 1628 5098 quia
1659 5037 1716 5084 et
1763 5030 1815 5084 in
1866 5046 1965 5086 usu
2008 5031 2246 5091 humano

653 5119 988 5176 haereditatis
1009 5117 1340 5189 pecuniariae
1378 5119 1551 5188 gratia
1575 5121 1735 5186 facit,
1766 5130 1823 5175 ut
1848 5125 2243 5184 venerabiliora

721 5244 747 5271 ει
777 5235 888 5290 Sic.
913 5233 1135 5288 Amerb.
1163 5241 1216 5286 et
1247 5247 1378 5305 mss.
1403 5234 1638 5305 aliquot,
1673 5250 1702 5289 a
1729 5237 1927 5304 quibus
1959 5237 2112 5296 Eras.
2141 5242 2243 5300 hoc

647 5304 998 5383 solo_dilfert,
1014 5305 1156 5372 quod
1189 5304 1352 5383 verba
1373 5304 1708 5383 tranSposuit
1727 5307 1778 5359 in
1813 5308 1955 5364 hunc
1971 5313 2203 5383 modum
2223 5356 2240 5383 ,

647 5376 782 5443 quod
813 5373 1166 5448 dixitCrtecus
1187 5374 1312 5448 ᾅφήν
1340 5384 1452 5448 τῆς)
1480 5373 1583 5431 etc.
1615 5377 1736 5430 Edit
1759 5389 1938 5434 autem
1969 5382 2123 5440 Rom.
2156 5373 2242 5441 re;

648 5448 830 5521 posuit
857 5447 993 5517 quod
1023 5447 1154 5500 dixit
1183 5444 1393 5521 Graecus
1419 5446 1501 5501 διὰ
1540 5449 1712 5508 πάσης
1738 5448 1865 5521 ἁφῆς
1905 5462 2018 5518 τῆς,
2045 5467 2150 5511 etc.
2181 5459 2241 5513 In

645 5515 893 5584 pluribus
931 5531 1057 5570 vero
1085 5532 1216 5570 mss.
1251 5515 1437 5571 Graeca
1471 5522 1736 5571 sententia
1769 5515 2128 5580 desideratur.

714 5584 744 5624 ἲ)
776 5586 918 5641 Edit.
949 5595 1056 5659 vet.
1100 5601 1164 5659 ac
1195 5600 1323 5659 mss.
1359 5588 1638 5659 nonnulli,
1674 5590 1878 5644 ruinam
1905 5592 2238 5659 offensionis:

645 5654 808 5735 Rom.
839 5666 893 5735 et
919 5657 1011 5735 alii
1049 5656 1245 5735 _s_cripti_
1273 5657 1422 5725 cod.,
1450 5658 1633 5711 rintant
1660 5654 1960 5726 olfensionis
1979 5704 1994 5732 ,
2024 5669 2239 5735 quidant

647 5726 1002 5792 confessionis.
1036 5726 1304 5781 Absurde.

721 5801 744 5828 ο
773 5792 928 5846 Rom.
961 5795 1122 5864 cdit.,
1165 5811 1258 5849 cur
1278 5799 1558 5854 aestimetur
1602 5802 1767 5868 tanti;
1812 5811 1946 5874 νει,
1976 5823 2068 5865 cur
2096 5819 2238 5868 tanta

2345 3264 2445 3333 6)?
2476 3265 2676 3322 Verum
2710 3278 2795 3324 est
2818 3278 2874 3324 et
2903 3273 3144 3328 servitus
3190 3274 3384 3342 libera,
3415 3293 3536 3349 quae
3576 3290 3660 3335 est
3689 3281 3952 3339 volunta-

2345 3358 2446 3423 ria,
2471 3357 2537 3412 de
2564 3375 2667 3428 qua
2697 3362 2991 3432 Apostolus
3020 3366 3097 3420 ait
3125 3383 3138 3420 :
3171 3367 3274 3435 Qui
3303 3370 3430 3424 liber
3451 3382 3665 3427 vocatus
3705 3383 3806 3441 est,
3837 3393 3953 3432 ser-

2344 3465 2437 3504 vus
2453 3459 2527 3503 est
2553 3447 2746 3506 Christi
2790 3453 2834 3523 (l
2884 3454 3005 3510 Cor.
3037 3473 3139 3524 vn,
3175 3459 3290 3530 22).
3337 3461 3462 3516 llaec
3489 3472 3575 3519 est
3603 3466 3841 3523 servitus
3884 3486 3952 3526 ex

2344 3542 2548 3606 animo,
2581 3560 2689 3598 non
2710 3561 2778 3600 ex
2798 3550 3147 3607 necessitate.
3191 3551 3373 3624 Itaque
3399 3569 3499 3610 nos
3545 3559 3690 3612 servi
3723 3561 3952 3630 quidem

2345 3648 2532 3688 sumus
2559 3635 2836 3693 Creatoris
2893 3642 3113 3697 nostri:
3161 3643 3253 3698 sed
3300 3643 3603 3702 libertatem
3650 3648 3954 3722 habemus,

2345 3741 2505 3796 quam
2547 3743 2642 3798 per
2681 3732 2910 3800 gratiam
2959 3731 3162 3791 Christi
3205 3737 3536 3808 accepimus,
3582 3746 3836 3812 generati
3884 3763 3954 3805 ex

2345 3827 2766 3894 repromissione
2791 3831 3087 3887 secundum
3114 3833 3298 3890 ﬁdem.
3324 3835 3479 3894 Unde
3508 3841 3662 3910 quasi
3683 3858 3750 3898 ex
3773 3844 3954 3903 libera

2345 3917 2538 3987 geniti,
2586 3918 2858 3977 libertatis
2903 3925 3231 3982 sacriﬁcium
3277 3928 3608 4000 deferamus,
3663 3937 3866 4008 signati
3901 3942 3954 3998 in

2349 4007 2555 4076 fronte,
2579 4011 2720 4067 sicut
2740 4012 2944 4070 liberos
2965 4015 3148 4084 decet;
3180 4029 3238 4074 ttt
3262 4036 3369 4076 non
3399 4007 3823 4098 confundantur,
3853 4033 3953 4091 sed

2347 4103 2663 4175 gloriemur,
2711 4109 2908 4180 signati
2939 4113 3154 4182 Spiritu,
3201 4130 3307 4173 non
3333 4133 3521 4176 carne.
3565 4122 3770 4191 Quibus
3802 4139 3956 4186 recte

2347 4195 2545 4252 dicitur
2574 4217 2586 4253 :
2611 4199 2778 4266 State,
2811 4212 2859 4256 et
2887 4205 3045 4260 nolite
3069 4207 3255 4262 iterum
3270 4212 3400 4282 jugo
3425 4213 3685 4269 servitutis
3699 4218 3958 4275 contineri

2350 4287 2550 4359 (Colat.
2579 4307 2631 4357 v,
2673 4292 2746 4361 l).
2778 4293 2897 4351 Non
2943 4296 3080 4353 dixit
3115 4318 3128 4354 :
3161 4299 3342 4358 Nolite
3367 4303 3597 4375 servire,
3644 4308 3743 4363 sed
3791 4311 3958 4368 nolite

2340 4383 2471 4454 jugo
2490 4387 2746 4441 servitutis
2773 4391 3060 4462 contineri;
3085 4404 3170 4450 est
3195 4397 3341 4453 enim
3371 4401 3595 4468 gravius
3615 4401 3807 4474 jugum
3830 4419 3956 4463 ser-

2349 4478 2554 4546 vitutis,
2583 4495 2745 4550 quam
2768 4483 3026 4540 servitus.

2269 4568 2324 4628 D
2422 4573 2475 4627 4.
2522 4573 2765 4646 Denique
2797 4575 2948 4634 Isaac
2977 4579 3088 4636 tilio
3128 4597 3229 4638 suo
3258 4583 3401 4641 Esau
3451 4591 3662 4658 petenti
3693 4591 3958 4652 benedic—

2346 4664 2548 4721 tionem
2577 4668 2652 4722 ait
2679 4685 2692 4723 :
2728 4668 2861 4725 Ecce
2902 4673 2968 4727 ab
2994 4673 3222 4731 ubertate
3261 4687 3411 4734 terra:
3436 4682 3532 4735 erit
3561 4682 3651 4736 tibi
3676 4683 3956 4757 habitatio,

2346 4767 2395 4812 et
2423 4774 2455 4810 a
2480 4775 2595 4814 rore
2629 4761 2741 4816 ειειὶ
2785 4779 2986 4819 sumnto
3016 4783 3035 4818 :
3074 4777 3121 4821 et
3147 4785 3304 4839 super
3330 4771 3565 4844 gladium
3604 4784 3748 4830 tuum
3778 4778 3918 4836 vives
3939 4822 3956 4848 ,

2349 4858 2394 4902 et
2422 4850 2607 4905 servies
2633 4853 2785 4921 fratri
2810 4863 2919 4909 tuo.
2954 4855 3070 4910 Erit
3091 4869 3262 4914 autem
3295 4879 3412 4917 cum
3433 4863 3736 4936 deposueris
3766 4879 3818 4922 et
3846 4871 3961 4925 sol-

2349 4943 2481 4996 veris
2510 4947 2702 5017 jugum
2745 4947 2888 5003 illius
2919 4967 2950 5004 a
2976 4951 3112 5005 collo
3162 4963 3248 5008 tuo
3290 4957 3311 5025 ζ
3329 4954 3461 5012 Gen.
3500 4974 3681 5025 xxvu,
3709 4960 3798 5027 59,
3831 4962 3956 5036 40).

2349 5036 2634 5103 Quomodo
2663 5039 2804 5095 istud
2832 5042 3110 5111 convenit,
3138 5056 3196 5101 ut
3215 5049 3440 5115 serviat,
3467 5066 3589 5106 cum
3621 5054 3962 5127 solveritju~

2347 5145 2472 5201 gum
2499 5131 2680 5189 fratris
2713 5148 2745 5188 a
2783 5135 2928 5191 collo
2959 5151 3079 5204 suo,
3109 5139 3213 5195 nisi
3240 5139 3555 5199 distantiam
3583 5160 3707 5202 esse
3747 5147 3962 5207 intelli-

2351 5249 2905 5336 wstintetur;_omnes
2952 5271 3085 5311 vero
3116 5274 3248 5316 mss.
3297 5261 3508 5336 addunt
3554 5266 3795 5336 nomine;
3841 5284 3957 5327 non

2353 5321 2500 5400 male
2521 5337 2652 5400 cum
2674 5322 2764 5400 hic
2787 5325 2930 5400 idem
2953 5337 3111 5400 sonet
3131 5345 3194 5386 ac
3223 5333 3420 5400 pretio.

2409 5391 2448 5472 ,α
2470 5391 2655 5472 Latini
2681 5395 3059 5465 exhaaredant,
3080 5391 3252 5472 Graeci
3291 5403 3544 5463 abdicant
3572 5425 3585 5462 :
3621 5408 3724 5465 hoc
3753 5410 3961 5470 discri-

2351 5466 2514 5550 minis
2535 5466 2676 5545 inter
2696 5475 3007 5550 utrumque,
3027 5471 3170 5550 quod
3197 5474 3513 5550 abdicamns
3535 5479 3588 5533 in
3611 5482 3744 5550 vita,
3769 5466 3961 5542 exh—ae-

2709 5533 2913 5592 morte.
2926 5533 3207 5623 ‘Abdicalo
3233 5547 3415 5623 statim
3442 5533 3955 5623 gratiaparet'tit‘im,

2344 5607 2540 5686 jusque
2587 5607 2878 5686 liberorum
2907 5610 3209 5682 denegatur
3235 5633 3248 5670 :
3279 5607 3656 5675 exhaaFedato'
3677 5607 3961 5686 succesSid

2344 5671 2768 5799 ἣέιὶςέῐιξιῐὲἱιξει*
2789 5679 3012 5751 pignora
3031 5671 3213 5740 autem
3238 5671 3328 5742 hic
3348 5671 3958 5763 intelligimus

2394 5758 2419 5796 il
2441 5758 2704 5804 uannius.

2422 5825 2444 5852 ε
2485 5816 2612 5878 Mss.
2646 5820 2879 5893 aliquot,
2911 5840 3025 5894 qua:
3047 5827 3218 5894 major
3247 5829 3457 5887 libertas
3483 5844 3578 5889 est.
3599 5834 3668 5893 Ει
3691 5838 3788 5899 alii
3817 5856 3964 5901 non~
