  <div class='ocr_page' id='page_1' title='image "/cluster/home/n/w/nwhite01/storage/ocr_20150623/16/uva.x000826550/640.png"; bbox 0 0 4076 6172; ppageno 0'>
   <div class='ocr_carea' id='block_1_1' title="bbox 181 261 329 322">
    <p class='ocr_par' dir='ltr' id='par_1_1' title="bbox 181 261 329 322">
     <span class='ocr_line' id='line_1_1' title="bbox 181 261 329 322; baseline -0.014 0"><span class='ocrx_word' id='word_1_1' title='bbox 181 261 203 322; x_wconf 76' lang='grc'>1</span> <span class='ocrx_word' id='word_1_2' title='bbox 215 261 329 320; x_wconf 72' lang='grc'><strong>268</strong></span> 
     </span>
    </p>
   </div>
   <div class='ocr_carea' id='block_1_2' title="bbox 1356 273 2263 343">
    <p class='ocr_par' dir='ltr' id='par_1_2' title="bbox 1356 273 2263 343">
     <span class='ocr_line' id='line_1_2' title="bbox 1356 273 2263 343; baseline 0.013 -12"><span class='ocrx_word' id='word_1_3' title='bbox 1356 273 1846 338; x_wconf 80' lang='lat' dir='ltr'><strong>EPISTOLARUM</strong></span> <span class='ocrx_word' id='word_1_4' title='bbox 1883 282 2161 343; x_wconf 87' lang='lat' dir='ltr'><strong>CLASSIS</strong></span> <span class='ocrx_word' id='word_1_5' title='bbox 2198 287 2263 342; x_wconf 88' lang='grc' dir='ltr'><strong>Π.</strong></span> 
     </span>
    </p>
   </div>
   <div class='ocr_carea' id='block_1_3' title="bbox 3345 294 3488 353">
    <p class='ocr_par' dir='ltr' id='par_1_3' title="bbox 3345 294 3488 353">
     <span class='ocr_line' id='line_1_3' title="bbox 3345 294 3488 353; baseline 0.007 -1"><span class='ocrx_word' id='word_1_6' title='bbox 3345 294 3488 353; x_wconf 76' lang='lat' dir='ltr'><strong>i266</strong></span> 
     </span>
    </p>
   </div>
   <div class='ocr_carea' id='block_1_4' title="bbox 174 379 3491 481">
    <p class='ocr_par' dir='ltr' id='par_1_4' title="bbox 174 379 3491 481">
     <span class='ocr_line' id='line_1_4' title="bbox 174 379 3491 481; baseline 0.011 -52"><span class='ocrx_word' id='word_1_7' title='bbox 174 391 372 481; x_wconf 76' lang='lat' dir='ltr'><strong>gamus</strong></span> <span class='ocrx_word' id='word_1_8' title='bbox 400 379 718 481; x_wconf 77' lang='lat' dir='ltr'><strong>servitutis?</strong></span> <span class='ocrx_word' id='word_1_9' title='bbox 746 382 880 452; x_wconf 67' lang='lat' dir='ltr'><strong>Qua:</strong></span> <span class='ocrx_word' id='word_1_10' title='bbox 903 380 1067 455; x_wconf 86' lang='lat' dir='ltr'><strong>igitur</strong></span> <span class='ocrx_word' id='word_1_11' title='bbox 1097 386 1169 441; x_wconf 89' lang='lat' dir='ltr'><strong>sit</strong></span> <span class='ocrx_word' id='word_1_12' title='bbox 1193 387 1519 458; x_wconf 76' lang='lat' dir='ltr'><strong>differentia,</strong></span> <span class='ocrx_word' id='word_1_13' title='bbox 1547 393 1660 462; x_wconf 89' lang='lat' dir='ltr'><strong>ipsa</strong></span> <span class='ocrx_word' id='word_1_14' title='bbox 1683 408 1784 449; x_wconf 91' lang='lat' dir='ltr'><strong>no-</strong></span> <span class='ocrx_word' id='word_1_15' title='bbox 1814 399 1866 459; x_wconf 82' lang='grc' dir='ltr'><strong>Α</strong></span> <span class='ocrx_word' id='word_1_16' title='bbox 1892 399 2031 454; x_wconf 98' lang='lat' dir='ltr'><strong>ritas</strong></span> <span class='ocrx_word' id='word_1_17' title='bbox 2059 402 2207 456; x_wconf 90' lang='lat' dir='ltr'><strong>enim</strong></span> <span class='ocrx_word' id='word_1_18' title='bbox 2237 400 2504 458; x_wconf 75' lang='lat' dir='ltr'><strong>libertatis</strong></span> <span class='ocrx_word' id='word_1_19' title='bbox 2529 445 2542 470; x_wconf 94' lang='lat'><strong>,</strong></span> <span class='ocrx_word' id='word_1_20' title='bbox 2595 405 2758 461; x_wconf 91' lang='lat' dir='ltr'><strong>timor</strong></span> <span class='ocrx_word' id='word_1_21' title='bbox 2781 407 3060 464; x_wconf 88' lang='lat' dir='ltr'><strong>servitutis</strong></span> <span class='ocrx_word' id='word_1_22' title='bbox 3086 417 3188 465; x_wconf 88' lang='lat' dir='ltr'><strong>est.</strong></span> <span class='ocrx_word' id='word_1_23' title='bbox 3210 411 3303 467; x_wconf 83' lang='lat' dir='ltr'><strong>Est</strong></span> <span class='ocrx_word' id='word_1_24' title='bbox 3327 412 3491 481; x_wconf 79' lang='lat' dir='ltr'><strong>igitur</strong></span> 
     </span>
    </p>
   </div>
   <div class='ocr_carea' id='block_1_5' title="bbox 174 468 1782 557">
    <p class='ocr_par' dir='ltr' id='par_1_5' title="bbox 174 468 1782 557">
     <span class='ocr_line' id='line_1_5' title="bbox 174 468 1782 557; baseline 0.012 -34"><span class='ocrx_word' id='word_1_25' title='bbox 174 468 262 524; x_wconf 92' lang='lat' dir='ltr'><strong>bis</strong></span> <span class='ocrx_word' id='word_1_26' title='bbox 291 482 530 541; x_wconf 80' lang='lat' dir='ltr'><strong>exponat</strong></span> <span class='ocrx_word' id='word_1_27' title='bbox 557 475 736 530; x_wconf 85' lang='lat' dir='ltr'><strong>lectio.</strong></span> <span class='ocrx_word' id='word_1_28' title='bbox 768 477 950 532; x_wconf 89' lang='lat' dir='ltr'><strong>Bonus</strong></span> <span class='ocrx_word' id='word_1_29' title='bbox 975 478 1144 546; x_wconf 79' lang='lat' dir='ltr'><strong>Isaac,</strong></span> <span class='ocrx_word' id='word_1_30' title='bbox 1177 490 1232 534; x_wconf 91' lang='lat' dir='ltr'><strong>et</strong></span> <span class='ocrx_word' id='word_1_31' title='bbox 1272 481 1447 538; x_wconf 88' lang='lat' dir='ltr'><strong>bonus</strong></span> <span class='ocrx_word' id='word_1_32' title='bbox 1477 485 1658 551; x_wconf 91' lang='lat' dir='ltr'><strong>nobis,</strong></span> <span class='ocrx_word' id='word_1_33' title='bbox 1691 489 1782 557; x_wconf 86' lang='lat' dir='ltr'><strong>qui</strong></span> 
     </span>
    </p>
   </div>
   <div class='ocr_carea' id='block_1_6' title="bbox 173 563 1783 635">
    <p class='ocr_par' dir='ltr' id='par_1_6' title="bbox 173 563 1783 635">
     <span class='ocr_line' id='line_1_6' title="bbox 173 563 1783 635; baseline 0.01 -17"><span class='ocrx_word' id='word_1_34' title='bbox 173 563 479 618; x_wconf 84' lang='lat' dir='ltr'><strong>secundum</strong></span> <span class='ocrx_word' id='word_1_35' title='bbox 512 566 688 634; x_wconf 91' lang='lat' dir='ltr'><strong>ipsum</strong></span> <span class='ocrx_word' id='word_1_36' title='bbox 719 567 773 623; x_wconf 90' lang='lat' dir='ltr'><strong>in</strong></span> <span class='ocrx_word' id='word_1_37' title='bbox 803 570 1108 626; x_wconf 90' lang='lat' dir='ltr'><strong>libertatem</strong></span> <span class='ocrx_word' id='word_1_38' title='bbox 1156 573 1430 629; x_wconf 84' lang='lat' dir='ltr'><strong>nascimur</strong></span> <span class='ocrx_word' id='word_1_39' title='bbox 1460 592 1474 629; x_wconf 91' lang='lat'><strong>:</strong></span> <span class='ocrx_word' id='word_1_40' title='bbox 1505 587 1561 631; x_wconf 88' lang='lat' dir='ltr'><strong>et</strong></span> <span class='ocrx_word' id='word_1_41' title='bbox 1607 579 1783 635; x_wconf 89' lang='lat' dir='ltr'><strong>bonus</strong></span> 
     </span>
    </p>
   </div>
   <div class='ocr_carea' id='block_1_7' title="bbox 172 655 1779 738">
    <p class='ocr_par' dir='ltr' id='par_1_7' title="bbox 172 655 1779 738">
     <span class='ocr_line' id='line_1_7' title="bbox 172 655 1779 738; baseline 0.012 -32"><span class='ocrx_word' id='word_1_42' title='bbox 172 661 334 724; x_wconf 85' lang='lat' dir='ltr'><strong>pater</strong></span> <span class='ocrx_word' id='word_1_43' title='bbox 355 655 572 726; x_wconf 85' lang='lat' dir='ltr'><strong>utrique</strong></span> <span class='ocrx_word' id='word_1_44' title='bbox 594 658 725 714; x_wconf 89' lang='lat' dir='ltr'><strong>ﬁlio.</strong></span> <span class='ocrx_word' id='word_1_45' title='bbox 761 660 1002 732; x_wconf 82' lang='lat' dir='ltr'><strong>Denique</strong></span> <span class='ocrx_word' id='word_1_46' title='bbox 1032 664 1176 734; x_wconf 89' lang='lat' dir='ltr'><strong>quod</strong></span> <span class='ocrx_word' id='word_1_47' title='bbox 1198 672 1485 736; x_wconf 88' lang='lat' dir='ltr'><strong>utrumque</strong></span> <span class='ocrx_word' id='word_1_48' title='bbox 1509 668 1779 738; x_wconf 77' lang='lat' dir='ltr'><strong>diligeret,</strong></span> 
     </span>
    </p>
   </div>
   <div class='ocr_carea' id='block_1_8' title="bbox 172 746 1779 823">
    <p class='ocr_par' dir='ltr' id='par_1_8' title="bbox 172 746 1779 823">
     <span class='ocr_line' id='line_1_8' title="bbox 172 746 1779 823; baseline 0.01 -22"><span class='ocrx_word' id='word_1_49' title='bbox 172 746 325 801; x_wconf 89' lang='lat' dir='ltr'><strong>circa</strong></span> <span class='ocrx_word' id='word_1_50' title='bbox 350 748 580 804; x_wconf 87' lang='lat' dir='ltr'><strong>alterum</strong></span> <span class='ocrx_word' id='word_1_51' title='bbox 609 749 805 806; x_wconf 75' lang='lat' dir='ltr'><strong>affectu</strong></span> <span class='ocrx_word' id='word_1_52' title='bbox 849 754 1118 823; x_wconf 83' lang='lat' dir='ltr'><strong>probavit,</strong></span> <span class='ocrx_word' id='word_1_53' title='bbox 1152 756 1295 811; x_wconf 88' lang='lat' dir='ltr'><strong>circa</strong></span> <span class='ocrx_word' id='word_1_54' title='bbox 1340 757 1570 814; x_wconf 87' lang='lat' dir='ltr'><strong>alterum</strong></span> <span class='ocrx_word' id='word_1_55' title='bbox 1613 761 1779 817; x_wconf 89' lang='lat' dir='ltr'><strong>bene-</strong></span> 
     </span>
    </p>
   </div>
   <div class='ocr_carea' id='block_1_9' title="bbox 172 838 1782 914">
    <p class='ocr_par' dir='ltr' id='par_1_9' title="bbox 172 838 1782 914">
     <span class='ocr_line' id='line_1_9' title="bbox 172 838 1782 914; baseline 0.008 -20"><span class='ocrx_word' id='word_1_56' title='bbox 172 838 449 909; x_wconf 85' lang='lat' dir='ltr'><strong>dictione;</strong></span> <span class='ocrx_word' id='word_1_57' title='bbox 480 843 683 898; x_wconf 87' lang='lat' dir='ltr'><strong>seniori</strong></span> <span class='ocrx_word' id='word_1_58' title='bbox 707 845 851 900; x_wconf 90' lang='lat' dir='ltr'><strong>euim</strong></span> <span class='ocrx_word' id='word_1_59' title='bbox 883 845 994 901; x_wconf 83' lang='lat' dir='ltr'><strong>lilio</strong></span> <span class='ocrx_word' id='word_1_60' title='bbox 1035 847 1266 914; x_wconf 73' lang='lat' dir='ltr'><strong>dixerat,</strong></span> <span class='ocrx_word' id='word_1_61' title='bbox 1302 857 1359 903; x_wconf 91' lang='lat' dir='ltr'><strong>ut</strong></span> <span class='ocrx_word' id='word_1_62' title='bbox 1395 849 1574 906; x_wconf 87' lang='lat' dir='ltr'><strong>cibum</strong></span> <span class='ocrx_word' id='word_1_63' title='bbox 1601 851 1782 907; x_wconf 83' lang='lat' dir='ltr'><strong>defer-</strong></span> 
     </span>
    </p>
   </div>
   <div class='ocr_carea' id='block_1_10' title="bbox 171 935 1780 1009">
    <p class='ocr_par' dir='ltr' id='par_1_10' title="bbox 171 935 1780 1009">
     <span class='ocr_line' id='line_1_10' title="bbox 171 935 1780 1009; baseline 0.009 -21"><span class='ocrx_word' id='word_1_64' title='bbox 171 941 261 989; x_wconf 90' lang='lat' dir='ltr'><strong>ret</strong></span> <span class='ocrx_word' id='word_1_65' title='bbox 288 935 416 1001; x_wconf 91' lang='lat' dir='ltr'><strong>sibi,</strong></span> <span class='ocrx_word' id='word_1_66' title='bbox 448 945 504 992; x_wconf 91' lang='lat' dir='ltr'><strong>et</strong></span> <span class='ocrx_word' id='word_1_67' title='bbox 536 937 813 1009; x_wconf 88' lang='lat' dir='ltr'><strong>acciperet</strong></span> <span class='ocrx_word' id='word_1_68' title='bbox 852 939 1286 998; x_wconf 88' lang='lat' dir='ltr'><strong>benedictionem</strong></span> <span class='ocrx_word' id='word_1_69' title='bbox 1319 961 1332 998; x_wconf 92' lang='lat'>:</span> <span class='ocrx_word' id='word_1_70' title='bbox 1371 944 1468 1000; x_wconf 89' lang='lat' dir='ltr'><strong>sed</strong></span> <span class='ocrx_word' id='word_1_71' title='bbox 1514 945 1640 1000; x_wconf 92' lang='lat' dir='ltr'><strong>dum</strong></span> <span class='ocrx_word' id='word_1_72' title='bbox 1689 947 1780 1003; x_wconf 88' lang='lat' dir='ltr'><strong>ille</strong></span> 
     </span>
    </p>
   </div>
   <div class='ocr_carea' id='block_1_11' title="bbox 171 1029 1778 1112">
    <p class='ocr_par' dir='ltr' id='par_1_11' title="bbox 171 1029 1778 1112">
     <span class='ocr_line' id='line_1_11' title="bbox 171 1029 1778 1112; baseline 0.007 -30"><span class='ocrx_word' id='word_1_73' title='bbox 171 1042 387 1084; x_wconf 89' lang='lat' dir='ltr'><strong>moram</strong></span> <span class='ocrx_word' id='word_1_74' title='bbox 427 1029 577 1098; x_wconf 80' lang='lat' dir='ltr'><strong>facit,</strong></span> <span class='ocrx_word' id='word_1_75' title='bbox 620 1041 675 1088; x_wconf 90' lang='lat' dir='ltr'><strong>et</strong></span> <span class='ocrx_word' id='word_1_76' title='bbox 703 1033 884 1090; x_wconf 89' lang='lat' dir='ltr'><strong>cibum</strong></span> <span class='ocrx_word' id='word_1_77' title='bbox 911 1047 1184 1106; x_wconf 82' lang='lat' dir='ltr'><strong>agrestem</strong></span> <span class='ocrx_word' id='word_1_78' title='bbox 1213 1047 1266 1092; x_wconf 90' lang='lat' dir='ltr'><strong>et</strong></span> <span class='ocrx_word' id='word_1_79' title='bbox 1293 1038 1562 1095; x_wconf 89' lang='lat' dir='ltr'><strong>forensem</strong></span> <span class='ocrx_word' id='word_1_80' title='bbox 1596 1043 1778 1112; x_wconf 82' lang='lat' dir='ltr'><strong>requi-</strong></span> 
     </span>
    </p>
   </div>
   <div class='ocr_carea' id='block_1_12' title="bbox 171 1120 1775 1204">
    <p class='ocr_par' dir='ltr' id='par_1_12' title="bbox 171 1120 1775 1204">
     <span class='ocr_line' id='line_1_12' title="bbox 171 1120 1775 1204; baseline 0.009 -30"><span class='ocrx_word' id='word_1_81' title='bbox 171 1120 266 1187; x_wconf 88' lang='lat' dir='ltr'><strong>rit,</strong></span> <span class='ocrx_word' id='word_1_82' title='bbox 296 1123 464 1178; x_wconf 79' lang='lat' dir='ltr'><strong>frater</strong></span> <span class='ocrx_word' id='word_1_83' title='bbox 485 1123 669 1194; x_wconf 92' lang='lat' dir='ltr'><strong>junior</strong></span> <span class='ocrx_word' id='word_1_84' title='bbox 695 1125 1054 1182; x_wconf 90' lang='lat' dir='ltr'><strong>domesticum</strong></span> <span class='ocrx_word' id='word_1_85' title='bbox 1080 1127 1271 1184; x_wconf 88' lang='lat' dir='ltr'><strong>detulit</strong></span> <span class='ocrx_word' id='word_1_86' title='bbox 1301 1145 1365 1185; x_wconf 80' lang='lat' dir='ltr'><strong>ex</strong></span> <span class='ocrx_word' id='word_1_87' title='bbox 1390 1131 1570 1185; x_wconf 88' lang='lat' dir='ltr'><strong>ovium</strong></span> <span class='ocrx_word' id='word_1_88' title='bbox 1593 1147 1775 1204; x_wconf 91' lang='lat' dir='ltr'><strong>grege.</strong></span> 
     </span>
    </p>
   </div>
   <div class='ocr_carea' id='block_1_13' title="bbox 248 1214 1778 1288">
    <p class='ocr_par' dir='ltr' id='par_1_13' title="bbox 248 1214 1778 1288">
     <span class='ocr_line' id='line_1_13' title="bbox 248 1214 1778 1288; baseline 0.007 -20"><span class='ocrx_word' id='word_1_89' title='bbox 248 1214 304 1270; x_wconf 88' lang='grc'><strong>5.</strong></span> <span class='ocrx_word' id='word_1_90' title='bbox 347 1215 532 1271; x_wconf 87' lang='lat' dir='ltr'><strong>Bonus</strong></span> <span class='ocrx_word' id='word_1_91' title='bbox 561 1216 712 1273; x_wconf 89' lang='lat' dir='ltr'><strong>cibus</strong></span> <span class='ocrx_word' id='word_1_92' title='bbox 738 1219 981 1274; x_wconf 90' lang='lat' dir='ltr'><strong>omnium</strong></span> <span class='ocrx_word' id='word_1_93' title='bbox 1012 1217 1266 1274; x_wconf 92' lang='lat' dir='ltr'><strong>Christus</strong></span> <span class='ocrx_word' id='word_1_94' title='bbox 1295 1233 1400 1288; x_wconf 91' lang='lat' dir='ltr'><strong>est,</strong></span> <span class='ocrx_word' id='word_1_95' title='bbox 1432 1221 1607 1277; x_wconf 90' lang='lat' dir='ltr'><strong>bonus</strong></span> <span class='ocrx_word' id='word_1_96' title='bbox 1625 1223 1778 1279; x_wconf 88' lang='lat' dir='ltr'><strong>cibus</strong></span> 
     </span>
    </p>
   </div>
   <div class='ocr_carea' id='block_1_14' title="bbox 168 1304 1776 1383">
    <p class='ocr_par' dir='ltr' id='par_1_14' title="bbox 168 1304 1776 1383">
     <span class='ocr_line' id='line_1_14' title="bbox 168 1304 1776 1383; baseline 0.007 -23"><span class='ocrx_word' id='word_1_97' title='bbox 168 1314 260 1360; x_wconf 91' lang='lat' dir='ltr'><strong>est</strong></span> <span class='ocrx_word' id='word_1_98' title='bbox 288 1304 446 1371; x_wconf 87' lang='lat' dir='ltr'><strong>ﬁdes,</strong></span> <span class='ocrx_word' id='word_1_99' title='bbox 477 1310 658 1363; x_wconf 83' lang='lat' dir='ltr'><strong>suavis</strong></span> <span class='ocrx_word' id='word_1_100' title='bbox 696 1309 848 1366; x_wconf 86' lang='lat' dir='ltr'><strong>cibus</strong></span> <span class='ocrx_word' id='word_1_101' title='bbox 872 1311 1247 1368; x_wconf 83' lang='lat' dir='ltr'><strong>misericordia</strong></span> <span class='ocrx_word' id='word_1_102' title='bbox 1268 1354 1281 1376; x_wconf 93' lang='lat'><strong>,</strong></span> <span class='ocrx_word' id='word_1_103' title='bbox 1308 1314 1580 1383; x_wconf 89' lang='lat' dir='ltr'><strong>jucundus</strong></span> <span class='ocrx_word' id='word_1_104' title='bbox 1621 1317 1776 1372; x_wconf 90' lang='lat' dir='ltr'><strong>cibus</strong></span> 
     </span>
    </p>
   </div>
   <div class='ocr_carea' id='block_1_15' title="bbox 166 1399 1772 1475">
    <p class='ocr_par' dir='ltr' id='par_1_15' title="bbox 166 1399 1772 1475">
     <span class='ocr_line' id='line_1_15' title="bbox 166 1399 1772 1475; baseline 0.007 -23"><span class='ocrx_word' id='word_1_105' title='bbox 166 1399 370 1468; x_wconf 88' lang='lat' dir='ltr'><strong>gratia.</strong></span> <span class='ocrx_word' id='word_1_106' title='bbox 402 1399 514 1455; x_wconf 82' lang='lat' dir='ltr'><strong>Hos</strong></span> <span class='ocrx_word' id='word_1_107' title='bbox 542 1401 696 1458; x_wconf 89' lang='lat' dir='ltr'><strong>cibos</strong></span> <span class='ocrx_word' id='word_1_108' title='bbox 727 1404 976 1472; x_wconf 88' lang='lat' dir='ltr'><strong>epulatur</strong></span> <span class='ocrx_word' id='word_1_109' title='bbox 1007 1405 1238 1475; x_wconf 88' lang='lat' dir='ltr'><strong>p0pulus</strong></span> <span class='ocrx_word' id='word_1_110' title='bbox 1263 1405 1525 1462; x_wconf 67' lang='lat' dir='ltr'><strong>Ecclesia:</strong></span> <span class='ocrx_word' id='word_1_111' title='bbox 1551 1420 1772 1464; x_wconf 66' lang='lat' dir='ltr'><strong>sanctae.</strong></span> 
     </span>
    </p>
   </div>
   <div class='ocr_carea' id='block_1_16' title="bbox 169 1479 1772 1571">
    <p class='ocr_par' dir='ltr' id='par_1_16' title="bbox 169 1479 1772 1571">
     <span class='ocr_line' id='line_1_16' title="bbox 169 1479 1772 1571; baseline 0.007 -25"><span class='ocrx_word' id='word_1_112' title='bbox 169 1490 359 1548; x_wconf 85' lang='lat' dir='ltr'><strong>Bonus</strong></span> <span class='ocrx_word' id='word_1_113' title='bbox 409 1493 564 1548; x_wconf 90' lang='lat' dir='ltr'><strong>cibus</strong></span> <span class='ocrx_word' id='word_1_114' title='bbox 605 1496 826 1565; x_wconf 87' lang='lat' dir='ltr'><strong>spiritus</strong></span> <span class='ocrx_word' id='word_1_115' title='bbox 858 1479 982 1562; x_wconf 72' lang='lat' dir='ltr'><strong>Dei,</strong></span> <span class='ocrx_word' id='word_1_116' title='bbox 1025 1498 1199 1555; x_wconf 86' lang='lat' dir='ltr'><strong>bonus</strong></span> <span class='ocrx_word' id='word_1_117' title='bbox 1243 1501 1396 1556; x_wconf 91' lang='lat' dir='ltr'><strong>cibus</strong></span> <span class='ocrx_word' id='word_1_118' title='bbox 1429 1511 1772 1571; x_wconf 83' lang='lat' dir='ltr'><strong>peccatorum</strong></span> 
     </span>
    </p>
   </div>
   <div class='ocr_carea' id='block_1_17' title="bbox 164 1584 1771 1666">
    <p class='ocr_par' dir='ltr' id='par_1_17' title="bbox 164 1584 1771 1666">
     <span class='ocr_line' id='line_1_17' title="bbox 164 1584 1771 1666; baseline 0.007 -28"><span class='ocrx_word' id='word_1_119' title='bbox 164 1585 449 1640; x_wconf 88' lang='lat' dir='ltr'><strong>remissio.</strong></span> <span class='ocrx_word' id='word_1_120' title='bbox 478 1584 550 1640; x_wconf 79' lang='lat' dir='ltr'><strong>At</strong></span> <span class='ocrx_word' id='word_1_121' title='bbox 579 1601 712 1642; x_wconf 91' lang='lat' dir='ltr'><strong>vero</strong></span> <span class='ocrx_word' id='word_1_122' title='bbox 741 1587 832 1643; x_wconf 89' lang='lat' dir='ltr'><strong>ille</strong></span> <span class='ocrx_word' id='word_1_123' title='bbox 881 1589 1164 1658; x_wconf 84' lang='lat' dir='ltr'><strong>praeduros</strong></span> <span class='ocrx_word' id='word_1_124' title='bbox 1203 1593 1358 1648; x_wconf 89' lang='lat' dir='ltr'><strong>cibus</strong></span> <span class='ocrx_word' id='word_1_125' title='bbox 1401 1596 1548 1664; x_wconf 88' lang='lat' dir='ltr'><strong>rigor</strong></span> <span class='ocrx_word' id='word_1_126' title='bbox 1577 1595 1736 1666; x_wconf 89' lang='lat' dir='ltr'><strong>Legis</strong></span> <span class='ocrx_word' id='word_1_127' title='bbox 1755 1637 1771 1660; x_wconf 94' lang='lat'><strong>,</strong></span> 
     </span>
    </p>
   </div>
   <div class='ocr_carea' id='block_1_18' title="bbox 165 1683 1774 1752">
    <p class='ocr_par' dir='ltr' id='par_1_18' title="bbox 165 1683 1774 1752">
     <span class='ocr_line' id='line_1_18' title="bbox 165 1683 1774 1752; baseline 0.007 -21"><span class='ocrx_word' id='word_1_128' title='bbox 165 1685 457 1747; x_wconf 90' lang='lat' dir='ltr'><strong>terrorque</strong></span> <span class='ocrx_word' id='word_1_129' title='bbox 483 1693 764 1749; x_wconf 67' lang='lat' dir='ltr'><strong>poenarum</strong></span> <span class='ocrx_word' id='word_1_130' title='bbox 803 1702 816 1738; x_wconf 92' lang='lat'><strong>:</strong></span> <span class='ocrx_word' id='word_1_131' title='bbox 855 1683 1085 1752; x_wconf 82' lang='lat' dir='ltr'><strong>agrestis</strong></span> <span class='ocrx_word' id='word_1_132' title='bbox 1125 1685 1280 1740; x_wconf 91' lang='lat' dir='ltr'><strong>cibus</strong></span> <span class='ocrx_word' id='word_1_133' title='bbox 1309 1687 1652 1742; x_wconf 89' lang='lat' dir='ltr'><strong>observantia</strong></span> <span class='ocrx_word' id='word_1_134' title='bbox 1685 1687 1774 1742; x_wconf 87' lang='lat' dir='ltr'><strong>lit-</strong></span> 
     </span>
    </p>
   </div>
   <div class='ocr_carea' id='block_1_19' title="bbox 1889 493 3490 564">
    <p class='ocr_par' dir='ltr' id='par_1_19' title="bbox 1889 493 3490 564">
     <span class='ocr_line' id='line_1_19' title="bbox 1889 493 3490 564; baseline 0.007 -18"><span class='ocrx_word' id='word_1_135' title='bbox 1889 502 1944 547; x_wconf 92' lang='lat' dir='ltr'><strong>et</strong></span> <span class='ocrx_word' id='word_1_136' title='bbox 1973 493 2212 549; x_wconf 85' lang='lat' dir='ltr'><strong>charitas</strong></span> <span class='ocrx_word' id='word_1_137' title='bbox 2240 495 2394 564; x_wconf 89' lang='lat' dir='ltr'><strong>legis,</strong></span> <span class='ocrx_word' id='word_1_138' title='bbox 2429 505 2484 550; x_wconf 91' lang='lat' dir='ltr'><strong>et</strong></span> <span class='ocrx_word' id='word_1_139' title='bbox 2505 499 2739 553; x_wconf 87' lang='lat' dir='ltr'><strong>servitus</strong></span> <span class='ocrx_word' id='word_1_140' title='bbox 2781 500 3106 557; x_wconf 90' lang='lat' dir='ltr'><strong>cbaritatis:</strong></span> <span class='ocrx_word' id='word_1_141' title='bbox 3139 503 3233 559; x_wconf 86' lang='lat' dir='ltr'><strong>sed</strong></span> <span class='ocrx_word' id='word_1_142' title='bbox 3257 505 3343 559; x_wconf 85' lang='lat' dir='ltr'><strong>lex</strong></span> <span class='ocrx_word' id='word_1_143' title='bbox 3364 505 3490 560; x_wconf 87' lang='lat' dir='ltr'><strong>cha-</strong></span> 
     </span>
    </p>
   </div>
   <div class='ocr_carea' id='block_1_20' title="bbox 1887 585 3490 665">
    <p class='ocr_par' dir='ltr' id='par_1_20' title="bbox 1887 585 3490 665">
     <span class='ocr_line' id='line_1_20' title="bbox 1887 585 3490 665; baseline 0.006 -25"><span class='ocrx_word' id='word_1_144' title='bbox 1887 585 2067 640; x_wconf 87' lang='lat' dir='ltr'><strong>ritatis</strong></span> <span class='ocrx_word' id='word_1_145' title='bbox 2088 587 2390 654; x_wconf 71' lang='lat' dir='ltr'><strong>przenuntia</strong></span> <span class='ocrx_word' id='word_1_146' title='bbox 2421 598 2529 656; x_wconf 89' lang='lat' dir='ltr'><strong>est,</strong></span> <span class='ocrx_word' id='word_1_147' title='bbox 2561 589 2806 645; x_wconf 89' lang='lat' dir='ltr'><strong>charitas</strong></span> <span class='ocrx_word' id='word_1_148' title='bbox 2850 591 3136 664; x_wconf 86' lang='lat' dir='ltr'><strong>Evangelii</strong></span> <span class='ocrx_word' id='word_1_149' title='bbox 3167 595 3270 665; x_wconf 68' lang='lat' dir='ltr'><strong>pia:</strong></span> <span class='ocrx_word' id='word_1_150' title='bbox 3311 595 3490 651; x_wconf 88' lang='lat' dir='ltr'><strong>servi-</strong></span> 
     </span>
    </p>
   </div>
   <div class='ocr_carea' id='block_1_21' title="bbox 1890 676 2381 734">
    <p class='ocr_par' dir='ltr' id='par_1_21' title="bbox 1890 676 2381 734">
     <span class='ocr_line' id='line_1_21' title="bbox 1890 676 2381 734; baseline 0.006 -3"><span class='ocrx_word' id='word_1_151' title='bbox 1890 676 2018 731; x_wconf 89' lang='lat' dir='ltr'><strong>tutis</strong></span> <span class='ocrx_word' id='word_1_152' title='bbox 2046 677 2250 732; x_wconf 89' lang='lat' dir='ltr'><strong>arbitra</strong></span> <span class='ocrx_word' id='word_1_153' title='bbox 2279 689 2381 734; x_wconf 90' lang='lat' dir='ltr'><strong>est.</strong></span> 
     </span>
    </p>
   </div>
   <div class='ocr_carea' id='block_1_22' title="bbox 1958 768 3489 850">
    <p class='ocr_par' dir='ltr' id='par_1_22' title="bbox 1958 768 3489 850">
     <span class='ocr_line' id='line_1_22' title="bbox 1958 768 3489 850; baseline 0.008 -28"><span class='ocrx_word' id='word_1_154' title='bbox 1958 768 2027 823; x_wconf 90' lang='lat'><strong>9.‘</strong></span> <span class='ocrx_word' id='word_1_155' title='bbox 2045 768 2160 824; x_wconf 87' lang='lat' dir='ltr'><strong>Non</strong></span> <span class='ocrx_word' id='word_1_156' title='bbox 2181 774 2452 842; x_wconf 86' lang='lat' dir='ltr'><strong>superflua</strong></span> <span class='ocrx_word' id='word_1_157' title='bbox 2473 771 2657 842; x_wconf 87' lang='lat' dir='ltr'><strong>itaque</strong></span> <span class='ocrx_word' id='word_1_158' title='bbox 2674 775 2782 840; x_wconf 80' lang='lat' dir='ltr'><strong>lex,</strong></span> <span class='ocrx_word' id='word_1_159' title='bbox 2801 791 2924 845; x_wconf 63' lang='lat' dir='ltr'><strong>quae</strong></span> <span class='ocrx_word' id='word_1_160' title='bbox 2942 786 3214 850; x_wconf 87' lang='lat' dir='ltr'><strong>tamquam</strong></span> <span class='ocrx_word' id='word_1_161' title='bbox 3238 779 3489 850; x_wconf 77' lang='lat' dir='ltr'><strong>paedago-</strong></span> 
     </span>
    </p>
   </div>
   <div class='ocr_carea' id='block_1_23' title="bbox 1883 865 3486 937">
    <p class='ocr_par' dir='ltr' id='par_1_23' title="bbox 1883 865 3486 937">
     <span class='ocr_line' id='line_1_23' title="bbox 1883 865 3486 937; baseline 0.007 -20"><span class='ocrx_word' id='word_1_162' title='bbox 1883 879 1982 935; x_wconf 89' lang='lat' dir='ltr'><strong>gus</strong></span> <span class='ocrx_word' id='word_1_163' title='bbox 1997 865 2339 934; x_wconf 90' lang='lat' dir='ltr'><strong>prosequitur</strong></span> <span class='ocrx_word' id='word_1_164' title='bbox 2353 865 2701 923; x_wconf 88' lang='lat' dir='ltr'><strong>inﬁrmiores.</strong></span> <span class='ocrx_word' id='word_1_165' title='bbox 2723 868 3094 927; x_wconf 89' lang='lat' dir='ltr'><strong>Inﬁrmitatem</strong></span> <span class='ocrx_word' id='word_1_166' title='bbox 3109 873 3232 927; x_wconf 92' lang='lat' dir='ltr'><strong>dico</strong></span> <span class='ocrx_word' id='word_1_167' title='bbox 3247 888 3486 937; x_wconf 88' lang='lat' dir='ltr'><strong>morum,</strong></span> 
     </span>
    </p>
   </div>
   <div class='ocr_carea' id='block_1_24' title="bbox 1885 956 3486 1032">
    <p class='ocr_par' dir='ltr' id='par_1_24' title="bbox 1885 956 3486 1032">
     <span class='ocr_line' id='line_1_24' title="bbox 1885 956 3486 1032; baseline 0.006 -24"><span class='ocrx_word' id='word_1_168' title='bbox 1885 969 1991 1009; x_wconf 92' lang='lat' dir='ltr'><strong>non</strong></span> <span class='ocrx_word' id='word_1_169' title='bbox 2011 970 2330 1025; x_wconf 89' lang='lat' dir='ltr'><strong>corporum;</strong></span> <span class='ocrx_word' id='word_1_170' title='bbox 2352 956 2584 1014; x_wconf 80' lang='lat' dir='ltr'><strong>infantes</strong></span> <span class='ocrx_word' id='word_1_171' title='bbox 2602 960 2745 1014; x_wconf 90' lang='lat' dir='ltr'><strong>enim</strong></span> <span class='ocrx_word' id='word_1_172' title='bbox 2763 969 2912 1026; x_wconf 89' lang='lat' dir='ltr'><strong>sunt,</strong></span> <span class='ocrx_word' id='word_1_173' title='bbox 2929 962 3020 1032; x_wconf 91' lang='lat' dir='ltr'><strong>qui</strong></span> <span class='ocrx_word' id='word_1_174' title='bbox 3041 963 3139 1018; x_wconf 88' lang='lat' dir='ltr'><strong>fari</strong></span> <span class='ocrx_word' id='word_1_175' title='bbox 3153 963 3375 1019; x_wconf 86' lang='lat' dir='ltr'><strong>verbum</strong></span> <span class='ocrx_word' id='word_1_176' title='bbox 3391 964 3486 1018; x_wconf 88' lang='lat' dir='ltr'><strong>Dei</strong></span> 
     </span>
    </p>
   </div>
   <div class='ocr_carea' id='block_1_25' title="bbox 1889 1047 3477 1128">
    <p class='ocr_par' dir='ltr' id='par_1_25' title="bbox 1889 1047 3477 1128">
     <span class='ocr_line' id='line_1_25' title="bbox 1889 1047 3477 1128; baseline 0.006 -27"><span class='ocrx_word' id='word_1_177' title='bbox 1889 1047 2159 1114; x_wconf 84' lang='lat' dir='ltr'><strong>nesciunt,</strong></span> <span class='ocrx_word' id='word_1_178' title='bbox 2180 1049 2270 1118; x_wconf 91' lang='lat' dir='ltr'><strong>qui</strong></span> <span class='ocrx_word' id='word_1_179' title='bbox 2290 1050 2410 1118; x_wconf 86' lang='lat' dir='ltr'><strong>ejus</strong></span> <span class='ocrx_word' id='word_1_180' title='bbox 2432 1066 2598 1120; x_wconf 83' lang='lat' dir='ltr'><strong>Opera</strong></span> <span class='ocrx_word' id='word_1_181' title='bbox 2623 1069 2729 1108; x_wconf 92' lang='lat' dir='ltr'><strong>non</strong></span> <span class='ocrx_word' id='word_1_182' title='bbox 2746 1055 3015 1124; x_wconf 88' lang='lat' dir='ltr'><strong>recipiunt</strong></span> <span class='ocrx_word' id='word_1_183' title='bbox 3037 1055 3230 1126; x_wconf 84' lang='lat' dir='ltr'><strong>(Galat.</strong></span> <span class='ocrx_word' id='word_1_184' title='bbox 3258 1072 3340 1122; x_wconf 92' lang='grc' dir='ltr'>ιιι,</span> <span class='ocrx_word' id='word_1_185' title='bbox 3361 1055 3477 1128; x_wconf 71' lang='grc'><strong>24).</strong></span> 
     </span>
    </p>
   </div>
   <div class='ocr_carea' id='block_1_26' title="bbox 1880 1139 3480 1216">
    <p class='ocr_par' dir='ltr' id='par_1_26' title="bbox 1880 1139 3480 1216">
     <span class='ocr_line' id='line_1_26' title="bbox 1880 1139 3480 1216; baseline 0.005 -22"><span class='ocrx_word' id='word_1_186' title='bbox 1880 1139 2014 1194; x_wconf 84' lang='lat' dir='ltr'><strong>Nam</strong></span> <span class='ocrx_word' id='word_1_187' title='bbox 2055 1139 2101 1193; x_wconf 91' lang='lat' dir='ltr'><strong>si</strong></span> <span class='ocrx_word' id='word_1_188' title='bbox 2150 1149 2282 1196; x_wconf 78' lang='lat' dir='ltr'><strong>:etas</strong></span> <span class='ocrx_word' id='word_1_189' title='bbox 2327 1143 2632 1198; x_wconf 89' lang='lat' dir='ltr'><strong>senectutis</strong></span> <span class='ocrx_word' id='word_1_190' title='bbox 2660 1145 2770 1199; x_wconf 90' lang='lat' dir='ltr'><strong>vita</strong></span> <span class='ocrx_word' id='word_1_191' title='bbox 2800 1146 3146 1201; x_wconf 87' lang='lat' dir='ltr'><strong>immaculata</strong></span> <span class='ocrx_word' id='word_1_192' title='bbox 3178 1148 3350 1216; x_wconf 76' lang='lat' dir='ltr'><strong>(Sep.</strong></span> <span class='ocrx_word' id='word_1_193' title='bbox 3385 1164 3437 1202; x_wconf 84' lang='lat' dir='ltr'><strong>tv</strong></span> <span class='ocrx_word' id='word_1_194' title='bbox 3465 1191 3480 1213; x_wconf 93' lang='lat'><strong>,</strong></span> 
     </span>
    </p>
   </div>
   <div class='ocr_carea' id='block_1_27' title="bbox 1882 1232 3482 1302">
    <p class='ocr_par' dir='ltr' id='par_1_27' title="bbox 1882 1232 3482 1302">
     <span class='ocr_line' id='line_1_27' title="bbox 1882 1232 3482 1302; baseline 0.006 -18"><span class='ocrx_word' id='word_1_195' title='bbox 1882 1233 1913 1284; x_wconf 82' lang='lat'><strong>9</strong></span> <span class='ocrx_word' id='word_1_196' title='bbox 1938 1233 1978 1302; x_wconf 91' lang='lat'><strong>),</strong></span> <span class='ocrx_word' id='word_1_197' title='bbox 2013 1232 2197 1302; x_wconf 85' lang='lat' dir='ltr'><strong>utique</strong></span> <span class='ocrx_word' id='word_1_198' title='bbox 2223 1243 2354 1288; x_wconf 63' lang='lat' dir='ltr'><strong>artas</strong></span> <span class='ocrx_word' id='word_1_199' title='bbox 2374 1234 2756 1292; x_wconf 62' lang='lat' dir='ltr'><strong>adolescentiae</strong></span> <span class='ocrx_word' id='word_1_200' title='bbox 2776 1246 2860 1293; x_wconf 92' lang='lat' dir='ltr'><strong>est</strong></span> <span class='ocrx_word' id='word_1_201' title='bbox 2881 1240 2989 1294; x_wconf 90' lang='lat' dir='ltr'><strong>vita</strong></span> <span class='ocrx_word' id='word_1_202' title='bbox 3013 1241 3308 1294; x_wconf 88' lang='lat' dir='ltr'><strong>maculosa.</strong></span> <span class='ocrx_word' id='word_1_203' title='bbox 3329 1239 3355 1277; x_wconf 72' lang='grc' dir='ltr'>ι)</span> <span class='ocrx_word' id='word_1_204' title='bbox 3371 1240 3482 1294; x_wconf 79' lang='lat' dir='ltr'><strong>Lex</strong></span> 
     </span>
    </p>
   </div>
   <div class='ocr_carea' id='block_1_28' title="bbox 1881 1328 3482 1405">
    <p class='ocr_par' dir='ltr' id='par_1_28' title="bbox 1881 1328 3482 1405">
     <span class='ocr_line' id='line_1_28' title="bbox 1881 1328 3482 1405; baseline 0.005 -25"><span class='ocrx_word' id='word_1_205' title='bbox 1881 1341 2012 1397; x_wconf 88' lang='lat' dir='ltr'><strong>ergo</strong></span> <span class='ocrx_word' id='word_1_206' title='bbox 2038 1328 2355 1400; x_wconf 89' lang='lat' dir='ltr'><strong>pedagogus</strong></span> <span class='ocrx_word' id='word_1_207' title='bbox 2383 1328 2502 1396; x_wconf 83' lang='lat' dir='ltr'><strong>fuit,</strong></span> <span class='ocrx_word' id='word_1_208' title='bbox 2537 1330 2589 1385; x_wconf 92' lang='lat' dir='ltr'><strong>id</strong></span> <span class='ocrx_word' id='word_1_209' title='bbox 2615 1342 2699 1386; x_wconf 89' lang='lat' dir='ltr'><strong>est</strong></span> <span class='ocrx_word' id='word_1_210' title='bbox 2727 1333 2876 1405; x_wconf 83' lang='grc' dir='ltr'><strong>νόμος</strong></span> <span class='ocrx_word' id='word_1_211' title='bbox 2901 1374 2917 1400; x_wconf 95' lang='grc'><strong>,</strong></span> <span class='ocrx_word' id='word_1_212' title='bbox 2943 1333 3116 1388; x_wconf 89' lang='lat' dir='ltr'><strong>donec</strong></span> <span class='ocrx_word' id='word_1_213' title='bbox 3168 1334 3298 1390; x_wconf 91' lang='lat' dir='ltr'><strong>ﬁdes</strong></span> <span class='ocrx_word' id='word_1_214' title='bbox 3329 1335 3482 1389; x_wconf 90' lang='lat' dir='ltr'><strong>veni-</strong></span> 
     </span>
    </p>
   </div>
   <div class='ocr_carea' id='block_1_29' title="bbox 1880 1422 3482 1500">
    <p class='ocr_par' dir='ltr' id='par_1_29' title="bbox 1880 1422 3482 1500">
     <span class='ocr_line' id='line_1_29' title="bbox 1880 1422 3482 1500; baseline 0.005 -25"><span class='ocrx_word' id='word_1_215' title='bbox 1880 1432 1984 1477; x_wconf 85' lang='lat' dir='ltr'><strong>ret.</strong></span> <span class='ocrx_word' id='word_1_216' title='bbox 2019 1422 2086 1477; x_wconf 83' lang='lat' dir='ltr'><strong>Et</strong></span> <span class='ocrx_word' id='word_1_217' title='bbox 2132 1425 2281 1494; x_wconf 88' lang='lat' dir='ltr'><strong>quasi</strong></span> <span class='ocrx_word' id='word_1_218' title='bbox 2307 1425 2524 1493; x_wconf 80' lang='lat' dir='ltr'><strong>inﬁrmi,</strong></span> <span class='ocrx_word' id='word_1_219' title='bbox 2582 1427 2777 1496; x_wconf 89' lang='lat' dir='ltr'><strong>inquit,</strong></span> <span class='ocrx_word' id='word_1_220' title='bbox 2808 1428 3228 1482; x_wconf 86' lang='lat' dir='ltr'><strong>custodiebamur</strong></span> <span class='ocrx_word' id='word_1_221' title='bbox 3273 1444 3305 1480; x_wconf 90' lang='lat' dir='ltr'><strong>a</strong></span> <span class='ocrx_word' id='word_1_222' title='bbox 3329 1429 3437 1500; x_wconf 83' lang='lat' dir='ltr'><strong>lege</strong></span> <span class='ocrx_word' id='word_1_223' title='bbox 3465 1469 3482 1495; x_wconf 90' lang='lat'><strong>,</strong></span> 
     </span>
    </p>
   </div>
   <div class='ocr_carea' id='block_1_30' title="bbox 1880 1515 3480 1588">
    <p class='ocr_par' dir='ltr' id='par_1_30' title="bbox 1880 1515 3480 1588">
     <span class='ocr_line' id='line_1_30' title="bbox 1880 1515 3480 1588; baseline 0.004 -22"><span class='ocrx_word' id='word_1_224' title='bbox 1880 1515 2108 1568; x_wconf 81' lang='lat' dir='ltr'><strong>conclusi</strong></span> <span class='ocrx_word' id='word_1_225' title='bbox 2131 1516 2183 1568; x_wconf 88' lang='lat' dir='ltr'><strong>iu</strong></span> <span class='ocrx_word' id='word_1_226' title='bbox 2213 1532 2328 1569; x_wconf 90' lang='lat' dir='ltr'><strong>eam</strong></span> <span class='ocrx_word' id='word_1_227' title='bbox 2355 1515 2533 1584; x_wconf 82' lang='lat' dir='ltr'><strong>ﬁdem,</strong></span> <span class='ocrx_word' id='word_1_228' title='bbox 2557 1532 2671 1586; x_wconf 73' lang='lat' dir='ltr'><strong>quae</strong></span> <span class='ocrx_word' id='word_1_229' title='bbox 2695 1518 2973 1571; x_wconf 78' lang='lat' dir='ltr'><strong>revelanda</strong></span> <span class='ocrx_word' id='word_1_230' title='bbox 3004 1519 3134 1587; x_wconf 82' lang='lat' dir='ltr'><strong>[oret</strong></span> <span class='ocrx_word' id='word_1_231' title='bbox 3163 1517 3362 1588; x_wconf 85' lang='lat' dir='ltr'><strong>(Galat.</strong></span> <span class='ocrx_word' id='word_1_232' title='bbox 3398 1534 3480 1581; x_wconf 88' lang='grc' dir='ltr'>ιιι,</span> 
     </span>
    </p>
   </div>
   <div class='ocr_carea' id='block_1_31' title="bbox 1877 1605 3481 1678">
    <p class='ocr_par' dir='ltr' id='par_1_31' title="bbox 1877 1605 3481 1678">
     <span class='ocr_line' id='line_1_31' title="bbox 1877 1605 3481 1678; baseline 0.006 -20"><span class='ocrx_word' id='word_1_233' title='bbox 1877 1605 2005 1673; x_wconf 75' lang='grc'><strong>25).</strong></span> <span class='ocrx_word' id='word_1_234' title='bbox 2038 1607 2326 1678; x_wconf 88' lang='lat' dir='ltr'><strong>Postquam</strong></span> <span class='ocrx_word' id='word_1_235' title='bbox 2356 1617 2534 1663; x_wconf 89' lang='lat' dir='ltr'><strong>autem</strong></span> <span class='ocrx_word' id='word_1_236' title='bbox 2560 1609 2694 1664; x_wconf 89' lang='lat' dir='ltr'><strong>ﬁdes</strong></span> <span class='ocrx_word' id='word_1_237' title='bbox 2723 1611 2964 1676; x_wconf 88' lang='lat' dir='ltr'><strong>advenit,</strong></span> <span class='ocrx_word' id='word_1_238' title='bbox 2991 1627 3098 1665; x_wconf 93' lang='lat' dir='ltr'><strong>non</strong></span> <span class='ocrx_word' id='word_1_239' title='bbox 3131 1612 3267 1666; x_wconf 89' lang='lat' dir='ltr'><strong>dicit</strong></span> <span class='ocrx_word' id='word_1_240' title='bbox 3297 1614 3481 1667; x_wconf 84' lang='lat' dir='ltr'><strong>Evan-</strong></span> 
     </span>
    </p>
   </div>
   <div class='ocr_carea' id='block_1_32' title="bbox 1876 1696 3481 1772">
    <p class='ocr_par' dir='ltr' id='par_1_32' title="bbox 1876 1696 3481 1772">
     <span class='ocr_line' id='line_1_32' title="bbox 1876 1696 3481 1772; baseline 0.004 -22"><span class='ocrx_word' id='word_1_241' title='bbox 1876 1696 2074 1766; x_wconf 89' lang='lat' dir='ltr'><strong>gelium</strong></span> <span class='ocrx_word' id='word_1_242' title='bbox 2097 1740 2111 1762; x_wconf 93' lang='lat'><strong>,</strong></span> <span class='ocrx_word' id='word_1_243' title='bbox 2164 1698 2259 1753; x_wconf 88' lang='lat' dir='ltr'><strong>sed</strong></span> <span class='ocrx_word' id='word_1_244' title='bbox 2288 1698 2481 1761; x_wconf 92' lang='lat' dir='ltr'><strong>ﬁdem;</strong></span> <span class='ocrx_word' id='word_1_245' title='bbox 2519 1714 2580 1754; x_wconf 89' lang='lat' dir='ltr'><strong>ea</strong></span> <span class='ocrx_word' id='word_1_246' title='bbox 2614 1708 2698 1754; x_wconf 88' lang='lat' dir='ltr'><strong>est</strong></span> <span class='ocrx_word' id='word_1_247' title='bbox 2726 1701 2872 1755; x_wconf 93' lang='lat' dir='ltr'><strong>enim</strong></span> <span class='ocrx_word' id='word_1_248' title='bbox 2917 1701 3032 1754; x_wconf 88' lang='lat' dir='ltr'><strong>sola</strong></span> <span class='ocrx_word' id='word_1_249' title='bbox 3065 1700 3222 1766; x_wconf 89' lang='lat' dir='ltr'><strong>ﬁdes,</strong></span> <span class='ocrx_word' id='word_1_250' title='bbox 3245 1718 3368 1772; x_wconf 80' lang='lat' dir='ltr'><strong>qua:</strong></span> <span class='ocrx_word' id='word_1_251' title='bbox 3394 1711 3481 1757; x_wconf 89' lang='lat' dir='ltr'><strong>est</strong></span> 
     </span>
    </p>
   </div>
   <div class='ocr_carea' id='block_1_33' title="bbox 168 1769 1763 1862">
    <p class='ocr_par' dir='ltr' id='par_1_33' title="bbox 168 1769 1763 1850">
     <span class='ocr_line' id='line_1_33' title="bbox 168 1769 1763 1850; baseline 0.009 -31"><span class='ocrx_word' id='word_1_252' title='bbox 168 1775 308 1822; x_wconf 76' lang='lat' dir='ltr'><strong>terte</strong></span> <span class='ocrx_word' id='word_1_253' title='bbox 353 1769 536 1838; x_wconf 90' lang='lat' dir='ltr'><strong>potius</strong></span> <span class='ocrx_word' id='word_1_254' title='bbox 577 1785 736 1841; x_wconf 91' lang='lat' dir='ltr'><strong>quam</strong></span> <span class='ocrx_word' id='word_1_255' title='bbox 767 1775 942 1842; x_wconf 86' lang='lat' dir='ltr'><strong>gratia</strong></span> <span class='ocrx_word' id='word_1_256' title='bbox 986 1773 1355 1845; x_wconf 68' lang='lat' dir='ltr'><strong>indulgentiae.</strong></span> <span class='ocrx_word' id='word_1_257' title='bbox 1389 1778 1630 1850; x_wconf 89' lang='lat' dir='ltr'><strong>Denique</strong></span> <span class='ocrx_word' id='word_1_258' title='bbox 1682 1778 1763 1835; x_wconf 86' lang='lat' dir='ltr'><strong>ille</strong></span> 
     </span>
    </p>
   </div>
   <div class='ocr_carea' id='block_1_34' title="bbox 1873 1769 3478 1862">
    <p class='ocr_par' dir='ltr' id='par_1_34' title="bbox 1878 1769 3478 1862">
     <span class='ocr_line' id='line_1_34' title="bbox 1878 1769 3478 1862; baseline 0.004 -19"><span class='ocrx_word' id='word_1_259' title='bbox 1878 1789 1929 1843; x_wconf 90' lang='lat' dir='ltr'><strong>in</strong></span> <span class='ocrx_word' id='word_1_260' title='bbox 1957 1790 2278 1860; x_wconf 86' lang='lat' dir='ltr'><strong>Evangelio.</strong></span> <span class='ocrx_word' id='word_1_261' title='bbox 2305 1791 2440 1845; x_wconf 91' lang='lat' dir='ltr'><strong>Nam</strong></span> <span class='ocrx_word' id='word_1_262' title='bbox 2471 1792 2600 1847; x_wconf 89' lang='lat' dir='ltr'><strong>licet</strong></span> <span class='ocrx_word' id='word_1_263' title='bbox 2621 1793 2832 1862; x_wconf 91' lang='lat' dir='ltr'><strong>justitia</strong></span> <span class='ocrx_word' id='word_1_264' title='bbox 2858 1793 2952 1848; x_wconf 87' lang='lat' dir='ltr'><strong>Dei</strong></span> <span class='ocrx_word' id='word_1_265' title='bbox 2984 1795 3038 1847; x_wconf 92' lang='lat' dir='ltr'><strong>in</strong></span> <span class='ocrx_word' id='word_1_266' title='bbox 3075 1811 3142 1849; x_wconf 91' lang='lat' dir='ltr'><strong>co</strong></span> <span class='ocrx_word' id='word_1_267' title='bbox 3168 1769 3441 1850; x_wconf 73' lang='lat' dir='ltr'><strong>reveletur</strong></span> <span class='ocrx_word' id='word_1_268' title='bbox 3462 1839 3478 1862; x_wconf 94' lang='lat'><strong>,</strong></span> 
     </span>
    </p>
   </div>
   <div class='ocr_carea' id='block_1_35' title="bbox 163 1861 1768 1932">
    <p class='ocr_par' dir='ltr' id='par_1_35' title="bbox 163 1861 1768 1932">
     <span class='ocr_line' id='line_1_35' title="bbox 163 1861 1768 1932; baseline 0.011 -19"><span class='ocrx_word' id='word_1_269' title='bbox 163 1861 406 1930; x_wconf 88' lang='lat' dir='ltr'><strong>populus</strong></span> <span class='ocrx_word' id='word_1_270' title='bbox 435 1864 537 1918; x_wconf 90' lang='lat' dir='ltr'><strong>sub</strong></span> <span class='ocrx_word' id='word_1_271' title='bbox 577 1865 895 1932; x_wconf 88' lang='lat' dir='ltr'><strong>maledicto,</strong></span> <span class='ocrx_word' id='word_1_272' title='bbox 941 1883 1040 1922; x_wconf 93' lang='lat' dir='ltr'><strong>nos</strong></span> <span class='ocrx_word' id='word_1_273' title='bbox 1068 1867 1122 1922; x_wconf 91' lang='lat' dir='ltr'><strong>iu</strong></span> <span class='ocrx_word' id='word_1_274' title='bbox 1169 1870 1568 1928; x_wconf 89' lang='lat' dir='ltr'><strong>benedictione.</strong></span> <span class='ocrx_word' id='word_1_275' title='bbox 1601 1874 1768 1930; x_wconf 78' lang='lat' dir='ltr'><strong>Velox</strong></span> 
     </span>
    </p>
   </div>
   <div class='ocr_carea' id='block_1_36' title="bbox 162 1955 1768 2033">
    <p class='ocr_par' dir='ltr' id='par_1_36' title="bbox 162 1955 1768 2033">
     <span class='ocr_line' id='line_1_36' title="bbox 162 1955 1768 2033; baseline 0.007 -23"><span class='ocrx_word' id='word_1_276' title='bbox 162 1955 328 2010; x_wconf 87' lang='lat' dir='ltr'><strong>cibus</strong></span> <span class='ocrx_word' id='word_1_277' title='bbox 375 1957 508 2012; x_wconf 85' lang='lat' dir='ltr'><strong>ﬁdes</strong></span> <span class='ocrx_word' id='word_1_278' title='bbox 536 1977 551 2015; x_wconf 85' lang='grc'>;</span> <span class='ocrx_word' id='word_1_279' title='bbox 597 1958 770 2032; x_wconf 82' lang='lat' dir='ltr'><strong>Prope</strong></span> <span class='ocrx_word' id='word_1_280' title='bbox 795 1969 869 2014; x_wconf 85' lang='lat' dir='ltr'><strong>est</strong></span> <span class='ocrx_word' id='word_1_281' title='bbox 907 1962 1043 2015; x_wconf 88' lang='lat' dir='ltr'><strong>enim</strong></span> <span class='ocrx_word' id='word_1_282' title='bbox 1068 1964 1268 2016; x_wconf 80' lang='lat' dir='ltr'><strong>verbum</strong></span> <span class='ocrx_word' id='word_1_283' title='bbox 1294 1966 1346 2018; x_wconf 84' lang='lat' dir='ltr'><strong>in</strong></span> <span class='ocrx_word' id='word_1_284' title='bbox 1387 1982 1472 2019; x_wconf 86' lang='lat' dir='ltr'><strong>ore</strong></span> <span class='ocrx_word' id='word_1_285' title='bbox 1495 1976 1603 2033; x_wconf 90' lang='lat' dir='ltr'><strong>tuo,</strong></span> <span class='ocrx_word' id='word_1_286' title='bbox 1636 1977 1684 2020; x_wconf 90' lang='lat' dir='ltr'><strong>et</strong></span> <span class='ocrx_word' id='word_1_287' title='bbox 1713 1968 1768 2022; x_wconf 89' lang='lat' dir='ltr'><strong>in</strong></span> 
     </span>
    </p>
   </div>
   <div class='ocr_carea' id='block_1_37' title="bbox 161 2047 1767 2128">
    <p class='ocr_par' dir='ltr' id='par_1_37' title="bbox 161 2047 1767 2128">
     <span class='ocr_line' id='line_1_37' title="bbox 161 2047 1767 2128; baseline 0.011 -31"><span class='ocrx_word' id='word_1_288' title='bbox 161 2047 320 2100; x_wconf 85' lang='lat' dir='ltr'><strong>corde</strong></span> <span class='ocrx_word' id='word_1_289' title='bbox 345 2055 432 2101; x_wconf 90' lang='lat' dir='ltr'><strong>tuo</strong></span> <span class='ocrx_word' id='word_1_290' title='bbox 466 2047 642 2120; x_wconf 86' lang='lat' dir='ltr'><strong>(Deut.</strong></span> <span class='ocrx_word' id='word_1_291' title='bbox 681 2067 808 2116; x_wconf 79' lang='lat' dir='ltr'><strong>xxx,</strong></span> <span class='ocrx_word' id='word_1_292' title='bbox 845 2052 937 2123; x_wconf 68' lang='grc'><strong>14)</strong></span> <span class='ocrx_word' id='word_1_293' title='bbox 971 2071 984 2105; x_wconf 91' lang='lat'><strong>:</strong></span> <span class='ocrx_word' id='word_1_294' title='bbox 1019 2053 1225 2108; x_wconf 82' lang='lat' dir='ltr'><strong>tardior</strong></span> <span class='ocrx_word' id='word_1_295' title='bbox 1258 2055 1410 2110; x_wconf 91' lang='lat' dir='ltr'><strong>cibus</strong></span> <span class='ocrx_word' id='word_1_296' title='bbox 1448 2057 1626 2128; x_wconf 85' lang='lat' dir='ltr'><strong>Legis.</strong></span> <span class='ocrx_word' id='word_1_297' title='bbox 1663 2060 1767 2115; x_wconf 88' lang='lat' dir='ltr'><strong>De—</strong></span> 
     </span>
    </p>
   </div>
   <div class='ocr_carea' id='block_1_38' title="bbox 161 2138 1761 2220">
    <p class='ocr_par' dir='ltr' id='par_1_38' title="bbox 161 2138 1761 2220">
     <span class='ocr_line' id='line_1_38' title="bbox 161 2138 1761 2220; baseline 0.008 -27"><span class='ocrx_word' id='word_1_298' title='bbox 161 2138 333 2207; x_wconf 87' lang='lat' dir='ltr'><strong>nique</strong></span> <span class='ocrx_word' id='word_1_299' title='bbox 361 2139 490 2194; x_wconf 92' lang='lat' dir='ltr'><strong>dum</strong></span> <span class='ocrx_word' id='word_1_300' title='bbox 521 2139 629 2196; x_wconf 83' lang='lat' dir='ltr'><strong>Lex</strong></span> <span class='ocrx_word' id='word_1_301' title='bbox 659 2151 1028 2212; x_wconf 81' lang='lat' dir='ltr'><strong>exspectatur,</strong></span> <span class='ocrx_word' id='word_1_302' title='bbox 1064 2143 1297 2214; x_wconf 89' lang='lat' dir='ltr'><strong>populus</strong></span> <span class='ocrx_word' id='word_1_303' title='bbox 1322 2150 1524 2204; x_wconf 89' lang='lat' dir='ltr'><strong>erravit</strong></span> <span class='ocrx_word' id='word_1_304' title='bbox 1563 2149 1761 2220; x_wconf 81' lang='lat' dir='ltr'><strong>(Exod.</strong></span> 
     </span>
    </p>
   </div>
   <div class='ocr_carea' id='block_1_39' title="bbox 159 2233 660 2306">
    <p class='ocr_par' dir='ltr' id='par_1_39' title="bbox 159 2233 660 2306">
     <span class='ocr_line' id='line_1_39' title="bbox 159 2233 660 2306; baseline 0.006 -20"><span class='ocrx_word' id='word_1_305' title='bbox 159 2245 344 2297; x_wconf 78' lang='lat' dir='ltr'><strong>xxxrt,</strong></span> <span class='ocrx_word' id='word_1_306' title='bbox 379 2233 402 2286; x_wconf 88' lang='lat' dir='ltr'><strong>l</strong></span> <span class='ocrx_word' id='word_1_307' title='bbox 433 2242 481 2286; x_wconf 88' lang='lat' dir='ltr'><strong>et</strong></span> <span class='ocrx_word' id='word_1_308' title='bbox 505 2233 660 2306; x_wconf 90' lang='lat' dir='ltr'><strong>seq.).</strong></span> 
     </span>
    </p>
   </div>
   <div class='ocr_carea' id='block_1_40' title="bbox 236 2324 1766 2406">
    <p class='ocr_par' dir='ltr' id='par_1_40' title="bbox 236 2324 1766 2406">
     <span class='ocr_line' id='line_1_40' title="bbox 236 2324 1766 2406; baseline 0.007 -27"><span class='ocrx_word' id='word_1_309' title='bbox 236 2324 291 2379; x_wconf 88' lang='lat'><strong>6.</strong></span> <span class='ocrx_word' id='word_1_310' title='bbox 335 2324 575 2383; x_wconf 82' lang='lat' dir='ltr'><strong>Contulit</strong></span> <span class='ocrx_word' id='word_1_311' title='bbox 600 2328 761 2399; x_wconf 89' lang='lat' dir='ltr'><strong>igitur</strong></span> <span class='ocrx_word' id='word_1_312' title='bbox 800 2328 1234 2389; x_wconf 88' lang='lat' dir='ltr'><strong>benedictionem</strong></span> <span class='ocrx_word' id='word_1_313' title='bbox 1264 2342 1418 2404; x_wconf 90' lang='lat' dir='ltr'><strong>pater</strong></span> <span class='ocrx_word' id='word_1_314' title='bbox 1448 2336 1678 2406; x_wconf 84' lang='lat' dir='ltr'><strong>impigro</strong></span> <span class='ocrx_word' id='word_1_315' title='bbox 1711 2345 1766 2392; x_wconf 93' lang='lat' dir='ltr'><strong>et</strong></span> 
     </span>
    </p>
   </div>
   <div class='ocr_carea' id='block_1_41' title="bbox 156 2416 1765 2495">
    <p class='ocr_par' dir='ltr' id='par_1_41' title="bbox 156 2416 1765 2495">
     <span class='ocr_line' id='line_1_41' title="bbox 156 2416 1765 2495; baseline 0.009 -24"><span class='ocrx_word' id='word_1_316' title='bbox 156 2416 307 2474; x_wconf 91' lang='lat' dir='ltr'><strong>ﬁdeli</strong></span> <span class='ocrx_word' id='word_1_317' title='bbox 341 2418 451 2475; x_wconf 88' lang='lat' dir='ltr'><strong>ﬁlio</strong></span> <span class='ocrx_word' id='word_1_318' title='bbox 481 2439 494 2476; x_wconf 90' lang='lat'><strong>:</strong></span> <span class='ocrx_word' id='word_1_319' title='bbox 520 2421 613 2476; x_wconf 80' lang='lat' dir='ltr'><strong>sed</strong></span> <span class='ocrx_word' id='word_1_320' title='bbox 641 2423 764 2493; x_wconf 87' lang='lat' dir='ltr'><strong>quia</strong></span> <span class='ocrx_word' id='word_1_321' title='bbox 794 2424 966 2479; x_wconf 89' lang='lat' dir='ltr'><strong>bonus</strong></span> <span class='ocrx_word' id='word_1_322' title='bbox 992 2435 1144 2495; x_wconf 90' lang='lat' dir='ltr'><strong>pater</strong></span> <span class='ocrx_word' id='word_1_323' title='bbox 1169 2435 1307 2492; x_wconf 89' lang='lat' dir='ltr'><strong>erat,</strong></span> <span class='ocrx_word' id='word_1_324' title='bbox 1342 2431 1578 2484; x_wconf 88' lang='lat' dir='ltr'><strong>servavit</strong></span> <span class='ocrx_word' id='word_1_325' title='bbox 1609 2438 1664 2484; x_wconf 91' lang='lat' dir='ltr'><strong>et</strong></span> <span class='ocrx_word' id='word_1_326' title='bbox 1685 2443 1765 2486; x_wconf 89' lang='lat' dir='ltr'><strong>se-</strong></span> 
     </span>
    </p>
   </div>
   <div class='ocr_carea' id='block_1_42' title="bbox 157 2513 1766 2583">
    <p class='ocr_par' dir='ltr' id='par_1_42' title="bbox 157 2513 1766 2583">
     <span class='ocr_line' id='line_1_42' title="bbox 157 2513 1766 2583; baseline 0.006 -15"><span class='ocrx_word' id='word_1_327' title='bbox 157 2513 303 2569; x_wconf 88' lang='lat' dir='ltr'><strong>niori</strong></span> <span class='ocrx_word' id='word_1_328' title='bbox 353 2513 462 2570; x_wconf 92' lang='lat' dir='ltr'><strong>ﬁlio</strong></span> <span class='ocrx_word' id='word_1_329' title='bbox 513 2516 986 2583; x_wconf 84' lang='lat' dir='ltr'><strong>benedictionem;</strong></span> <span class='ocrx_word' id='word_1_330' title='bbox 1021 2529 1079 2574; x_wconf 93' lang='lat' dir='ltr'><strong>ut</strong></span> <span class='ocrx_word' id='word_1_331' title='bbox 1124 2535 1246 2576; x_wconf 92' lang='lat' dir='ltr'><strong>eum</strong></span> <span class='ocrx_word' id='word_1_332' title='bbox 1294 2537 1510 2577; x_wconf 86' lang='lat' dir='ltr'><strong>servum</strong></span> <span class='ocrx_word' id='word_1_333' title='bbox 1561 2522 1766 2579; x_wconf 85' lang='lat' dir='ltr'><strong>faceret</strong></span> 
     </span>
    </p>
   </div>
   <div class='ocr_carea' id='block_1_43' title="bbox 154 2604 1764 2683">
    <p class='ocr_par' dir='ltr' id='par_1_43' title="bbox 154 2604 1764 2683">
     <span class='ocr_line' id='line_1_43' title="bbox 154 2604 1764 2683; baseline 0.006 -24"><span class='ocrx_word' id='word_1_334' title='bbox 154 2604 345 2660; x_wconf 81' lang='lat' dir='ltr'><strong>fratris</strong></span> <span class='ocrx_word' id='word_1_335' title='bbox 373 2607 454 2660; x_wconf 91' lang='lat' dir='ltr'><strong>sui</strong></span> <span class='ocrx_word' id='word_1_336' title='bbox 491 2624 503 2658; x_wconf 88' lang='lat'><strong>:</strong></span> <span class='ocrx_word' id='word_1_337' title='bbox 535 2621 638 2661; x_wconf 93' lang='lat' dir='ltr'><strong>non</strong></span> <span class='ocrx_word' id='word_1_338' title='bbox 668 2623 774 2678; x_wconf 88' lang='lat' dir='ltr'><strong>quo</strong></span> <span class='ocrx_word' id='word_1_339' title='bbox 795 2607 1054 2664; x_wconf 82' lang='lat' dir='ltr'><strong>familiam</strong></span> <span class='ocrx_word' id='word_1_340' title='bbox 1085 2626 1239 2666; x_wconf 92' lang='lat' dir='ltr'><strong>suam</strong></span> <span class='ocrx_word' id='word_1_341' title='bbox 1273 2620 1298 2648; x_wconf 71' lang='grc' dir='ltr'>ει</span> <span class='ocrx_word' id='word_1_342' title='bbox 1320 2611 1577 2683; x_wconf 85' lang='lat' dir='ltr'><strong>degeneri</strong></span> <span class='ocrx_word' id='word_1_343' title='bbox 1600 2615 1764 2670; x_wconf 88' lang='lat' dir='ltr'><strong>vellet</strong></span> 
     </span>
    </p>
   </div>
   <div class='ocr_carea' id='block_1_44' title="bbox 154 2697 1764 2774">
    <p class='ocr_par' dir='ltr' id='par_1_44' title="bbox 154 2697 1764 2774">
     <span class='ocr_line' id='line_1_44' title="bbox 154 2697 1764 2774; baseline 0.004 -22"><span class='ocrx_word' id='word_1_344' title='bbox 154 2697 406 2752; x_wconf 87' lang='lat' dir='ltr'><strong>servituti</strong></span> <span class='ocrx_word' id='word_1_345' title='bbox 436 2697 713 2766; x_wconf 85' lang='lat' dir='ltr'><strong>addicere,</strong></span> <span class='ocrx_word' id='word_1_346' title='bbox 739 2699 835 2756; x_wconf 90' lang='lat' dir='ltr'><strong>sed</strong></span> <span class='ocrx_word' id='word_1_347' title='bbox 863 2702 989 2772; x_wconf 90' lang='lat' dir='ltr'><strong>quia</strong></span> <span class='ocrx_word' id='word_1_348' title='bbox 1014 2702 1058 2756; x_wconf 94' lang='lat' dir='ltr'><strong>is</strong></span> <span class='ocrx_word' id='word_1_349' title='bbox 1086 2704 1178 2774; x_wconf 92' lang='lat' dir='ltr'><strong>qui</strong></span> <span class='ocrx_word' id='word_1_350' title='bbox 1209 2718 1400 2774; x_wconf 89' lang='lat' dir='ltr'><strong>regere</strong></span> <span class='ocrx_word' id='word_1_351' title='bbox 1427 2721 1486 2759; x_wconf 88' lang='lat' dir='ltr'><strong>se</strong></span> <span class='ocrx_word' id='word_1_352' title='bbox 1522 2721 1629 2759; x_wconf 93' lang='lat' dir='ltr'><strong>non</strong></span> <span class='ocrx_word' id='word_1_353' title='bbox 1668 2721 1764 2774; x_wconf 84' lang='lat' dir='ltr'><strong>po-</strong></span> 
     </span>
    </p>
   </div>
   <div class='ocr_carea' id='block_1_45' title="bbox 158 2789 1765 2861">
    <p class='ocr_par' dir='ltr' id='par_1_45' title="bbox 158 2789 1765 2861">
     <span class='ocr_line' id='line_1_45' title="bbox 158 2789 1765 2861; baseline 0.006 -20"><span class='ocrx_word' id='word_1_354' title='bbox 158 2796 269 2843; x_wconf 91' lang='lat' dir='ltr'><strong>test</strong></span> <span class='ocrx_word' id='word_1_355' title='bbox 307 2797 362 2843; x_wconf 91' lang='lat' dir='ltr'><strong>et</strong></span> <span class='ocrx_word' id='word_1_356' title='bbox 391 2789 716 2859; x_wconf 84' lang='lat' dir='ltr'><strong>gubernare,</strong></span> <span class='ocrx_word' id='word_1_357' title='bbox 761 2794 970 2848; x_wconf 89' lang='lat' dir='ltr'><strong>servire</strong></span> <span class='ocrx_word' id='word_1_358' title='bbox 1006 2793 1190 2861; x_wconf 89' lang='lat' dir='ltr'><strong>debet,</strong></span> <span class='ocrx_word' id='word_1_359' title='bbox 1243 2805 1297 2849; x_wconf 92' lang='lat' dir='ltr'><strong>et</strong></span> <span class='ocrx_word' id='word_1_360' title='bbox 1343 2795 1595 2851; x_wconf 86' lang='lat' dir='ltr'><strong>subditus</strong></span> <span class='ocrx_word' id='word_1_361' title='bbox 1643 2812 1765 2852; x_wconf 91' lang='lat' dir='ltr'><strong>esse</strong></span> 
     </span>
    </p>
   </div>
   <div class='ocr_carea' id='block_1_46' title="bbox 155 2880 1762 2956">
    <p class='ocr_par' dir='ltr' id='par_1_46' title="bbox 155 2880 1762 2956">
     <span class='ocr_line' id='line_1_46' title="bbox 155 2880 1762 2956; baseline 0.005 -22"><span class='ocrx_word' id='word_1_362' title='bbox 155 2880 536 2952; x_wconf 87' lang='lat' dir='ltr'><strong>prudentiori;</strong></span> <span class='ocrx_word' id='word_1_363' title='bbox 563 2891 620 2936; x_wconf 89' lang='lat' dir='ltr'><strong>ut</strong></span> <span class='ocrx_word' id='word_1_364' title='bbox 649 2882 768 2952; x_wconf 88' lang='lat' dir='ltr'><strong>ejus</strong></span> <span class='ocrx_word' id='word_1_365' title='bbox 795 2896 1010 2956; x_wconf 89' lang='lat' dir='ltr'><strong>regatur</strong></span> <span class='ocrx_word' id='word_1_366' title='bbox 1033 2887 1284 2951; x_wconf 89' lang='lat' dir='ltr'><strong>consilio,</strong></span> <span class='ocrx_word' id='word_1_367' title='bbox 1313 2903 1380 2942; x_wconf 90' lang='lat' dir='ltr'><strong>ne</strong></span> <span class='ocrx_word' id='word_1_368' title='bbox 1415 2904 1508 2942; x_wconf 90' lang='lat' dir='ltr'><strong>sua</strong></span> <span class='ocrx_word' id='word_1_369' title='bbox 1531 2888 1762 2942; x_wconf 88' lang='lat' dir='ltr'><strong>stultitia</strong></span> 
     </span>
    </p>
   </div>
   <div class='ocr_carea' id='block_1_47' title="bbox 157 2975 1763 3047">
    <p class='ocr_par' dir='ltr' id='par_1_47' title="bbox 157 2975 1763 3047">
     <span class='ocr_line' id='line_1_47' title="bbox 157 2975 1763 3047; baseline 0.006 -18"><span class='ocrx_word' id='word_1_370' title='bbox 157 2975 552 3047; x_wconf 66' lang='lat' dir='ltr'><strong>principitetur,</strong></span> <span class='ocrx_word' id='word_1_371' title='bbox 582 2985 639 3032; x_wconf 90' lang='lat' dir='ltr'><strong>et</strong></span> <span class='ocrx_word' id='word_1_372' title='bbox 661 2975 872 3033; x_wconf 89' lang='lat' dir='ltr'><strong>labatur</strong></span> <span class='ocrx_word' id='word_1_373' title='bbox 897 2981 1223 3036; x_wconf 80' lang='lat' dir='ltr'><strong>temeritate.</strong></span> <span class='ocrx_word' id='word_1_374' title='bbox 1250 2982 1354 3036; x_wconf 87' lang='lat' dir='ltr'><strong>Pro</strong></span> <span class='ocrx_word' id='word_1_375' title='bbox 1385 2982 1763 3039; x_wconf 84' lang='lat' dir='ltr'><strong>benedictione</strong></span> 
     </span>
    </p>
   </div>
   <div class='ocr_carea' id='block_1_48' title="bbox 159 3068 1763 3148">
    <p class='ocr_par' dir='ltr' id='par_1_48' title="bbox 159 3068 1763 3148">
     <span class='ocr_line' id='line_1_48' title="bbox 159 3068 1763 3148; baseline 0.006 -26"><span class='ocrx_word' id='word_1_376' title='bbox 159 3069 324 3140; x_wconf 87' lang='lat' dir='ltr'><strong>igitur</strong></span> <span class='ocrx_word' id='word_1_377' title='bbox 354 3068 663 3138; x_wconf 76' lang='lat' dir='ltr'><strong>huiusmodi</strong></span> <span class='ocrx_word' id='word_1_378' title='bbox 712 3073 990 3129; x_wconf 89' lang='lat' dir='ltr'><strong>confertur</strong></span> <span class='ocrx_word' id='word_1_379' title='bbox 1029 3077 1283 3133; x_wconf 87' lang='lat' dir='ltr'><strong>servitus.</strong></span> <span class='ocrx_word' id='word_1_380' title='bbox 1336 3077 1579 3148; x_wconf 83' lang='lat' dir='ltr'><strong>Denique</strong></span> <span class='ocrx_word' id='word_1_381' title='bbox 1621 3077 1763 3132; x_wconf 87' lang='lat' dir='ltr'><strong>inter</strong></span> 
     </span>
    </p>
   </div>
   <div class='ocr_carea' id='block_1_49' title="bbox 1875 1884 3478 1956">
    <p class='ocr_par' dir='ltr' id='par_1_49' title="bbox 1875 1884 3478 1956">
     <span class='ocr_line' id='line_1_49' title="bbox 1875 1884 3478 1956; baseline 0.003 -19"><span class='ocrx_word' id='word_1_382' title='bbox 1875 1898 1997 1953; x_wconf 70' lang='lat' dir='ltr'><strong>quae</strong></span> <span class='ocrx_word' id='word_1_383' title='bbox 2026 1894 2109 1938; x_wconf 91' lang='lat' dir='ltr'><strong>cst</strong></span> <span class='ocrx_word' id='word_1_384' title='bbox 2135 1899 2201 1939; x_wconf 85' lang='lat' dir='ltr'><strong>ex</strong></span> <span class='ocrx_word' id='word_1_385' title='bbox 2233 1885 2337 1940; x_wconf 89' lang='lat' dir='ltr'><strong>ﬁde</strong></span> <span class='ocrx_word' id='word_1_386' title='bbox 2368 1886 2419 1939; x_wconf 93' lang='lat' dir='ltr'><strong>in</strong></span> <span class='ocrx_word' id='word_1_387' title='bbox 2443 1884 2602 1940; x_wconf 90' lang='lat' dir='ltr'><strong>ﬁdem</strong></span> <span class='ocrx_word' id='word_1_388' title='bbox 2627 1889 2642 1954; x_wconf 92' lang='lat'><strong>(</strong></span> <span class='ocrx_word' id='word_1_389' title='bbox 2670 1885 2820 1940; x_wconf 82' lang='lat' dir='ltr'><strong>Rom.</strong></span> <span class='ocrx_word' id='word_1_390' title='bbox 2845 1887 2973 1952; x_wconf 72' lang='lat'><strong>1,17</strong></span> <span class='ocrx_word' id='word_1_391' title='bbox 2997 1887 3045 1956; x_wconf 91' lang='lat'><strong>);</strong></span> <span class='ocrx_word' id='word_1_392' title='bbox 3073 1896 3255 1942; x_wconf 91' lang='lat' dir='ltr'><strong>tamen</strong></span> <span class='ocrx_word' id='word_1_393' title='bbox 3280 1888 3358 1942; x_wconf 93' lang='lat' dir='ltr'><strong>sic</strong></span> <span class='ocrx_word' id='word_1_394' title='bbox 3387 1887 3478 1942; x_wconf 88' lang='lat' dir='ltr'><strong>illa</strong></span> 
     </span>
    </p>
   </div>
   <div class='ocr_carea' id='block_1_50' title="bbox 1878 1975 3481 2048">
    <p class='ocr_par' dir='ltr' id='par_1_50' title="bbox 1878 1975 3481 2048">
     <span class='ocr_line' id='line_1_50' title="bbox 1878 1975 3481 2048; baseline 0.001 -18"><span class='ocrx_word' id='word_1_395' title='bbox 1878 1975 2037 2046; x_wconf 86' lang='lat' dir='ltr'><strong>Legis</strong></span> <span class='ocrx_word' id='word_1_396' title='bbox 2064 1986 2150 2032; x_wconf 91' lang='lat' dir='ltr'><strong>est</strong></span> <span class='ocrx_word' id='word_1_397' title='bbox 2172 1977 2330 2041; x_wconf 88' lang='lat' dir='ltr'><strong>fides,</strong></span> <span class='ocrx_word' id='word_1_398' title='bbox 2361 1977 2406 2031; x_wconf 90' lang='lat' dir='ltr'><strong>si</strong></span> <span class='ocrx_word' id='word_1_399' title='bbox 2442 1978 2490 2030; x_wconf 90' lang='lat' dir='ltr'><strong>ei</strong></span> <span class='ocrx_word' id='word_1_400' title='bbox 2531 1977 2757 2032; x_wconf 82' lang='lat' dir='ltr'><strong>accedat</strong></span> <span class='ocrx_word' id='word_1_401' title='bbox 2797 1977 2920 2032; x_wconf 89' lang='lat' dir='ltr'><strong>ﬁdei</strong></span> <span class='ocrx_word' id='word_1_402' title='bbox 2950 1977 3253 2048; x_wconf 91' lang='lat' dir='ltr'><strong>plenitudo.</strong></span> <span class='ocrx_word' id='word_1_403' title='bbox 3286 1978 3481 2033; x_wconf 87' lang='lat' dir='ltr'><strong>Merito</strong></span> 
     </span>
    </p>
   </div>
   <div class='ocr_carea' id='block_1_51' title="bbox 1871 2069 3472 2139">
    <p class='ocr_par' dir='ltr' id='par_1_51' title="bbox 1871 2069 3472 2139">
     <span class='ocr_line' id='line_1_51' title="bbox 1871 2069 3472 2139; baseline 0.001 -15"><span class='ocrx_word' id='word_1_404' title='bbox 1871 2084 2002 2138; x_wconf 88' lang='lat' dir='ltr'><strong>ergo</strong></span> <span class='ocrx_word' id='word_1_405' title='bbox 2033 2069 2164 2122; x_wconf 87' lang='lat' dir='ltr'><strong>ﬁdes</strong></span> <span class='ocrx_word' id='word_1_406' title='bbox 2191 2071 2290 2122; x_wconf 90' lang='lat' dir='ltr'><strong>ista</strong></span> <span class='ocrx_word' id='word_1_407' title='bbox 2317 2069 2472 2138; x_wconf 89' lang='lat' dir='ltr'><strong>quasi</strong></span> <span class='ocrx_word' id='word_1_408' title='bbox 2514 2070 2627 2122; x_wconf 88' lang='lat' dir='ltr'><strong>sola</strong></span> <span class='ocrx_word' id='word_1_409' title='bbox 2651 2069 2875 2132; x_wconf 92' lang='lat' dir='ltr'><strong>dicitur;</strong></span> <span class='ocrx_word' id='word_1_410' title='bbox 2918 2071 3042 2139; x_wconf 91' lang='lat' dir='ltr'><strong>quia</strong></span> <span class='ocrx_word' id='word_1_411' title='bbox 3101 2071 3188 2125; x_wconf 92' lang='lat' dir='ltr'><strong>illa</strong></span> <span class='ocrx_word' id='word_1_412' title='bbox 3223 2073 3341 2127; x_wconf 87' lang='lat' dir='ltr'><strong>sine</strong></span> <span class='ocrx_word' id='word_1_413' title='bbox 3369 2071 3472 2126; x_wconf 86' lang='lat' dir='ltr'><strong>hac</strong></span> 
     </span>
    </p>
   </div>
   <div class='ocr_carea' id='block_1_52' title="bbox 1873 2160 3474 2232">
    <p class='ocr_par' dir='ltr' id='par_1_52' title="bbox 1873 2160 3474 2232">
     <span class='ocr_line' id='line_1_52' title="bbox 1873 2160 3474 2232; baseline 0.002 -18"><span class='ocrx_word' id='word_1_414' title='bbox 1873 2161 2008 2215; x_wconf 91' lang='lat' dir='ltr'><strong>ﬁdes</strong></span> <span class='ocrx_word' id='word_1_415' title='bbox 2049 2176 2156 2214; x_wconf 91' lang='lat' dir='ltr'><strong>nou</strong></span> <span class='ocrx_word' id='word_1_416' title='bbox 2205 2169 2321 2224; x_wconf 87' lang='lat' dir='ltr'><strong>est,</strong></span> <span class='ocrx_word' id='word_1_417' title='bbox 2348 2160 2400 2214; x_wconf 88' lang='lat' dir='ltr'><strong>in</strong></span> <span class='ocrx_word' id='word_1_418' title='bbox 2427 2161 2527 2214; x_wconf 89' lang='lat' dir='ltr'><strong>hac</strong></span> <span class='ocrx_word' id='word_1_419' title='bbox 2548 2162 2919 2214; x_wconf 86' lang='lat' dir='ltr'><strong>conﬁrmatur.</strong></span> <span class='ocrx_word' id='word_1_420' title='bbox 2951 2163 3194 2232; x_wconf 89' lang='lat' dir='ltr'><strong>Denique</strong></span> <span class='ocrx_word' id='word_1_421' title='bbox 3223 2164 3312 2218; x_wconf 88' lang='lat' dir='ltr'><strong>ubi</strong></span> <span class='ocrx_word' id='word_1_422' title='bbox 3357 2164 3474 2218; x_wconf 77' lang='lat' dir='ltr'><strong>lucc</strong></span> 
     </span>
    </p>
   </div>
   <div class='ocr_carea' id='block_1_53' title="bbox 1871 2253 3476 2326">
    <p class='ocr_par' dir='ltr' id='par_1_53' title="bbox 1871 2253 3476 2326">
     <span class='ocr_line' id='line_1_53' title="bbox 1871 2253 3476 2326; baseline 0.002 -19"><span class='ocrx_word' id='word_1_423' title='bbox 1871 2254 2005 2308; x_wconf 86' lang='lat' dir='ltr'><strong>fides</strong></span> <span class='ocrx_word' id='word_1_424' title='bbox 2033 2255 2199 2316; x_wconf 86' lang='lat' dir='ltr'><strong>venit,</strong></span> <span class='ocrx_word' id='word_1_425' title='bbox 2227 2253 2510 2322; x_wconf 86' lang='lat' dir='ltr'><strong>plenitudo</strong></span> <span class='ocrx_word' id='word_1_426' title='bbox 2531 2255 2750 2308; x_wconf 84' lang='lat' dir='ltr'><strong>advenit</strong></span> <span class='ocrx_word' id='word_1_427' title='bbox 2773 2296 2786 2318; x_wconf 92' lang='lat'><strong>,</strong></span> <span class='ocrx_word' id='word_1_428' title='bbox 2812 2255 3032 2310; x_wconf 88' lang='lat' dir='ltr'><strong>advenit</strong></span> <span class='ocrx_word' id='word_1_429' title='bbox 3049 2256 3281 2310; x_wconf 79' lang='lat' dir='ltr'><strong>filiorum</strong></span> <span class='ocrx_word' id='word_1_430' title='bbox 3305 2258 3476 2326; x_wconf 84' lang='lat' dir='ltr'><strong>adep-</strong></span> 
     </span>
    </p>
   </div>
   <div class='ocr_carea' id='block_1_54' title="bbox 1872 2343 3478 2418">
    <p class='ocr_par' dir='ltr' id='par_1_54' title="bbox 1872 2343 3478 2418">
     <span class='ocr_line' id='line_1_54' title="bbox 1872 2343 3478 2418; baseline 0.003 -21"><span class='ocrx_word' id='word_1_431' title='bbox 1872 2345 1965 2410; x_wconf 87' lang='lat' dir='ltr'><strong>tio,</strong></span> <span class='ocrx_word' id='word_1_432' title='bbox 1991 2344 2218 2399; x_wconf 87' lang='lat' dir='ltr'><strong>cessavit</strong></span> <span class='ocrx_word' id='word_1_433' title='bbox 2253 2343 2562 2409; x_wconf 85' lang='lat' dir='ltr'><strong>inﬁrmitas,</strong></span> <span class='ocrx_word' id='word_1_434' title='bbox 2597 2345 2728 2400; x_wconf 90' lang='lat' dir='ltr'><strong>abiit</strong></span> <span class='ocrx_word' id='word_1_435' title='bbox 2761 2347 3004 2414; x_wconf 88' lang='lat' dir='ltr'><strong>infantia,</strong></span> <span class='ocrx_word' id='word_1_436' title='bbox 3053 2347 3106 2401; x_wconf 94' lang='lat' dir='ltr'><strong>in</strong></span> <span class='ocrx_word' id='word_1_437' title='bbox 3139 2348 3318 2401; x_wconf 90' lang='lat' dir='ltr'><strong>virum</strong></span> <span class='ocrx_word' id='word_1_438' title='bbox 3351 2364 3478 2418; x_wconf 87' lang='lat' dir='ltr'><strong>per-</strong></span> 
     </span>
    </p>
   </div>
   <div class='ocr_carea' id='block_1_55' title="bbox 1868 2437 3475 2507">
    <p class='ocr_par' dir='ltr' id='par_1_55' title="bbox 1868 2437 3475 2507">
     <span class='ocr_line' id='line_1_55' title="bbox 1868 2437 3475 2507; baseline 0.001 -14"><span class='ocrx_word' id='word_1_439' title='bbox 1868 2438 2068 2493; x_wconf 88' lang='lat' dir='ltr'><strong>fectum</strong></span> <span class='ocrx_word' id='word_1_440' title='bbox 2099 2438 2465 2507; x_wconf 90' lang='lat' dir='ltr'><strong>assurgimus,</strong></span> <span class='ocrx_word' id='word_1_441' title='bbox 2523 2437 2804 2494; x_wconf 88' lang='lat' dir='ltr'><strong>Christum</strong></span> <span class='ocrx_word' id='word_1_442' title='bbox 2844 2439 3138 2494; x_wconf 89' lang='lat' dir='ltr'><strong>induimus.</strong></span> <span class='ocrx_word' id='word_1_443' title='bbox 3187 2440 3475 2507; x_wconf 86' lang='lat' dir='ltr'><strong>Quomodo</strong></span> 
     </span>
    </p>
   </div>
   <div class='ocr_carea' id='block_1_56' title="bbox 1871 2529 3472 2602">
    <p class='ocr_par' dir='ltr' id='par_1_56' title="bbox 1871 2529 3472 2602">
     <span class='ocr_line' id='line_1_56' title="bbox 1871 2529 3472 2602; baseline -0.001 -17"><span class='ocrx_word' id='word_1_444' title='bbox 1871 2531 2034 2602; x_wconf 91' lang='lat' dir='ltr'><strong>igitur</strong></span> <span class='ocrx_word' id='word_1_445' title='bbox 2063 2529 2310 2584; x_wconf 90' lang='lat' dir='ltr'><strong>inﬁrmus</strong></span> <span class='ocrx_word' id='word_1_446' title='bbox 2334 2542 2390 2585; x_wconf 91' lang='lat' dir='ltr'><strong>et</strong></span> <span class='ocrx_word' id='word_1_447' title='bbox 2430 2531 2686 2599; x_wconf 85' lang='lat' dir='ltr'><strong>parvulus</strong></span> <span class='ocrx_word' id='word_1_448' title='bbox 2726 2546 2849 2586; x_wconf 91' lang='lat' dir='ltr'><strong>esse</strong></span> <span class='ocrx_word' id='word_1_449' title='bbox 2875 2540 3072 2600; x_wconf 86' lang='lat' dir='ltr'><strong>potest,</strong></span> <span class='ocrx_word' id='word_1_450' title='bbox 3108 2531 3162 2584; x_wconf 93' lang='lat' dir='ltr'><strong>in</strong></span> <span class='ocrx_word' id='word_1_451' title='bbox 3191 2548 3298 2602; x_wconf 91' lang='lat' dir='ltr'><strong>quo</strong></span> <span class='ocrx_word' id='word_1_452' title='bbox 3319 2531 3472 2586; x_wconf 89' lang='lat' dir='ltr'><strong>Chri-</strong></span> 
     </span>
    </p>
   </div>
   <div class='ocr_carea' id='block_1_57' title="bbox 1869 2623 3467 2694">
    <p class='ocr_par' dir='ltr' id='par_1_57' title="bbox 1869 2623 3467 2694">
     <span class='ocr_line' id='line_1_57' title="bbox 1869 2623 3467 2694; baseline 0.001 -16"><span class='ocrx_word' id='word_1_453' title='bbox 1869 2637 1984 2680; x_wconf 86' lang='lat' dir='ltr'><strong>stus</strong></span> <span class='ocrx_word' id='word_1_454' title='bbox 2006 2634 2091 2680; x_wconf 90' lang='lat' dir='ltr'><strong>est</strong></span> <span class='ocrx_word' id='word_1_455' title='bbox 2120 2624 2214 2680; x_wconf 90' lang='lat' dir='ltr'><strong>Dei</strong></span> <span class='ocrx_word' id='word_1_456' title='bbox 2239 2623 2455 2678; x_wconf 84' lang='lat' dir='ltr'><strong>virtus?</strong></span> <span class='ocrx_word' id='word_1_457' title='bbox 2485 2624 2629 2694; x_wconf 87' lang='lat' dir='ltr'><strong>Ergo</strong></span> <span class='ocrx_word' id='word_1_458' title='bbox 2659 2625 2725 2679; x_wconf 92' lang='lat' dir='ltr'><strong>ad</strong></span> <span class='ocrx_word' id='word_1_459' title='bbox 2772 2624 3162 2694; x_wconf 84' lang='lat' dir='ltr'><strong>perfectionem</strong></span> <span class='ocrx_word' id='word_1_460' title='bbox 3186 2626 3433 2680; x_wconf 85' lang='lat' dir='ltr'><strong>venimus</strong></span> <span class='ocrx_word' id='word_1_461' title='bbox 3452 2665 3467 2688; x_wconf 88' lang='lat'><strong>,</strong></span> 
     </span>
    </p>
   </div>
   <div class='ocr_carea' id='block_1_58' title="bbox 1870 2715 2888 2785">
    <p class='ocr_par' dir='ltr' id='par_1_58' title="bbox 1870 2715 2888 2785">
     <span class='ocr_line' id='line_1_58' title="bbox 1870 2715 2888 2785; baseline 0 -15"><span class='ocrx_word' id='word_1_462' title='bbox 1870 2715 2215 2784; x_wconf 85' lang='lat' dir='ltr'><strong>perfectionis</strong></span> <span class='ocrx_word' id='word_1_463' title='bbox 2243 2722 2515 2785; x_wconf 82' lang='lat' dir='ltr'><strong>praecepta</strong></span> <span class='ocrx_word' id='word_1_464' title='bbox 2555 2716 2888 2785; x_wconf 88' lang='lat' dir='ltr'><strong>accepimus.</strong></span> 
     </span>
    </p>
   </div>
   <div class='ocr_carea' id='block_1_59' title="bbox 1944 2807 3470 2880">
    <p class='ocr_par' dir='ltr' id='par_1_59' title="bbox 1944 2807 3470 2880">
     <span class='ocr_line' id='line_1_59' title="bbox 1944 2807 3470 2880; baseline 0.001 -19"><span class='ocrx_word' id='word_1_465' title='bbox 1944 2807 2032 2862; x_wconf 81' lang='lat' dir='ltr'><strong>l0.</strong></span> <span class='ocrx_word' id='word_1_466' title='bbox 2066 2807 2278 2862; x_wconf 87' lang='lat' dir='ltr'><strong>Audisti</strong></span> <span class='ocrx_word' id='word_1_467' title='bbox 2311 2807 2473 2862; x_wconf 88' lang='lat' dir='ltr'><strong>hodie</strong></span> <span class='ocrx_word' id='word_1_468' title='bbox 2501 2817 2523 2845; x_wconf 75' lang='grc' dir='ltr'><strong>ο</strong></span> <span class='ocrx_word' id='word_1_469' title='bbox 2550 2808 2749 2862; x_wconf 88' lang='lat' dir='ltr'><strong>lectum</strong></span> <span class='ocrx_word' id='word_1_470' title='bbox 2778 2827 2790 2862; x_wconf 89' lang='lat'>:</span> <span class='ocrx_word' id='word_1_471' title='bbox 2821 2807 2943 2862; x_wconf 85' lang='lat' dir='ltr'><strong>Non</strong></span> <span class='ocrx_word' id='word_1_472' title='bbox 2974 2826 3184 2879; x_wconf 84' lang='lat' dir='ltr'><strong>possum</strong></span> <span class='ocrx_word' id='word_1_473' title='bbox 3214 2826 3306 2880; x_wconf 85' lang='lat' dir='ltr'><strong>ego</strong></span> <span class='ocrx_word' id='word_1_474' title='bbox 3329 2824 3359 2862; x_wconf 91' lang='lat' dir='ltr'><strong>a</strong></span> <span class='ocrx_word' id='word_1_475' title='bbox 3387 2827 3470 2864; x_wconf 84' lang='lat' dir='ltr'><strong>me</strong></span> 
     </span>
    </p>
   </div>
   <div class='ocr_carea' id='block_1_60' title="bbox 1869 2901 3467 2973">
    <p class='ocr_par' dir='ltr' id='par_1_60' title="bbox 1869 2901 3467 2973">
     <span class='ocr_line' id='line_1_60' title="bbox 1869 2901 3467 2973; baseline 0.001 -19"><span class='ocrx_word' id='word_1_476' title='bbox 1869 2905 2041 2971; x_wconf 79' lang='lat' dir='ltr'><strong>facere</strong></span> <span class='ocrx_word' id='word_1_477' title='bbox 2067 2901 2343 2970; x_wconf 81' lang='lat' dir='ltr'><strong>quidquam</strong></span> <span class='ocrx_word' id='word_1_478' title='bbox 2369 2919 2386 2955; x_wconf 89' lang='lat'><strong><em>:</em></strong></span> <span class='ocrx_word' id='word_1_479' title='bbox 2416 2903 2549 2955; x_wconf 88' lang='lat' dir='ltr'><strong>sicut</strong></span> <span class='ocrx_word' id='word_1_480' title='bbox 2597 2902 2751 2954; x_wconf 81' lang='lat' dir='ltr'><strong>audio</strong></span> <span class='ocrx_word' id='word_1_481' title='bbox 2773 2942 2789 2967; x_wconf 94' lang='lat'><strong>,</strong></span> <span class='ocrx_word' id='word_1_482' title='bbox 2820 2902 2999 2971; x_wconf 84' lang='lat' dir='ltr'><strong>judico</strong></span> <span class='ocrx_word' id='word_1_483' title='bbox 3022 2901 3217 2972; x_wconf 84' lang='lat' dir='ltr'><strong>(Joan.</strong></span> <span class='ocrx_word' id='word_1_484' title='bbox 3241 2918 3295 2966; x_wconf 91' lang='lat' dir='ltr'><strong>v,</strong></span> <span class='ocrx_word' id='word_1_485' title='bbox 3334 2903 3404 2956; x_wconf 82' lang='grc'><strong>50</strong></span> <span class='ocrx_word' id='word_1_486' title='bbox 3425 2902 3467 2973; x_wconf 91' lang='grc'>).</span> 
     </span>
    </p>
   </div>
   <div class='ocr_carea' id='block_1_61' title="bbox 1867 2991 3472 3063">
    <p class='ocr_par' dir='ltr' id='par_1_61' title="bbox 1867 2991 3472 3063">
     <span class='ocr_line' id='line_1_61' title="bbox 1867 2991 3472 3063; baseline 0.002 -17"><span class='ocrx_word' id='word_1_487' title='bbox 1867 2991 2079 3046; x_wconf 80' lang='lat' dir='ltr'><strong>Audi5ti</strong></span> <span class='ocrx_word' id='word_1_488' title='bbox 2105 2993 2334 3047; x_wconf 90' lang='lat' dir='ltr'><strong>lectum:</strong></span> <span class='ocrx_word' id='word_1_489' title='bbox 2364 2993 2479 3063; x_wconf 82' lang='lat' dir='ltr'><strong>Ego</strong></span> <span class='ocrx_word' id='word_1_490' title='bbox 2505 3009 2610 3047; x_wconf 92' lang='lat' dir='ltr'><strong>non</strong></span> <span class='ocrx_word' id='word_1_491' title='bbox 2640 3007 2837 3048; x_wconf 87' lang='lat' dir='ltr'><strong>accuso</strong></span> <span class='ocrx_word' id='word_1_492' title='bbox 2864 3009 2980 3061; x_wconf 79' lang='lat' dir='ltr'><strong>vos,</strong></span> <span class='ocrx_word' id='word_1_493' title='bbox 3006 3008 3107 3062; x_wconf 86' lang='lat' dir='ltr'><strong>ego</strong></span> <span class='ocrx_word' id='word_1_494' title='bbox 3135 3010 3238 3048; x_wconf 91' lang='lat' dir='ltr'><strong>non</strong></span> <span class='ocrx_word' id='word_1_495' title='bbox 3257 2993 3472 3063; x_wconf 86' lang='lat' dir='ltr'><strong>judico.</strong></span> 
     </span>
    </p>
   </div>
   <div class='ocr_carea' id='block_1_62' title="bbox 1871 3085 3469 3159">
    <p class='ocr_par' dir='ltr' id='par_1_62' title="bbox 1871 3085 3469 3159">
     <span class='ocr_line' id='line_1_62' title="bbox 1871 3085 3469 3159; baseline 0.002 -20"><span class='ocrx_word' id='word_1_496' title='bbox 1871 3085 1982 3156; x_wconf 81' lang='lat' dir='ltr'><strong>L‘go</strong></span> <span class='ocrx_word' id='word_1_497' title='bbox 2011 3100 2116 3140; x_wconf 91' lang='lat' dir='ltr'><strong>non</strong></span> <span class='ocrx_word' id='word_1_498' title='bbox 2144 3101 2366 3153; x_wconf 91' lang='lat' dir='ltr'><strong>accuso,</strong></span> <span class='ocrx_word' id='word_1_499' title='bbox 2399 3087 2606 3158; x_wconf 80' lang='lat' dir='ltr'><strong>Moyses</strong></span> <span class='ocrx_word' id='word_1_500' title='bbox 2639 3103 2723 3140; x_wconf 87' lang='lat' dir='ltr'><strong>vos</strong></span> <span class='ocrx_word' id='word_1_501' title='bbox 2751 3096 2978 3149; x_wconf 85' lang='lat' dir='ltr'><strong>accusat,</strong></span> <span class='ocrx_word' id='word_1_502' title='bbox 3009 3088 3062 3140; x_wconf 89' lang='lat' dir='ltr'><strong>in</strong></span> <span class='ocrx_word' id='word_1_503' title='bbox 3098 3105 3244 3157; x_wconf 84' lang='lat' dir='ltr'><strong>quem</strong></span> <span class='ocrx_word' id='word_1_504' title='bbox 3287 3104 3469 3159; x_wconf 89' lang='lat' dir='ltr'><strong>spera-</strong></span> 
     </span>
    </p>
   </div>
   <div class='ocr_carea' id='block_1_63' title="bbox 158 3163 1763 3252">
    <p class='ocr_par' dir='ltr' id='par_1_63' title="bbox 158 3163 1758 3244">
     <span class='ocr_line' id='line_1_63' title="bbox 158 3163 1758 3244; baseline 0.005 -27"><span class='ocrx_word' id='word_1_505' title='bbox 158 3163 301 3218; x_wconf 90' lang='lat' dir='ltr'><strong>hona</strong></span> <span class='ocrx_word' id='word_1_506' title='bbox 355 3176 788 3231; x_wconf 87' lang='lat' dir='ltr'><strong>annumeratur,</strong></span> <span class='ocrx_word' id='word_1_507' title='bbox 837 3169 978 3221; x_wconf 91' lang='lat' dir='ltr'><strong>inter</strong></span> <span class='ocrx_word' id='word_1_508' title='bbox 1023 3169 1276 3224; x_wconf 89' lang='lat' dir='ltr'><strong>collatam</strong></span> <span class='ocrx_word' id='word_1_509' title='bbox 1337 3180 1494 3224; x_wconf 71' lang='lat' dir='ltr'><strong>terra:</strong></span> <span class='ocrx_word' id='word_1_510' title='bbox 1551 3173 1758 3244; x_wconf 78' lang='lat'><strong>1091</strong></span> 
     </span>
    </p>
   </div>
   <div class='ocr_carea' id='block_1_64' title="bbox 1873 3163 3470 3252">
    <p class='ocr_par' dir='ltr' id='par_1_64' title="bbox 1873 3177 3470 3252">
     <span class='ocr_line' id='line_1_64' title="bbox 1873 3177 3470 3252; baseline 0.001 -20"><span class='ocrx_word' id='word_1_511' title='bbox 1873 3179 1931 3233; x_wconf 87' lang='lat' dir='ltr'><strong>tis</strong></span> <span class='ocrx_word' id='word_1_512' title='bbox 1961 3178 2162 3247; x_wconf 86' lang='lat' dir='ltr'><strong>(lbid.,</strong></span> <span class='ocrx_word' id='word_1_513' title='bbox 2188 3177 2259 3232; x_wconf 73' lang='grc'><strong>45</strong></span> <span class='ocrx_word' id='word_1_514' title='bbox 2281 3178 2322 3248; x_wconf 94' lang='grc'>).</span> <span class='ocrx_word' id='word_1_515' title='bbox 2351 3180 2562 3234; x_wconf 78' lang='lat' dir='ltr'><strong>Audisti</strong></span> <span class='ocrx_word' id='word_1_516' title='bbox 2611 3180 2814 3233; x_wconf 89' lang='lat' dir='ltr'><strong>lectum</strong></span> <span class='ocrx_word' id='word_1_517' title='bbox 2850 3199 2862 3234; x_wconf 90' lang='lat'><strong>:</strong></span> <span class='ocrx_word' id='word_1_518' title='bbox 2896 3179 2957 3233; x_wconf 78' lang='lat' dir='ltr'><strong>Si</strong></span> <span class='ocrx_word' id='word_1_519' title='bbox 2983 3195 3077 3252; x_wconf 85' lang='lat' dir='ltr'><strong>ego</strong></span> <span class='ocrx_word' id='word_1_520' title='bbox 3126 3180 3470 3234; x_wconf 85' lang='lat' dir='ltr'><strong>testimonium</strong></span> 
     </span>
    </p>
   </div>
   <div class='ocr_carea' id='block_1_65' title="bbox 157 3259 1763 3331">
    <p class='ocr_par' dir='ltr' id='par_1_65' title="bbox 157 3259 1763 3331">
     <span class='ocr_line' id='line_1_65' title="bbox 157 3259 1763 3331; baseline 0.003 -18"><span class='ocrx_word' id='word_1_521' title='bbox 157 3259 486 3325; x_wconf 87' lang='lat' dir='ltr'><strong>ubertatem,</strong></span> <span class='ocrx_word' id='word_1_522' title='bbox 515 3267 572 3313; x_wconf 91' lang='lat' dir='ltr'><strong>et</strong></span> <span class='ocrx_word' id='word_1_523' title='bbox 596 3273 776 3313; x_wconf 91' lang='lat' dir='ltr'><strong>rorem</strong></span> <span class='ocrx_word' id='word_1_524' title='bbox 807 3259 931 3314; x_wconf 74' lang='grc' dir='ltr'><strong>εωιὶ</strong></span> <span class='ocrx_word' id='word_1_525' title='bbox 958 3275 988 3314; x_wconf 92' lang='lat' dir='ltr'><strong>a</strong></span> <span class='ocrx_word' id='word_1_526' title='bbox 1027 3276 1260 3316; x_wconf 88' lang='lat' dir='ltr'><strong>summo.</strong></span> <span class='ocrx_word' id='word_1_527' title='bbox 1290 3261 1397 3317; x_wconf 79' lang='lat' dir='ltr'><strong>Sed</strong></span> <span class='ocrx_word' id='word_1_528' title='bbox 1441 3263 1567 3331; x_wconf 89' lang='lat' dir='ltr'><strong>quia</strong></span> <span class='ocrx_word' id='word_1_529' title='bbox 1610 3265 1763 3318; x_wconf 81' lang='lat' dir='ltr'><strong>dixe-</strong></span> 
     </span>
    </p>
   </div>
   <div class='ocr_carea' id='block_1_66' title="bbox 158 3350 1763 3421">
    <p class='ocr_par' dir='ltr' id='par_1_66' title="bbox 158 3350 1763 3421">
     <span class='ocr_line' id='line_1_66' title="bbox 158 3350 1763 3421; baseline 0.002 -15"><span class='ocrx_word' id='word_1_530' title='bbox 158 3361 240 3406; x_wconf 87' lang='lat' dir='ltr'><strong>rat</strong></span> <span class='ocrx_word' id='word_1_531' title='bbox 270 3369 284 3404; x_wconf 91' lang='lat'><strong>:</strong></span> <span class='ocrx_word' id='word_1_532' title='bbox 317 3351 490 3420; x_wconf 87' lang='lat' dir='ltr'><strong>Super</strong></span> <span class='ocrx_word' id='word_1_533' title='bbox 517 3350 750 3421; x_wconf 86' lang='lat' dir='ltr'><strong>gladium</strong></span> <span class='ocrx_word' id='word_1_534' title='bbox 774 3362 917 3406; x_wconf 87' lang='lat' dir='ltr'><strong>tuum</strong></span> <span class='ocrx_word' id='word_1_535' title='bbox 943 3354 1105 3420; x_wconf 84' lang='lat' dir='ltr'><strong>vives;</strong></span> <span class='ocrx_word' id='word_1_536' title='bbox 1144 3369 1212 3410; x_wconf 90' lang='lat' dir='ltr'><strong>ne</strong></span> <span class='ocrx_word' id='word_1_537' title='bbox 1235 3355 1284 3409; x_wconf 88' lang='lat' dir='ltr'><strong>ei</strong></span> <span class='ocrx_word' id='word_1_538' title='bbox 1314 3355 1645 3410; x_wconf 84' lang='lat' dir='ltr'><strong>fortitudinis</strong></span> <span class='ocrx_word' id='word_1_539' title='bbox 1671 3367 1763 3410; x_wconf 90' lang='lat' dir='ltr'><strong>aut</strong></span> 
     </span>
    </p>
   </div>
   <div class='ocr_carea' id='block_1_67' title="bbox 156 3443 1762 3519">
    <p class='ocr_par' dir='ltr' id='par_1_67' title="bbox 156 3443 1762 3519">
     <span class='ocr_line' id='line_1_67' title="bbox 156 3443 1762 3519; baseline 0.005 -24"><span class='ocrx_word' id='word_1_540' title='bbox 156 3443 442 3513; x_wconf 89' lang='lat' dir='ltr'><strong>potestatis</strong></span> <span class='ocrx_word' id='word_1_541' title='bbox 468 3452 694 3498; x_wconf 90' lang='lat' dir='ltr'><strong>noceret</strong></span> <span class='ocrx_word' id='word_1_542' title='bbox 731 3446 1102 3516; x_wconf 71' lang='lat' dir='ltr'><strong>praesumptio,</strong></span> <span class='ocrx_word' id='word_1_543' title='bbox 1135 3446 1379 3502; x_wconf 89' lang='lat' dir='ltr'><strong>addidit:</strong></span> <span class='ocrx_word' id='word_1_544' title='bbox 1421 3448 1623 3503; x_wconf 84' lang='lat' dir='ltr'><strong>Servies</strong></span> <span class='ocrx_word' id='word_1_545' title='bbox 1652 3452 1762 3519; x_wconf 81' lang='lat' dir='ltr'><strong>[ra-</strong></span> 
     </span>
    </p>
   </div>
   <div class='ocr_carea' id='block_1_68' title="bbox 157 3537 1757 3606">
    <p class='ocr_par' dir='ltr' id='par_1_68' title="bbox 157 3537 1757 3606">
     <span class='ocr_line' id='line_1_68' title="bbox 157 3537 1757 3606; baseline 0.004 -16"><span class='ocrx_word' id='word_1_546' title='bbox 157 3537 225 3590; x_wconf 85' lang='lat' dir='ltr'><strong>tri</strong></span> <span class='ocrx_word' id='word_1_547' title='bbox 249 3546 374 3600; x_wconf 89' lang='lat' dir='ltr'><strong>tuo;</strong></span> <span class='ocrx_word' id='word_1_548' title='bbox 397 3543 457 3590; x_wconf 93' lang='lat' dir='ltr'><strong>ut</strong></span> <span class='ocrx_word' id='word_1_549' title='bbox 480 3545 536 3591; x_wconf 90' lang='lat' dir='ltr'><strong>et</strong></span> <span class='ocrx_word' id='word_1_550' title='bbox 567 3537 747 3592; x_wconf 88' lang='lat' dir='ltr'><strong>carnis</strong></span> <span class='ocrx_word' id='word_1_551' title='bbox 775 3538 982 3594; x_wconf 91' lang='lat' dir='ltr'><strong>fructus</strong></span> <span class='ocrx_word' id='word_1_552' title='bbox 1009 3541 1228 3606; x_wconf 89' lang='lat' dir='ltr'><strong>uberes,</strong></span> <span class='ocrx_word' id='word_1_553' title='bbox 1262 3554 1315 3596; x_wconf 91' lang='lat' dir='ltr'><strong>et</strong></span> <span class='ocrx_word' id='word_1_554' title='bbox 1355 3541 1552 3596; x_wconf 64' lang='lat' dir='ltr'><strong>divinae</strong></span> <span class='ocrx_word' id='word_1_555' title='bbox 1579 3558 1757 3597; x_wconf 89' lang='lat' dir='ltr'><strong>rorem</strong></span> 
     </span>
    </p>
   </div>
   <div class='ocr_carea' id='block_1_69' title="bbox 156 3627 1757 3704">
    <p class='ocr_par' dir='ltr' id='par_1_69' title="bbox 156 3627 1757 3704">
     <span class='ocr_line' id='line_1_69' title="bbox 156 3627 1757 3704; baseline 0.004 -22"><span class='ocrx_word' id='word_1_556' title='bbox 156 3627 476 3698; x_wconf 88' lang='lat' dir='ltr'><strong>adipiscaris</strong></span> <span class='ocrx_word' id='word_1_557' title='bbox 500 3630 707 3700; x_wconf 67' lang='lat' dir='ltr'><strong>gratiae,</strong></span> <span class='ocrx_word' id='word_1_558' title='bbox 738 3641 794 3686; x_wconf 92' lang='lat' dir='ltr'><strong>et</strong></span> <span class='ocrx_word' id='word_1_559' title='bbox 821 3646 943 3687; x_wconf 90' lang='lat' dir='ltr'><strong>ettm</strong></span> <span class='ocrx_word' id='word_1_560' title='bbox 985 3633 1263 3702; x_wconf 88' lang='lat' dir='ltr'><strong>sequaris,</strong></span> <span class='ocrx_word' id='word_1_561' title='bbox 1299 3634 1388 3704; x_wconf 91' lang='lat' dir='ltr'><strong>qui</strong></span> <span class='ocrx_word' id='word_1_562' title='bbox 1423 3632 1491 3688; x_wconf 90' lang='lat' dir='ltr'><strong>de</strong></span> <span class='ocrx_word' id='word_1_563' title='bbox 1518 3648 1617 3688; x_wconf 89' lang='lat' dir='ltr'><strong>suo</strong></span> <span class='ocrx_word' id='word_1_564' title='bbox 1657 3651 1757 3704; x_wconf 84' lang='lat' dir='ltr'><strong>gu-</strong></span> 
     </span>
    </p>
   </div>
   <div class='ocr_carea' id='block_1_70' title="bbox 158 3721 1546 3799">
    <p class='ocr_par' dir='ltr' id='par_1_70' title="bbox 158 3721 1546 3799">
     <span class='ocr_line' id='line_1_70' title="bbox 158 3721 1546 3799; baseline 0.009 -23"><span class='ocrx_word' id='word_1_565' title='bbox 158 3721 458 3777; x_wconf 87' lang='lat' dir='ltr'><strong>bernaculo</strong></span> <span class='ocrx_word' id='word_1_566' title='bbox 483 3734 656 3794; x_wconf 86' lang='lat' dir='ltr'><strong>regat.</strong></span> <span class='ocrx_word' id='word_1_567' title='bbox 1544 3797 1546 3799; x_wconf 19' lang='lat'><strong>;</strong></span> 
     </span>
    </p>
   </div>
   <div class='ocr_carea' id='block_1_71' title="bbox 234 3810 1757 3888">
    <p class='ocr_par' dir='ltr' id='par_1_71' title="bbox 234 3810 1757 3888">
     <span class='ocr_line' id='line_1_71' title="bbox 234 3810 1757 3888; baseline 0.004 -22"><span class='ocrx_word' id='word_1_568' title='bbox 234 3812 285 3866; x_wconf 83' lang='lat'><strong>7.</strong></span> <span class='ocrx_word' id='word_1_569' title='bbox 326 3810 434 3866; x_wconf 91' lang='lat' dir='ltr'><strong>Sed</strong></span> <span class='ocrx_word' id='word_1_570' title='bbox 460 3821 585 3869; x_wconf 93' lang='lat' dir='ltr'><strong>tunc</strong></span> <span class='ocrx_word' id='word_1_571' title='bbox 614 3815 718 3868; x_wconf 88' lang='lat' dir='ltr'><strong>erit</strong></span> <span class='ocrx_word' id='word_1_572' title='bbox 741 3814 907 3882; x_wconf 91' lang='lat' dir='ltr'><strong>istud,</strong></span> <span class='ocrx_word' id='word_1_573' title='bbox 934 3830 1054 3870; x_wconf 91' lang='lat' dir='ltr'><strong>cum</strong></span> <span class='ocrx_word' id='word_1_574' title='bbox 1078 3816 1396 3886; x_wconf 84' lang='lat' dir='ltr'><strong>deposueris</strong></span> <span class='ocrx_word' id='word_1_575' title='bbox 1423 3817 1610 3887; x_wconf 87' lang='lat' dir='ltr'><strong>jugum</strong></span> <span class='ocrx_word' id='word_1_576' title='bbox 1633 3818 1757 3888; x_wconf 90' lang='lat' dir='ltr'><strong>ejus</strong></span> 
     </span>
    </p>
   </div>
   <div class='ocr_carea' id='block_1_72' title="bbox 160 3904 1758 3970">
    <p class='ocr_par' dir='ltr' id='par_1_72' title="bbox 160 3904 1758 3970">
     <span class='ocr_line' id='line_1_72' title="bbox 160 3904 1758 3970; baseline 0.001 -9"><span class='ocrx_word' id='word_1_577' title='bbox 160 3921 190 3961; x_wconf 88' lang='lat' dir='ltr'><strong>a</strong></span> <span class='ocrx_word' id='word_1_578' title='bbox 214 3904 358 3961; x_wconf 88' lang='lat' dir='ltr'><strong>collo</strong></span> <span class='ocrx_word' id='word_1_579' title='bbox 388 3913 514 3970; x_wconf 89' lang='lat' dir='ltr'><strong>tuo;</strong></span> <span class='ocrx_word' id='word_1_580' title='bbox 547 3916 603 3960; x_wconf 93' lang='lat' dir='ltr'><strong>ut</strong></span> <span class='ocrx_word' id='word_1_581' title='bbox 634 3907 954 3963; x_wconf 72' lang='lat' dir='ltr'><strong>voluntaria:</strong></span> <span class='ocrx_word' id='word_1_582' title='bbox 995 3910 1278 3965; x_wconf 76' lang='lat' dir='ltr'><strong>servitutis</strong></span> <span class='ocrx_word' id='word_1_583' title='bbox 1325 3910 1632 3965; x_wconf 84' lang='lat' dir='ltr'><strong>mercedem</strong></span> <span class='ocrx_word' id='word_1_584' title='bbox 1664 3913 1758 3963; x_wconf 40' lang='lat' dir='ltr'><strong>ba”</strong></span> 
     </span>
    </p>
   </div>
   <div class='ocr_carea' id='block_1_73' title="bbox 157 3997 1755 4067">
    <p class='ocr_par' dir='ltr' id='par_1_73' title="bbox 157 3997 1755 4067">
     <span class='ocr_line' id='line_1_73' title="bbox 157 3997 1755 4067; baseline 0.001 -13"><span class='ocrx_word' id='word_1_585' title='bbox 157 3998 310 4064; x_wconf 91' lang='lat' dir='ltr'><strong>beas,</strong></span> <span class='ocrx_word' id='word_1_586' title='bbox 342 4011 448 4052; x_wconf 92' lang='lat' dir='ltr'><strong>non</strong></span> <span class='ocrx_word' id='word_1_587' title='bbox 477 3997 729 4067; x_wconf 90' lang='lat' dir='ltr'><strong>iujuriam</strong></span> <span class='ocrx_word' id='word_1_588' title='bbox 769 4000 966 4055; x_wconf 88' lang='lat' dir='ltr'><strong>subeas</strong></span> <span class='ocrx_word' id='word_1_589' title='bbox 1016 4002 1384 4056; x_wconf 86' lang='lat' dir='ltr'><strong>necessitatis.</strong></span> <span class='ocrx_word' id='word_1_590' title='bbox 1431 4001 1755 4056; x_wconf 83' lang='lat' dir='ltr'><strong>lnhonorata</strong></span> 
     </span>
    </p>
   </div>
   <div class='ocr_carea' id='block_1_74' title="bbox 157 4091 1751 4166">
    <p class='ocr_par' dir='ltr' id='par_1_74' title="bbox 157 4091 1751 4166">
     <span class='ocr_line' id='line_1_74' title="bbox 157 4091 1751 4166; baseline 0.001 -19"><span class='ocrx_word' id='word_1_591' title='bbox 157 4093 301 4148; x_wconf 90' lang='lat' dir='ltr'><strong>enim</strong></span> <span class='ocrx_word' id='word_1_592' title='bbox 336 4091 642 4161; x_wconf 90' lang='lat' dir='ltr'><strong>hujusmodi</strong></span> <span class='ocrx_word' id='word_1_593' title='bbox 682 4094 940 4158; x_wconf 82' lang='lat' dir='ltr'><strong>servitus,</strong></span> <span class='ocrx_word' id='word_1_594' title='bbox 971 4111 1091 4164; x_wconf 72' lang='lat' dir='ltr'><strong>qua:</strong></span> <span class='ocrx_word' id='word_1_595' title='bbox 1140 4097 1469 4151; x_wconf 78' lang='lat' dir='ltr'><strong>necessitate</strong></span> <span class='ocrx_word' id='word_1_596' title='bbox 1508 4097 1751 4166; x_wconf 89' lang='lat' dir='ltr'><strong>cogitur:</strong></span> 
     </span>
    </p>
   </div>
   <div class='ocr_carea' id='block_1_75' title="bbox 157 4187 1753 4259">
    <p class='ocr_par' dir='ltr' id='par_1_75' title="bbox 157 4187 1753 4259">
     <span class='ocr_line' id='line_1_75' title="bbox 157 4187 1753 4259; baseline 0.001 -17"><span class='ocrx_word' id='word_1_597' title='bbox 157 4187 421 4242; x_wconf 87' lang='lat' dir='ltr'><strong>honorata</strong></span> <span class='ocrx_word' id='word_1_598' title='bbox 444 4195 624 4242; x_wconf 79' lang='lat' dir='ltr'><strong>autem</strong></span> <span class='ocrx_word' id='word_1_599' title='bbox 647 4230 661 4252; x_wconf 94' lang='lat'><strong>,</strong></span> <span class='ocrx_word' id='word_1_600' title='bbox 693 4203 815 4258; x_wconf 82' lang='lat' dir='ltr'><strong>quae</strong></span> <span class='ocrx_word' id='word_1_601' title='bbox 835 4188 1032 4256; x_wconf 89' lang='lat' dir='ltr'><strong>pietate</strong></span> <span class='ocrx_word' id='word_1_602' title='bbox 1054 4189 1319 4244; x_wconf 86' lang='lat' dir='ltr'><strong>defertur.</strong></span> <span class='ocrx_word' id='word_1_603' title='bbox 1348 4189 1502 4244; x_wconf 89' lang='lat' dir='ltr'><strong>Unde</strong></span> <span class='ocrx_word' id='word_1_604' title='bbox 1531 4200 1753 4259; x_wconf 87' lang='lat' dir='ltr'><strong>aposto-</strong></span> 
     </span>
    </p>
   </div>
   <div class='ocr_carea' id='block_1_76' title="bbox 157 4279 1751 4352">
    <p class='ocr_par' dir='ltr' id='par_1_76' title="bbox 157 4279 1751 4352">
     <span class='ocr_line' id='line_1_76' title="bbox 157 4279 1751 4352; baseline -0.001 -16"><span class='ocrx_word' id='word_1_605' title='bbox 157 4282 240 4336; x_wconf 88' lang='lat' dir='ltr'><strong>lus</strong></span> <span class='ocrx_word' id='word_1_606' title='bbox 270 4301 282 4333; x_wconf 86' lang='lat'><strong>:</strong></span> <span class='ocrx_word' id='word_1_607' title='bbox 315 4280 378 4334; x_wconf 82' lang='lat' dir='ltr'><strong>Si</strong></span> <span class='ocrx_word' id='word_1_608' title='bbox 414 4279 585 4333; x_wconf 75' lang='lat' dir='ltr'><strong>volens</strong></span> <span class='ocrx_word' id='word_1_609' title='bbox 609 4279 706 4332; x_wconf 81' lang='lat' dir='ltr'><strong>hoc</strong></span> <span class='ocrx_word' id='word_1_610' title='bbox 725 4298 844 4352; x_wconf 72' lang='lat' dir='ltr'><strong>ago,</strong></span> <span class='ocrx_word' id='word_1_611' title='bbox 880 4281 1164 4334; x_wconf 84' lang='lat' dir='ltr'><strong>mercedem</strong></span> <span class='ocrx_word' id='word_1_612' title='bbox 1208 4281 1368 4335; x_wconf 85' lang='lat' dir='ltr'><strong>habeo</strong></span> <span class='ocrx_word' id='word_1_613' title='bbox 1411 4298 1428 4334; x_wconf 90' lang='lat'><em>:</em></span> <span class='ocrx_word' id='word_1_614' title='bbox 1453 4283 1494 4333; x_wconf 80' lang='lat' dir='ltr'><strong>si</strong></span> <span class='ocrx_word' id='word_1_615' title='bbox 1523 4282 1712 4335; x_wconf 70' lang='lat' dir='ltr'><strong>invitus</strong></span> <span class='ocrx_word' id='word_1_616' title='bbox 1736 4324 1751 4348; x_wconf 91' lang='lat'><strong>,</strong></span> 
     </span>
    </p>
   </div>
   <div class='ocr_carea' id='block_1_77' title="bbox 157 4372 1755 4445">
    <p class='ocr_par' dir='ltr' id='par_1_77' title="bbox 157 4372 1755 4445">
     <span class='ocr_line' id='line_1_77' title="bbox 157 4372 1755 4445; baseline 0.002 -19"><span class='ocrx_word' id='word_1_617' title='bbox 157 4373 470 4445; x_wconf 85' lang='lat' dir='ltr'><strong>dispensatio</strong></span> <span class='ocrx_word' id='word_1_618' title='bbox 499 4372 627 4426; x_wconf 84' lang='lat' dir='ltr'><strong>mihi</strong></span> <span class='ocrx_word' id='word_1_619' title='bbox 678 4374 870 4427; x_wconf 82' lang='lat' dir='ltr'><strong>credita</strong></span> <span class='ocrx_word' id='word_1_620' title='bbox 901 4383 975 4426; x_wconf 84' lang='lat' dir='ltr'><strong>est</strong></span> <span class='ocrx_word' id='word_1_621' title='bbox 1028 4373 1045 4443; x_wconf 92' lang='lat'><strong>(</strong></span> <span class='ocrx_word' id='word_1_622' title='bbox 1074 4374 1090 4427; x_wconf 90' lang='grc' dir='ltr'><strong>Ι</strong></span> <span class='ocrx_word' id='word_1_623' title='bbox 1117 4375 1236 4428; x_wconf 85' lang='lat' dir='ltr'><strong>Cor.</strong></span> <span class='ocrx_word' id='word_1_624' title='bbox 1270 4390 1346 4438; x_wconf 81' lang='lat' dir='ltr'><strong>nt,</strong></span> <span class='ocrx_word' id='word_1_625' title='bbox 1382 4375 1506 4444; x_wconf 80' lang='lat' dir='ltr'><strong>l7).</strong></span> <span class='ocrx_word' id='word_1_626' title='bbox 1561 4373 1755 4429; x_wconf 86' lang='lat' dir='ltr'><strong>Melius</strong></span> 
     </span>
    </p>
   </div>
   <div class='ocr_carea' id='block_1_78' title="bbox 156 4466 1751 4537">
    <p class='ocr_par' dir='ltr' id='par_1_78' title="bbox 156 4466 1751 4537">
     <span class='ocr_line' id='line_1_78' title="bbox 156 4466 1751 4537; baseline 0.001 -17"><span class='ocrx_word' id='word_1_627' title='bbox 156 4467 339 4537; x_wconf 79' lang='lat' dir='ltr'><strong>utique</strong></span> <span class='ocrx_word' id='word_1_628' title='bbox 364 4467 632 4522; x_wconf 88' lang='lat' dir='ltr'><strong>mercedis</strong></span> <span class='ocrx_word' id='word_1_629' title='bbox 662 4470 977 4536; x_wconf 76' lang='lat' dir='ltr'><strong>praemium,</strong></span> <span class='ocrx_word' id='word_1_630' title='bbox 1003 4482 1164 4537; x_wconf 88' lang='lat' dir='ltr'><strong>quam</strong></span> <span class='ocrx_word' id='word_1_631' title='bbox 1195 4466 1617 4536; x_wconf 84' lang='lat' dir='ltr'><strong>dispensationis</strong></span> <span class='ocrx_word' id='word_1_632' title='bbox 1649 4467 1751 4522; x_wconf 84' lang='lat' dir='ltr'><strong>ob-</strong></span> 
     </span>
    </p>
   </div>
   <div class='ocr_carea' id='block_1_79' title="bbox 1869 3271 3475 3343">
    <p class='ocr_par' dir='ltr' id='par_1_79' title="bbox 1869 3271 3475 3343">
     <span class='ocr_line' id='line_1_79' title="bbox 1869 3271 3475 3343; baseline 0.004 -21"><span class='ocrx_word' id='word_1_633' title='bbox 1869 3271 2170 3341; x_wconf 84' lang='lat' dir='ltr'><strong>perhibuero</strong></span> <span class='ocrx_word' id='word_1_634' title='bbox 2197 3271 2259 3326; x_wconf 89' lang='lat' dir='ltr'><strong>de</strong></span> <span class='ocrx_word' id='word_1_635' title='bbox 2286 3287 2365 3326; x_wconf 89' lang='lat' dir='ltr'><strong>me</strong></span> <span class='ocrx_word' id='word_1_636' title='bbox 2405 3272 2539 3343; x_wconf 85' lang='lat' dir='ltr'><strong>ipso,</strong></span> <span class='ocrx_word' id='word_1_637' title='bbox 2572 3273 2923 3327; x_wconf 86' lang='lat' dir='ltr'><strong>testimonium</strong></span> <span class='ocrx_word' id='word_1_638' title='bbox 2951 3290 3119 3328; x_wconf 87' lang='lat' dir='ltr'><strong>meum</strong></span> <span class='ocrx_word' id='word_1_639' title='bbox 3150 3291 3251 3328; x_wconf 89' lang='lat' dir='ltr'><strong>non</strong></span> <span class='ocrx_word' id='word_1_640' title='bbox 3278 3283 3354 3328; x_wconf 88' lang='lat' dir='ltr'><strong>est</strong></span> <span class='ocrx_word' id='word_1_641' title='bbox 3384 3290 3475 3329; x_wconf 86' lang='lat' dir='ltr'><strong>ve-</strong></span> 
     </span>
    </p>
   </div>
   <div class='ocr_carea' id='block_1_80' title="bbox 1867 3360 3466 3433">
    <p class='ocr_par' dir='ltr' id='par_1_80' title="bbox 1867 3360 3466 3433">
     <span class='ocr_line' id='line_1_80' title="bbox 1867 3360 3466 3433; baseline 0.006 -22"><span class='ocrx_word' id='word_1_642' title='bbox 1867 3376 1981 3413; x_wconf 87' lang='lat' dir='ltr'><strong>rum</strong></span> <span class='ocrx_word' id='word_1_643' title='bbox 2019 3360 2200 3429; x_wconf 83' lang='lat' dir='ltr'><strong>(Ibid.</strong></span> <span class='ocrx_word' id='word_1_644' title='bbox 2225 3404 2240 3428; x_wconf 92' lang='lat'><strong>,</strong></span> <span class='ocrx_word' id='word_1_645' title='bbox 2299 3361 2362 3417; x_wconf 73' lang='grc'>51</span> <span class='ocrx_word' id='word_1_646' title='bbox 2454 3361 2628 3417; x_wconf 87' lang='lat' dir='ltr'><strong>Didici</strong></span> <span class='ocrx_word' id='word_1_647' title='bbox 2669 3364 2847 3432; x_wconf 86' lang='lat' dir='ltr'><strong>qualis</strong></span> <span class='ocrx_word' id='word_1_648' title='bbox 2872 3364 3061 3433; x_wconf 78' lang='lat' dir='ltr'><strong>judex,</strong></span> <span class='ocrx_word' id='word_1_649' title='bbox 3097 3366 3275 3433; x_wconf 77' lang='lat' dir='ltr'><strong>qualis</strong></span> <span class='ocrx_word' id='word_1_650' title='bbox 3305 3367 3466 3420; x_wconf 86' lang='lat' dir='ltr'><strong>testis</strong></span> 
     </span>
    </p>
   </div>
   <div class='ocr_carea' id='block_1_81' title="bbox 1864 3452 3471 3526">
    <p class='ocr_par' dir='ltr' id='par_1_81' title="bbox 1864 3452 3471 3526">
     <span class='ocr_line' id='line_1_81' title="bbox 1864 3452 3471 3526; baseline 0.004 -20"><span class='ocrx_word' id='word_1_651' title='bbox 1864 3467 1986 3507; x_wconf 91' lang='lat' dir='ltr'><strong>esse</strong></span> <span class='ocrx_word' id='word_1_652' title='bbox 2013 3452 2262 3509; x_wconf 90' lang='lat' dir='ltr'><strong>debeam.</strong></span> <span class='ocrx_word' id='word_1_653' title='bbox 2294 3454 2412 3510; x_wconf 88' lang='lat' dir='ltr'><strong>Non</strong></span> <span class='ocrx_word' id='word_1_654' title='bbox 2449 3457 2596 3510; x_wconf 90' lang='lat' dir='ltr'><strong>enim</strong></span> <span class='ocrx_word' id='word_1_655' title='bbox 2642 3458 2797 3526; x_wconf 90' lang='lat' dir='ltr'><strong>quasi</strong></span> <span class='ocrx_word' id='word_1_656' title='bbox 2848 3457 3096 3512; x_wconf 90' lang='lat' dir='ltr'><strong>inﬁrmus</strong></span> <span class='ocrx_word' id='word_1_657' title='bbox 3142 3458 3273 3513; x_wconf 91' lang='lat' dir='ltr'><strong>dicit</strong></span> <span class='ocrx_word' id='word_1_658' title='bbox 3302 3477 3314 3513; x_wconf 91' lang='lat'>:</span> <span class='ocrx_word' id='word_1_659' title='bbox 3345 3457 3471 3513; x_wconf 82' lang='lat' dir='ltr'><strong>Non</strong></span> 
     </span>
    </p>
   </div>
   <div class='ocr_carea' id='block_1_82' title="bbox 1871 3545 3474 3620">
    <p class='ocr_par' dir='ltr' id='par_1_82' title="bbox 1871 3545 3474 3620">
     <span class='ocr_line' id='line_1_82' title="bbox 1871 3545 3474 3620; baseline 0 -16"><span class='ocrx_word' id='word_1_660' title='bbox 1871 3545 2080 3618; x_wconf 73' lang='lat'><strong>1092</strong></span> <span class='ocrx_word' id='word_1_661' title='bbox 2108 3565 2315 3618; x_wconf 84' lang='lat' dir='ltr'><strong>possunt</strong></span> <span class='ocrx_word' id='word_1_662' title='bbox 2345 3565 2438 3619; x_wconf 88' lang='lat' dir='ltr'><strong>ego</strong></span> <span class='ocrx_word' id='word_1_663' title='bbox 2469 3567 2501 3602; x_wconf 90' lang='lat' dir='ltr'><strong>a</strong></span> <span class='ocrx_word' id='word_1_664' title='bbox 2529 3565 2610 3604; x_wconf 87' lang='lat' dir='ltr'><strong>me</strong></span> <span class='ocrx_word' id='word_1_665' title='bbox 2641 3554 2814 3620; x_wconf 80' lang='lat' dir='ltr'><strong>facere</strong></span> <span class='ocrx_word' id='word_1_666' title='bbox 2835 3551 3152 3620; x_wconf 85' lang='lat' dir='ltr'><strong>quidquam:</strong></span> <span class='ocrx_word' id='word_1_667' title='bbox 3185 3549 3278 3605; x_wconf 89' lang='lat' dir='ltr'><strong>sed</strong></span> <span class='ocrx_word' id='word_1_668' title='bbox 3317 3551 3474 3606; x_wconf 75' lang='lat' dir='ltr'><strong>inﬁr~</strong></span> 
     </span>
    </p>
   </div>
   <div class='ocr_carea' id='block_1_83' title="bbox 1866 3638 3469 3708">
    <p class='ocr_par' dir='ltr' id='par_1_83' title="bbox 1866 3638 3469 3708">
     <span class='ocr_line' id='line_1_83' title="bbox 1866 3638 3469 3708; baseline 0.004 -20"><span class='ocrx_word' id='word_1_669' title='bbox 1866 3653 1985 3690; x_wconf 85' lang='lat' dir='ltr'><strong>ltlllS</strong></span> <span class='ocrx_word' id='word_1_670' title='bbox 2017 3638 2123 3700; x_wconf 83' lang='lat' dir='ltr'><strong>ille,</strong></span> <span class='ocrx_word' id='word_1_671' title='bbox 2153 3639 2346 3706; x_wconf 88' lang='lat' dir='ltr'><strong>quisic</strong></span> <span class='ocrx_word' id='word_1_672' title='bbox 2381 3640 2654 3708; x_wconf 87' lang='lat' dir='ltr'><strong>intelligit.</strong></span> <span class='ocrx_word' id='word_1_673' title='bbox 2690 3640 2834 3693; x_wconf 81' lang='lat' dir='ltr'><strong>Nihil</strong></span> <span class='ocrx_word' id='word_1_674' title='bbox 2871 3640 3087 3708; x_wconf 88' lang='lat' dir='ltr'><strong>quidem</strong></span> <span class='ocrx_word' id='word_1_675' title='bbox 3134 3640 3256 3694; x_wconf 90' lang='lat' dir='ltr'><strong>sine</strong></span> <span class='ocrx_word' id='word_1_676' title='bbox 3301 3639 3469 3696; x_wconf 86' lang='lat' dir='ltr'><strong>Patre</strong></span> 
     </span>
    </p>
   </div>
   <div class='ocr_carea' id='block_1_84' title="bbox 1863 3727 3455 3798">
    <p class='ocr_par' dir='ltr' id='par_1_84' title="bbox 1863 3727 3455 3798">
     <span class='ocr_line' id='line_1_84' title="bbox 1863 3727 3455 3798; baseline 0.003 -18"><span class='ocrx_word' id='word_1_677' title='bbox 1863 3727 1993 3783; x_wconf 90' lang='lat' dir='ltr'><strong>facit</strong></span> <span class='ocrx_word' id='word_1_678' title='bbox 2024 3728 2233 3792; x_wconf 88' lang='lat' dir='ltr'><strong>Filius;</strong></span> <span class='ocrx_word' id='word_1_679' title='bbox 2266 3731 2390 3798; x_wconf 90' lang='lat' dir='ltr'><strong>quia</strong></span> <span class='ocrx_word' id='word_1_680' title='bbox 2422 3730 2727 3784; x_wconf 89' lang='lat' dir='ltr'><strong>communis</strong></span> <span class='ocrx_word' id='word_1_681' title='bbox 2753 3731 3036 3797; x_wconf 81' lang='lat' dir='ltr'><strong>Operatio,</strong></span> <span class='ocrx_word' id='word_1_682' title='bbox 3075 3740 3130 3784; x_wconf 93' lang='lat' dir='ltr'><strong>et</strong></span> <span class='ocrx_word' id='word_1_683' title='bbox 3148 3730 3331 3783; x_wconf 89' lang='lat' dir='ltr'><strong>unitas</strong></span> <span class='ocrx_word' id='word_1_684' title='bbox 3357 3746 3455 3796; x_wconf 86' lang='lat' dir='ltr'><strong>po-</strong></span> 
     </span>
    </p>
   </div>
   <div class='ocr_carea' id='block_1_85' title="bbox 1865 3819 3462 3892">
    <p class='ocr_par' dir='ltr' id='par_1_85' title="bbox 1865 3819 3462 3892">
     <span class='ocr_line' id='line_1_85' title="bbox 1865 3819 3462 3892; baseline 0.003 -19"><span class='ocrx_word' id='word_1_685' title='bbox 1865 3820 2077 3875; x_wconf 91' lang='lat' dir='ltr'><strong>testatis</strong></span> <span class='ocrx_word' id='word_1_686' title='bbox 2115 3828 2231 3874; x_wconf 91' lang='lat' dir='ltr'><strong>est:</strong></span> <span class='ocrx_word' id='word_1_687' title='bbox 2271 3819 2364 3874; x_wconf 86' lang='lat' dir='ltr'><strong>sed</strong></span> <span class='ocrx_word' id='word_1_688' title='bbox 2411 3821 2514 3874; x_wconf 88' lang='lat' dir='ltr'><strong>hoc</strong></span> <span class='ocrx_word' id='word_1_689' title='bbox 2549 3820 2672 3874; x_wconf 93' lang='lat' dir='ltr'><strong>loco</strong></span> <span class='ocrx_word' id='word_1_690' title='bbox 2707 3823 2859 3890; x_wconf 87' lang='lat' dir='ltr'><strong>quasi</strong></span> <span class='ocrx_word' id='word_1_691' title='bbox 2897 3820 3062 3889; x_wconf 80' lang='lat' dir='ltr'><strong>judex</strong></span> <span class='ocrx_word' id='word_1_692' title='bbox 3096 3821 3358 3892; x_wconf 88' lang='lat' dir='ltr'><strong>loquitur,</strong></span> <span class='ocrx_word' id='word_1_693' title='bbox 3401 3833 3462 3877; x_wconf 93' lang='lat' dir='ltr'><strong>ut</strong></span> 
     </span>
    </p>
   </div>
   <div class='ocr_carea' id='block_1_86' title="bbox 1862 3912 3459 3982">
    <p class='ocr_par' dir='ltr' id='par_1_86' title="bbox 1862 3912 3459 3982">
     <span class='ocr_line' id='line_1_86' title="bbox 1862 3912 3459 3982; baseline 0 -14"><span class='ocrx_word' id='word_1_694' title='bbox 1862 3927 2252 3982; x_wconf 87' lang='lat' dir='ltr'><strong>cognoscamus</strong></span> <span class='ocrx_word' id='word_1_695' title='bbox 2281 3912 2526 3967; x_wconf 89' lang='lat' dir='ltr'><strong>homines</strong></span> <span class='ocrx_word' id='word_1_696' title='bbox 2551 3914 2602 3966; x_wconf 90' lang='lat' dir='ltr'><strong>in</strong></span> <span class='ocrx_word' id='word_1_697' title='bbox 2633 3913 2947 3981; x_wconf 87' lang='lat' dir='ltr'><strong>judicando,</strong></span> <span class='ocrx_word' id='word_1_698' title='bbox 2971 3913 3114 3981; x_wconf 85' lang='lat' dir='ltr'><strong>quod</strong></span> <span class='ocrx_word' id='word_1_699' title='bbox 3145 3929 3251 3968; x_wconf 92' lang='lat' dir='ltr'><strong>non</strong></span> <span class='ocrx_word' id='word_1_700' title='bbox 3274 3929 3338 3968; x_wconf 85' lang='lat' dir='ltr'><strong>ex</strong></span> <span class='ocrx_word' id='word_1_701' title='bbox 3363 3929 3459 3969; x_wconf 90' lang='lat' dir='ltr'><strong>vo-</strong></span> 
     </span>
    </p>
   </div>
   <div class='ocr_carea' id='block_1_87' title="bbox 1862 4005 3454 4074">
    <p class='ocr_par' dir='ltr' id='par_1_87' title="bbox 1862 4005 3454 4074">
     <span class='ocr_line' id='line_1_87' title="bbox 1862 4005 3454 4074; baseline 0.001 -14"><span class='ocrx_word' id='word_1_702' title='bbox 1862 4007 2068 4061; x_wconf 87' lang='lat' dir='ltr'><strong>luntate</strong></span> <span class='ocrx_word' id='word_1_703' title='bbox 2099 4013 2281 4060; x_wconf 89' lang='lat' dir='ltr'><strong>nostra</strong></span> <span class='ocrx_word' id='word_1_704' title='bbox 2310 4016 2365 4060; x_wconf 91' lang='lat' dir='ltr'><strong>et</strong></span> <span class='ocrx_word' id='word_1_705' title='bbox 2392 4014 2681 4074; x_wconf 82' lang='lat' dir='ltr'><strong>potestate,</strong></span> <span class='ocrx_word' id='word_1_706' title='bbox 2711 4005 2804 4058; x_wconf 90' lang='lat' dir='ltr'><strong>sed</strong></span> <span class='ocrx_word' id='word_1_707' title='bbox 2841 4020 2906 4059; x_wconf 83' lang='lat' dir='ltr'><strong>ex</strong></span> <span class='ocrx_word' id='word_1_708' title='bbox 2953 4007 3209 4074; x_wconf 65' lang='lat' dir='ltr'><strong>(equitate</strong></span> <span class='ocrx_word' id='word_1_709' title='bbox 3253 4006 3454 4062; x_wconf 87' lang='lat' dir='ltr'><strong>debea-</strong></span> 
     </span>
    </p>
   </div>
   <div class='ocr_carea' id='block_1_88' title="bbox 1863 4098 2620 4154">
    <p class='ocr_par' dir='ltr' id='par_1_88' title="bbox 1863 4098 2620 4154">
     <span class='ocr_line' id='line_1_88' title="bbox 1863 4098 2620 4154; baseline -0.003 0"><span class='ocrx_word' id='word_1_710' title='bbox 1863 4114 1985 4154; x_wconf 88' lang='lat' dir='ltr'><strong>mus</strong></span> <span class='ocrx_word' id='word_1_711' title='bbox 2010 4098 2245 4154; x_wconf 88' lang='lat' dir='ltr'><strong>formare</strong></span> <span class='ocrx_word' id='word_1_712' title='bbox 2272 4100 2620 4154; x_wconf 90' lang='lat' dir='ltr'><strong>sententiam.</strong></span> 
     </span>
    </p>
   </div>
   <div class='ocr_carea' id='block_1_89' title="bbox 1932 4190 3458 4260">
    <p class='ocr_par' dir='ltr' id='par_1_89' title="bbox 1932 4190 3458 4260">
     <span class='ocr_line' id='line_1_89' title="bbox 1932 4190 3458 4260; baseline 0.001 -15"><span class='ocrx_word' id='word_1_713' title='bbox 1932 4192 2020 4245; x_wconf 81' lang='lat' dir='ltr'><strong>ll.</strong></span> <span class='ocrx_word' id='word_1_714' title='bbox 2062 4190 2344 4244; x_wconf 85' lang='lat' dir='ltr'><strong>Constitue</strong></span> <span class='ocrx_word' id='word_1_715' title='bbox 2370 4190 2605 4258; x_wconf 88' lang='lat' dir='ltr'><strong>aliquem</strong></span> <span class='ocrx_word' id='word_1_716' title='bbox 2638 4203 2788 4243; x_wconf 89' lang='lat' dir='ltr'><strong>reum</strong></span> <span class='ocrx_word' id='word_1_717' title='bbox 2820 4199 3141 4260; x_wconf 89' lang='lat' dir='ltr'><strong>coargutum</strong></span> <span class='ocrx_word' id='word_1_718' title='bbox 3173 4200 3229 4246; x_wconf 92' lang='lat' dir='ltr'><strong>et</strong></span> <span class='ocrx_word' id='word_1_719' title='bbox 3267 4196 3458 4247; x_wconf 68' lang='lat' dir='ltr'><strong>convi~</strong></span> 
     </span>
    </p>
   </div>
   <div class='ocr_carea' id='block_1_90' title="bbox 1859 4280 3454 4352">
    <p class='ocr_par' dir='ltr' id='par_1_90' title="bbox 1859 4280 3454 4352">
     <span class='ocr_line' id='line_1_90' title="bbox 1859 4280 3454 4352; baseline -0.001 -14"><span class='ocrx_word' id='word_1_720' title='bbox 1859 4293 2004 4338; x_wconf 88' lang='lat' dir='ltr'><strong>ctum</strong></span> <span class='ocrx_word' id='word_1_721' title='bbox 2034 4282 2298 4346; x_wconf 90' lang='lat' dir='ltr'><strong>criminis,</strong></span> <span class='ocrx_word' id='word_1_722' title='bbox 2329 4296 2432 4336; x_wconf 92' lang='lat' dir='ltr'><strong>non</strong></span> <span class='ocrx_word' id='word_1_723' title='bbox 2464 4290 2796 4335; x_wconf 87' lang='lat' dir='ltr'><strong>astruentem</strong></span> <span class='ocrx_word' id='word_1_724' title='bbox 2827 4280 3164 4336; x_wconf 87' lang='lat' dir='ltr'><strong>defensionis</strong></span> <span class='ocrx_word' id='word_1_725' title='bbox 3210 4297 3408 4352; x_wconf 90' lang='lat' dir='ltr'><strong>genera</strong></span> <span class='ocrx_word' id='word_1_726' title='bbox 3439 4323 3454 4348; x_wconf 95' lang='lat'><strong>,</strong></span> 
     </span>
    </p>
   </div>
   <div class='ocr_carea' id='block_1_91' title="bbox 1858 4371 3458 4443">
    <p class='ocr_par' dir='ltr' id='par_1_91' title="bbox 1858 4371 3458 4443">
     <span class='ocr_line' id='line_1_91' title="bbox 1858 4371 3458 4443; baseline -0.001 -15"><span class='ocrx_word' id='word_1_727' title='bbox 1858 4374 1952 4430; x_wconf 89' lang='lat' dir='ltr'><strong>sed</strong></span> <span class='ocrx_word' id='word_1_728' title='bbox 1977 4373 2356 4443; x_wconf 90' lang='lat' dir='ltr'><strong>deprecantem</strong></span> <span class='ocrx_word' id='word_1_729' title='bbox 2389 4381 2444 4427; x_wconf 87' lang='lat' dir='ltr'><strong>et</strong></span> <span class='ocrx_word' id='word_1_730' title='bbox 2472 4371 2863 4426; x_wconf 87' lang='lat' dir='ltr'><strong>advolventem</strong></span> <span class='ocrx_word' id='word_1_731' title='bbox 2898 4387 2958 4428; x_wconf 90' lang='lat' dir='ltr'><strong>se</strong></span> <span class='ocrx_word' id='word_1_732' title='bbox 2989 4372 3053 4427; x_wconf 91' lang='lat' dir='ltr'><strong>ad</strong></span> <span class='ocrx_word' id='word_1_733' title='bbox 3105 4387 3278 4443; x_wconf 85' lang='lat' dir='ltr'><strong>genua</strong></span> <span class='ocrx_word' id='word_1_734' title='bbox 3307 4372 3458 4442; x_wconf 75' lang='lat' dir='ltr'><strong>judi—</strong></span> 
     </span>
    </p>
   </div>
   <div class='ocr_carea' id='block_1_92' title="bbox 1857 4462 3460 4534">
    <p class='ocr_par' dir='ltr' id='par_1_92' title="bbox 1857 4462 3460 4534">
     <span class='ocr_line' id='line_1_92' title="bbox 1857 4462 3460 4534; baseline -0.002 -13"><span class='ocrx_word' id='word_1_735' title='bbox 1857 4467 1966 4528; x_wconf 85' lang='lat' dir='ltr'><strong>cis;</strong></span> <span class='ocrx_word' id='word_1_736' title='bbox 2005 4462 2294 4533; x_wconf 85' lang='lat' dir='ltr'><strong>respondet</strong></span> <span class='ocrx_word' id='word_1_737' title='bbox 2336 4463 2384 4518; x_wconf 92' lang='lat' dir='ltr'><strong>ei</strong></span> <span class='ocrx_word' id='word_1_738' title='bbox 2442 4462 2647 4533; x_wconf 85' lang='lat' dir='ltr'><strong>judcx:</strong></span> <span class='ocrx_word' id='word_1_739' title='bbox 2679 4463 2798 4518; x_wconf 85' lang='lat' dir='ltr'><strong>Non</strong></span> <span class='ocrx_word' id='word_1_740' title='bbox 2832 4479 3056 4534; x_wconf 86' lang='lat' dir='ltr'><strong>possum</strong></span> <span class='ocrx_word' id='word_1_741' title='bbox 3087 4479 3114 4517; x_wconf 89' lang='lat' dir='ltr'><strong>a</strong></span> <span class='ocrx_word' id='word_1_742' title='bbox 3163 4479 3249 4518; x_wconf 90' lang='lat' dir='ltr'><strong>me</strong></span> <span class='ocrx_word' id='word_1_743' title='bbox 3280 4463 3460 4518; x_wconf 88' lang='lat' dir='ltr'><strong>facere</strong></span> 
     </span>
    </p>
   </div>
   <div class='ocr_carea' id='block_1_93' title="bbox 156 4545 3457 4628">
    <p class='ocr_par' dir='ltr' id='par_1_93' title="bbox 156 4545 3457 4628">
     <span class='ocr_line' id='line_1_93' title="bbox 156 4545 3457 4628; baseline -0.002 -14"><span class='ocrx_word' id='word_1_744' title='bbox 156 4559 399 4628; x_wconf 85' lang='lat' dir='ltr'><strong>sequium</strong></span> <span class='ocrx_word' id='word_1_745' title='bbox 431 4567 532 4613; x_wconf 90' lang='lat' dir='ltr'><strong>est.</strong></span> <span class='ocrx_word' id='word_1_746' title='bbox 561 4558 673 4613; x_wconf 83' lang='lat' dir='ltr'><strong>Nos</strong></span> <span class='ocrx_word' id='word_1_747' title='bbox 707 4560 868 4625; x_wconf 79' lang='lat' dir='ltr'><strong>igitur</strong></span> <span class='ocrx_word' id='word_1_748' title='bbox 891 4573 996 4613; x_wconf 91' lang='lat' dir='ltr'><strong>non</strong></span> <span class='ocrx_word' id='word_1_749' title='bbox 1045 4559 1422 4614; x_wconf 89' lang='lat' dir='ltr'><strong>contineamur</strong></span> <span class='ocrx_word' id='word_1_750' title='bbox 1468 4559 1750 4614; x_wconf 87' lang='lat' dir='ltr'><strong>servitutis</strong></span> <span class='ocrx_word' id='word_1_751' title='bbox 1776 4545 1830 4605; x_wconf 85' lang='lat' dir='ltr'><strong>D</strong></span> <span class='ocrx_word' id='word_1_752' title='bbox 1855 4557 2148 4628; x_wconf 90' lang='lat' dir='ltr'><strong>quidquam</strong></span> <span class='ocrx_word' id='word_1_753' title='bbox 2171 4573 2184 4620; x_wconf 94' lang='lat'><strong>;</strong></span> <span class='ocrx_word' id='word_1_754' title='bbox 2206 4556 2421 4625; x_wconf 86' lang='lat' dir='ltr'><strong>justitia</strong></span> <span class='ocrx_word' id='word_1_755' title='bbox 2454 4556 2506 4610; x_wconf 89' lang='lat' dir='ltr'><strong>in</strong></span> <span class='ocrx_word' id='word_1_756' title='bbox 2532 4555 2850 4625; x_wconf 76' lang='lat' dir='ltr'><strong>iudicando,</strong></span> <span class='ocrx_word' id='word_1_757' title='bbox 2883 4573 2986 4610; x_wconf 88' lang='lat' dir='ltr'><strong>non</strong></span> <span class='ocrx_word' id='word_1_758' title='bbox 3019 4557 3259 4625; x_wconf 89' lang='lat' dir='ltr'><strong>potentia</strong></span> <span class='ocrx_word' id='word_1_759' title='bbox 3297 4565 3378 4610; x_wconf 90' lang='lat' dir='ltr'><strong>est</strong></span> <span class='ocrx_word' id='word_1_760' title='bbox 3401 4556 3457 4610; x_wconf 90' lang='lat' dir='ltr'><strong>in</strong></span> 
     </span>
    </p>
   </div>
   <div class='ocr_carea' id='block_1_94' title="bbox 154 4651 1752 4722">
    <p class='ocr_par' dir='ltr' id='par_1_94' title="bbox 154 4651 1752 4722">
     <span class='ocr_line' id='line_1_94' title="bbox 154 4651 1752 4722; baseline 0.001 -18"><span class='ocrx_word' id='word_1_761' title='bbox 154 4653 320 4722; x_wconf 86' lang='lat' dir='ltr'><strong>jugo,</strong></span> <span class='ocrx_word' id='word_1_762' title='bbox 374 4652 468 4708; x_wconf 88' lang='lat' dir='ltr'><strong>sed</strong></span> <span class='ocrx_word' id='word_1_763' title='bbox 495 4652 760 4708; x_wconf 89' lang='lat' dir='ltr'><strong>charitate</strong></span> <span class='ocrx_word' id='word_1_764' title='bbox 815 4653 1041 4722; x_wconf 87' lang='lat' dir='ltr'><strong>spiritus</strong></span> <span class='ocrx_word' id='word_1_765' title='bbox 1076 4655 1418 4718; x_wconf 89' lang='lat' dir='ltr'><strong>serviamus;</strong></span> <span class='ocrx_word' id='word_1_766' title='bbox 1467 4653 1591 4722; x_wconf 89' lang='lat' dir='ltr'><strong>quia</strong></span> <span class='ocrx_word' id='word_1_767' title='bbox 1620 4651 1752 4707; x_wconf 90' lang='lat' dir='ltr'><strong>dicit</strong></span> 
     </span>
    </p>
   </div>
   <div class='ocr_carea' id='block_1_95' title="bbox 159 4744 1752 4816">
    <p class='ocr_par' dir='ltr' id='par_1_95' title="bbox 159 4744 1752 4816">
     <span class='ocr_line' id='line_1_95' title="bbox 159 4744 1752 4816; baseline -0.001 -17"><span class='ocrx_word' id='word_1_768' title='bbox 159 4746 467 4815; x_wconf 88' lang='lat' dir='ltr'><strong>apostolus:</strong></span> <span class='ocrx_word' id='word_1_769' title='bbox 501 4745 605 4800; x_wconf 87' lang='lat' dir='ltr'><strong>Per</strong></span> <span class='ocrx_word' id='word_1_770' title='bbox 627 4747 928 4802; x_wconf 69' lang='lat' dir='ltr'><strong>alacritatem</strong></span> <span class='ocrx_word' id='word_1_771' title='bbox 954 4748 1168 4816; x_wconf 87' lang='lat' dir='ltr'><strong>spiritus</strong></span> <span class='ocrx_word' id='word_1_772' title='bbox 1189 4747 1370 4801; x_wconf 80' lang='lat' dir='ltr'><strong>servile</strong></span> <span class='ocrx_word' id='word_1_773' title='bbox 1393 4748 1605 4800; x_wconf 85' lang='lat' dir='ltr'><strong>invicem</strong></span> <span class='ocrx_word' id='word_1_774' title='bbox 1621 4744 1752 4816; x_wconf 83' lang='lat' dir='ltr'><strong>(Ga-</strong></span> 
     </span>
    </p>
   </div>
   <div class='ocr_carea' id='block_1_96' title="bbox 160 4837 1749 4909">
    <p class='ocr_par' dir='ltr' id='par_1_96' title="bbox 160 4837 1749 4909">
     <span class='ocr_line' id='line_1_96' title="bbox 160 4837 1749 4909; baseline 0.001 -17"><span class='ocrx_word' id='word_1_775' title='bbox 160 4841 252 4892; x_wconf 86' lang='lat' dir='ltr'><strong>tat.</strong></span> <span class='ocrx_word' id='word_1_776' title='bbox 283 4852 335 4902; x_wconf 90' lang='lat' dir='ltr'><strong>v,</strong></span> <span class='ocrx_word' id='word_1_777' title='bbox 373 4837 495 4909; x_wconf 80' lang='grc'><strong>15).</strong></span> <span class='ocrx_word' id='word_1_778' title='bbox 529 4838 718 4894; x_wconf 85' lang='lat' dir='ltr'><strong>Timor</strong></span> <span class='ocrx_word' id='word_1_779' title='bbox 750 4840 886 4907; x_wconf 88' lang='lat' dir='ltr'><strong>legis</strong></span> <span class='ocrx_word' id='word_1_780' title='bbox 915 4847 1000 4894; x_wconf 87' lang='lat' dir='ltr'><strong>est</strong></span> <span class='ocrx_word' id='word_1_781' title='bbox 1024 4840 1265 4894; x_wconf 88' lang='lat' dir='ltr'><strong>charitas</strong></span> <span class='ocrx_word' id='word_1_782' title='bbox 1290 4840 1584 4908; x_wconf 85' lang='lat' dir='ltr'><strong>Evangelii.</strong></span> <span class='ocrx_word' id='word_1_783' title='bbox 1643 4839 1749 4893; x_wconf 89' lang='lat' dir='ltr'><strong>De-</strong></span> 
     </span>
    </p>
   </div>
   <div class='ocr_carea' id='block_1_97' title="bbox 159 4929 1750 5001">
    <p class='ocr_par' dir='ltr' id='par_1_97' title="bbox 159 4929 1750 5001">
     <span class='ocr_line' id='line_1_97' title="bbox 159 4929 1750 5001; baseline 0 -17"><span class='ocrx_word' id='word_1_784' title='bbox 159 4930 319 4998; x_wconf 86' lang='lat' dir='ltr'><strong>nique</strong></span> <span class='ocrx_word' id='word_1_785' title='bbox 345 4946 359 4982; x_wconf 85' lang='lat'><strong>:</strong></span> <span class='ocrx_word' id='word_1_786' title='bbox 390 4929 610 4982; x_wconf 80' lang='lat' dir='ltr'><strong>Initium</strong></span> <span class='ocrx_word' id='word_1_787' title='bbox 637 4931 901 5001; x_wconf 80' lang='lat' dir='ltr'><strong>sapientia:</strong></span> <span class='ocrx_word' id='word_1_788' title='bbox 922 4931 1074 4984; x_wconf 89' lang='lat' dir='ltr'><strong>timor</strong></span> <span class='ocrx_word' id='word_1_789' title='bbox 1101 4930 1342 4995; x_wconf 89' lang='lat' dir='ltr'><strong>Domini,</strong></span> <span class='ocrx_word' id='word_1_790' title='bbox 1367 4930 1632 4999; x_wconf 84' lang='lat' dir='ltr'><strong>plenitudo</strong></span> <span class='ocrx_word' id='word_1_791' title='bbox 1655 4946 1750 4984; x_wconf 86' lang='lat' dir='ltr'><strong>au-</strong></span> 
     </span>
    </p>
   </div>
   <div class='ocr_carea' id='block_1_98' title="bbox 159 5020 1750 5093">
    <p class='ocr_par' dir='ltr' id='par_1_98' title="bbox 159 5020 1750 5093">
     <span class='ocr_line' id='line_1_98' title="bbox 159 5020 1750 5093; baseline -0.001 -17"><span class='ocrx_word' id='word_1_792' title='bbox 159 5033 255 5076; x_wconf 87' lang='lat' dir='ltr'><strong>tem</strong></span> <span class='ocrx_word' id='word_1_793' title='bbox 290 5021 418 5091; x_wconf 79' lang='lat' dir='ltr'><strong>legis</strong></span> <span class='ocrx_word' id='word_1_794' title='bbox 452 5022 676 5075; x_wconf 85' lang='lat' dir='ltr'><strong>c/mritas</strong></span> <span class='ocrx_word' id='word_1_795' title='bbox 697 5020 935 5093; x_wconf 87' lang='lat' dir='ltr'><strong>(Eccles.</strong></span> <span class='ocrx_word' id='word_1_796' title='bbox 975 5037 1014 5087; x_wconf 87' lang='grc' dir='ltr'><strong>ι,</strong></span> <span class='ocrx_word' id='word_1_797' title='bbox 1049 5021 1116 5076; x_wconf 76' lang='grc'><strong>16</strong></span> <span class='ocrx_word' id='word_1_798' title='bbox 1139 5022 1182 5092; x_wconf 92' lang='grc'>).</span> <span class='ocrx_word' id='word_1_799' title='bbox 1216 5021 1420 5076; x_wconf 82' lang='lat' dir='ltr'><strong>Tamen</strong></span> <span class='ocrx_word' id='word_1_800' title='bbox 1448 5031 1501 5075; x_wconf 89' lang='lat' dir='ltr'><strong>et</strong></span> <span class='ocrx_word' id='word_1_801' title='bbox 1524 5023 1637 5090; x_wconf 83' lang='lat' dir='ltr'><strong>ipsa</strong></span> <span class='ocrx_word' id='word_1_802' title='bbox 1659 5021 1750 5075; x_wconf 82' lang='lat' dir='ltr'><strong>lex</strong></span> 
     </span>
    </p>
   </div>
   <div class='ocr_carea' id='block_1_99' title="bbox 159 5109 1754 5168">
    <p class='ocr_par' dir='ltr' id='par_1_99' title="bbox 159 5109 1754 5168">
     <span class='ocr_line' id='line_1_99' title="bbox 159 5109 1754 5168; baseline -0.001 -1"><span class='ocrx_word' id='word_1_803' title='bbox 159 5114 327 5168; x_wconf 87' lang='lat' dir='ltr'><strong>dicit:</strong></span> <span class='ocrx_word' id='word_1_804' title='bbox 362 5109 430 5165; x_wconf 91' lang='lat' dir='ltr'><strong>Et</strong></span> <span class='ocrx_word' id='word_1_805' title='bbox 462 5114 516 5166; x_wconf 87' lang='lat' dir='ltr'><strong>in</strong></span> <span class='ocrx_word' id='word_1_806' title='bbox 546 5113 640 5165; x_wconf 84' lang='lat' dir='ltr'><strong>hoc</strong></span> <span class='ocrx_word' id='word_1_807' title='bbox 682 5112 828 5166; x_wconf 80' lang='lat' dir='ltr'><strong>verbo</strong></span> <span class='ocrx_word' id='word_1_808' title='bbox 881 5129 1032 5166; x_wconf 89' lang='lat' dir='ltr'><strong>omne</strong></span> <span class='ocrx_word' id='word_1_809' title='bbox 1080 5112 1387 5166; x_wconf 88' lang='lat' dir='ltr'><strong>mandatum</strong></span> <span class='ocrx_word' id='word_1_810' title='bbox 1435 5113 1754 5165; x_wconf 88' lang='lat' dir='ltr'><strong>instauratur</strong></span> 
     </span>
    </p>
   </div>
   <div class='ocr_carea' id='block_1_100' title="bbox 162 5203 1756 5279">
    <p class='ocr_par' dir='ltr' id='par_1_100' title="bbox 162 5203 1756 5279">
     <span class='ocr_line' id='line_1_100' title="bbox 162 5203 1756 5279; baseline -0.003 -19"><span class='ocrx_word' id='word_1_811' title='bbox 162 5205 349 5279; x_wconf 79' lang='lat' dir='ltr'><strong>(Rom;</strong></span> <span class='ocrx_word' id='word_1_812' title='bbox 382 5221 501 5270; x_wconf 82' lang='lat' dir='ltr'><strong>xm,</strong></span> <span class='ocrx_word' id='word_1_813' title='bbox 531 5203 617 5276; x_wconf 88' lang='grc'><strong>8),</strong></span> <span class='ocrx_word' id='word_1_814' title='bbox 645 5214 694 5259; x_wconf 86' lang='lat' dir='ltr'><strong>et</strong></span> <span class='ocrx_word' id='word_1_815' title='bbox 724 5206 778 5259; x_wconf 88' lang='lat' dir='ltr'><strong>in</strong></span> <span class='ocrx_word' id='word_1_816' title='bbox 804 5206 902 5258; x_wconf 87' lang='lat' dir='ltr'><strong>isto</strong></span> <span class='ocrx_word' id='word_1_817' title='bbox 931 5221 1056 5270; x_wconf 89' lang='lat' dir='ltr'><strong>uno,</strong></span> <span class='ocrx_word' id='word_1_818' title='bbox 1091 5204 1286 5272; x_wconf 91' lang='lat' dir='ltr'><strong>inquit,</strong></span> <span class='ocrx_word' id='word_1_819' title='bbox 1316 5218 1547 5257; x_wconf 84' lang='lat' dir='ltr'><strong>sermone</strong></span> <span class='ocrx_word' id='word_1_820' title='bbox 1575 5203 1756 5274; x_wconf 86' lang='lat' dir='ltr'><strong>imple-</strong></span> 
     </span>
    </p>
   </div>
   <div class='ocr_carea' id='block_1_101' title="bbox 159 5294 1486 5368">
    <p class='ocr_par' dir='ltr' id='par_1_101' title="bbox 159 5294 1486 5368">
     <span class='ocr_line' id='line_1_101' title="bbox 159 5294 1486 5368; baseline -0.003 -15"><span class='ocrx_word' id='word_1_821' title='bbox 159 5309 238 5353; x_wconf 88' lang='lat' dir='ltr'><strong>tur</strong></span> <span class='ocrx_word' id='word_1_822' title='bbox 263 5315 280 5353; x_wconf 91' lang='lat'><strong><em>:</em></strong></span> <span class='ocrx_word' id='word_1_823' title='bbox 310 5297 508 5368; x_wconf 85' lang='lat' dir='ltr'><strong>Diliges</strong></span> <span class='ocrx_word' id='word_1_824' title='bbox 536 5297 830 5367; x_wconf 71' lang='lat' dir='ltr'><strong>proximum</strong></span> <span class='ocrx_word' id='word_1_825' title='bbox 854 5311 999 5352; x_wconf 85' lang='lat' dir='ltr'><strong>tuum</strong></span> <span class='ocrx_word' id='word_1_826' title='bbox 1027 5294 1240 5368; x_wconf 80' lang='lat' dir='ltr'><strong>(Galat.</strong></span> <span class='ocrx_word' id='word_1_827' title='bbox 1275 5311 1326 5359; x_wconf 81' lang='grc' dir='ltr'>ν,</span> <span class='ocrx_word' id='word_1_828' title='bbox 1357 5295 1422 5349; x_wconf 75' lang='grc'><strong>14</strong></span> <span class='ocrx_word' id='word_1_829' title='bbox 1441 5294 1486 5368; x_wconf 94' lang='grc'>).</span> 
     </span>
    </p>
   </div>
   <div class='ocr_carea' id='block_1_102' title="bbox 228 5387 1755 5460">
    <p class='ocr_par' dir='ltr' id='par_1_102' title="bbox 228 5387 1755 5460">
     <span class='ocr_line' id='line_1_102' title="bbox 228 5387 1755 5460; baseline -0.001 -16"><span class='ocrx_word' id='word_1_830' title='bbox 228 5390 280 5445; x_wconf 85' lang='grc'>8.</span> <span class='ocrx_word' id='word_1_831' title='bbox 326 5389 443 5444; x_wconf 87' lang='lat' dir='ltr'><strong>Hoc</strong></span> <span class='ocrx_word' id='word_1_832' title='bbox 469 5399 555 5444; x_wconf 89' lang='lat' dir='ltr'><strong>est</strong></span> <span class='ocrx_word' id='word_1_833' title='bbox 583 5389 744 5460; x_wconf 88' lang='lat' dir='ltr'><strong>igitur</strong></span> <span class='ocrx_word' id='word_1_834' title='bbox 764 5388 909 5458; x_wconf 92' lang='lat' dir='ltr'><strong>quod</strong></span> <span class='ocrx_word' id='word_1_835' title='bbox 944 5387 1329 5457; x_wconf 90' lang='lat' dir='ltr'><strong>proposuimus</strong></span> <span class='ocrx_word' id='word_1_836' title='bbox 1353 5430 1367 5452; x_wconf 93' lang='lat'><strong>,</strong></span> <span class='ocrx_word' id='word_1_837' title='bbox 1407 5388 1533 5457; x_wconf 90' lang='lat' dir='ltr'><strong>quia</strong></span> <span class='ocrx_word' id='word_1_838' title='bbox 1557 5387 1660 5442; x_wconf 91' lang='lat' dir='ltr'><strong>etsi</strong></span> <span class='ocrx_word' id='word_1_839' title='bbox 1689 5402 1755 5443; x_wconf 84' lang='lat' dir='ltr'><strong>ex</strong></span> 
     </span>
    </p>
   </div>
   <div class='ocr_carea' id='block_1_103' title="bbox 158 5481 1752 5556">
    <p class='ocr_par' dir='ltr' id='par_1_103' title="bbox 158 5481 1752 5556">
     <span class='ocr_line' id='line_1_103' title="bbox 158 5481 1752 5556; baseline -0.002 -15"><span class='ocrx_word' id='word_1_840' title='bbox 158 5485 274 5556; x_wconf 86' lang='lat' dir='ltr'><strong>lege</strong></span> <span class='ocrx_word' id='word_1_841' title='bbox 295 5484 551 5550; x_wconf 85' lang='lat' dir='ltr'><strong>servitus,</strong></span> <span class='ocrx_word' id='word_1_842' title='bbox 583 5492 760 5539; x_wconf 88' lang='lat' dir='ltr'><strong>tamen</strong></span> <span class='ocrx_word' id='word_1_843' title='bbox 801 5481 1105 5540; x_wconf 90' lang='lat' dir='ltr'><strong>secundum</strong></span> <span class='ocrx_word' id='word_1_844' title='bbox 1128 5482 1302 5553; x_wconf 90' lang='lat' dir='ltr'><strong>legem</strong></span> <span class='ocrx_word' id='word_1_845' title='bbox 1339 5482 1596 5544; x_wconf 87' lang='lat' dir='ltr'><strong>libertas;</strong></span> <span class='ocrx_word' id='word_1_846' title='bbox 1621 5483 1752 5539; x_wconf 83' lang='lat' dir='ltr'><strong>cha-</strong></span> 
     </span>
    </p>
   </div>
   <div class='ocr_carea' id='block_1_104' title="bbox 164 5617 1753 5694">
    <p class='ocr_par' dir='ltr' id='par_1_104' title="bbox 164 5617 1753 5694">
     <span class='ocr_line' id='line_1_104' title="bbox 164 5617 1753 5694; baseline -0.002 -18"><span class='ocrx_word' id='word_1_847' title='bbox 164 5620 419 5694; x_wconf 79' lang='lat' dir='ltr'><strong>nullipro</strong></span> <span class='ocrx_word' id='word_1_848' title='bbox 446 5618 572 5694; x_wconf 82' lang='lat' dir='ltr'><strong>Non</strong></span> <span class='ocrx_word' id='word_1_849' title='bbox 591 5635 712 5694; x_wconf 81' lang='lat' dir='ltr'><strong>ergo</strong></span> <span class='ocrx_word' id='word_1_850' title='bbox 736 5619 869 5694; x_wconf 83' lang='lat' dir='ltr'><strong>servi</strong></span> <span class='ocrx_word' id='word_1_851' title='bbox 892 5668 907 5691; x_wconf 83' lang='grc'><strong>,</strong></span> <span class='ocrx_word' id='word_1_852' title='bbox 940 5618 1127 5694; x_wconf 84' lang='lat' dir='ltr'><strong>legunt</strong></span> <span class='ocrx_word' id='word_1_853' title='bbox 1155 5617 1359 5694; x_wconf 69' lang='lat' dir='ltr'><strong>:_Nunc</strong></span> <span class='ocrx_word' id='word_1_854' title='bbox 1380 5636 1502 5692; x_wconf 83' lang='lat' dir='ltr'><strong>ergo</strong></span> <span class='ocrx_word' id='word_1_855' title='bbox 1523 5619 1753 5694; x_wconf 74' lang='lat' dir='ltr'><strong>serviet?</strong></span> 
     </span>
    </p>
   </div>
   <div class='ocr_carea' id='block_1_105' title="bbox 228 5690 1754 5764">
    <p class='ocr_par' dir='ltr' id='par_1_105' title="bbox 228 5690 1754 5764">
     <span class='ocr_line' id='line_1_105' title="bbox 228 5690 1754 5764; baseline -0.003 -16"><span class='ocrx_word' id='word_1_856' title='bbox 228 5701 251 5729; x_wconf 69' lang='grc' dir='ltr'><em>η</em></span> <span class='ocrx_word' id='word_1_857' title='bbox 280 5691 397 5748; x_wconf 87' lang='lat' dir='ltr'><strong>Non</strong></span> <span class='ocrx_word' id='word_1_858' title='bbox 423 5692 575 5762; x_wconf 90' lang='lat' dir='ltr'><strong>pauci</strong></span> <span class='ocrx_word' id='word_1_859' title='bbox 608 5690 762 5754; x_wconf 47' lang='lat' dir='ltr'><strong>mss“</strong></span> <span class='ocrx_word' id='word_1_860' title='bbox 789 5690 1088 5764; x_wconf 82' lang='lat' dir='ltr'><strong>degenerari</strong></span> <span class='ocrx_word' id='word_1_861' title='bbox 1117 5690 1294 5756; x_wconf 87' lang='lat' dir='ltr'><strong>vellet,</strong></span> <span class='ocrx_word' id='word_1_862' title='bbox 1319 5707 1378 5745; x_wconf 88' lang='lat' dir='ltr'><strong>ac</strong></span> <span class='ocrx_word' id='word_1_863' title='bbox 1402 5690 1632 5746; x_wconf 85' lang='lat' dir='ltr'><strong>servituti</strong></span> <span class='ocrx_word' id='word_1_864' title='bbox 1659 5691 1754 5746; x_wconf 88' lang='lat' dir='ltr'><strong>ad-</strong></span> 
     </span>
    </p>
   </div>
   <div class='ocr_carea' id='block_1_106' title="bbox 160 5765 356 5818">
    <p class='ocr_par' dir='ltr' id='par_1_106' title="bbox 160 5765 356 5818">
     <span class='ocr_line' id='line_1_106' title="bbox 160 5765 356 5818; baseline 0 -2"><span class='ocrx_word' id='word_1_865' title='bbox 160 5765 356 5818; x_wconf 73' lang='lat' dir='ltr'><strong>ducere.</strong></span> 
     </span>
    </p>
   </div>
   <div class='ocr_carea' id='block_1_107' title="bbox 1854 4646 3459 4719">
    <p class='ocr_par' dir='ltr' id='par_1_107' title="bbox 1854 4646 3459 4719">
     <span class='ocr_line' id='line_1_107' title="bbox 1854 4646 3459 4719; baseline -0.002 -14"><span class='ocrx_word' id='word_1_866' title='bbox 1854 4650 2173 4719; x_wconf 88' lang='lat' dir='ltr'><strong>judicando.</strong></span> <span class='ocrx_word' id='word_1_867' title='bbox 2203 4649 2314 4718; x_wconf 86' lang='lat' dir='ltr'><strong>Ego</strong></span> <span class='ocrx_word' id='word_1_868' title='bbox 2342 4665 2448 4703; x_wconf 91' lang='lat' dir='ltr'><strong>non</strong></span> <span class='ocrx_word' id='word_1_869' title='bbox 2474 4648 2684 4716; x_wconf 90' lang='lat' dir='ltr'><strong>judico,</strong></span> <span class='ocrx_word' id='word_1_870' title='bbox 2717 4650 2814 4704; x_wconf 90' lang='lat' dir='ltr'><strong>sed</strong></span> <span class='ocrx_word' id='word_1_871' title='bbox 2845 4649 2983 4703; x_wconf 84' lang='lat' dir='ltr'><strong>facta</strong></span> <span class='ocrx_word' id='word_1_872' title='bbox 3010 4658 3098 4702; x_wconf 85' lang='lat' dir='ltr'><strong>tua</strong></span> <span class='ocrx_word' id='word_1_873' title='bbox 3120 4646 3188 4701; x_wconf 92' lang='lat' dir='ltr'><strong>de</strong></span> <span class='ocrx_word' id='word_1_874' title='bbox 3218 4657 3269 4702; x_wconf 90' lang='lat' dir='ltr'><strong>te</strong></span> <span class='ocrx_word' id='word_1_875' title='bbox 3315 4647 3459 4716; x_wconf 91' lang='lat' dir='ltr'><strong>judi-</strong></span> 
     </span>
    </p>
   </div>
   <div class='ocr_carea' id='block_1_108' title="bbox 1862 4739 3458 4814">
    <p class='ocr_par' dir='ltr' id='par_1_108' title="bbox 1862 4739 3458 4814">
     <span class='ocr_line' id='line_1_108' title="bbox 1862 4739 3458 4814; baseline -0.002 -16"><span class='ocrx_word' id='word_1_876' title='bbox 1862 4754 2016 4798; x_wconf 91' lang='lat' dir='ltr'><strong>cant:</strong></span> <span class='ocrx_word' id='word_1_877' title='bbox 2043 4745 2157 4814; x_wconf 85' lang='lat' dir='ltr'><strong>ipsa</strong></span> <span class='ocrx_word' id='word_1_878' title='bbox 2185 4752 2235 4798; x_wconf 90' lang='lat' dir='ltr'><strong>te</strong></span> <span class='ocrx_word' id='word_1_879' title='bbox 2271 4752 2551 4806; x_wconf 87' lang='lat' dir='ltr'><strong>accusant,</strong></span> <span class='ocrx_word' id='word_1_880' title='bbox 2582 4750 2638 4796; x_wconf 89' lang='lat' dir='ltr'><strong>et</strong></span> <span class='ocrx_word' id='word_1_881' title='bbox 2663 4742 2778 4811; x_wconf 90' lang='lat' dir='ltr'><strong>ipsa</strong></span> <span class='ocrx_word' id='word_1_882' title='bbox 2802 4741 3190 4796; x_wconf 89' lang='lat' dir='ltr'><strong>condemnant.</strong></span> <span class='ocrx_word' id='word_1_883' title='bbox 3213 4739 3382 4808; x_wconf 80' lang='lat' dir='ltr'><strong>Leges</strong></span> <span class='ocrx_word' id='word_1_884' title='bbox 3405 4749 3458 4795; x_wconf 91' lang='lat' dir='ltr'><strong>te</strong></span> 
     </span>
    </p>
   </div>
   <div class='ocr_carea' id='block_1_109' title="bbox 1861 4831 3454 4906">
    <p class='ocr_par' dir='ltr' id='par_1_109' title="bbox 1861 4831 3454 4906">
     <span class='ocr_line' id='line_1_109' title="bbox 1861 4831 3454 4906; baseline -0.004 -15"><span class='ocrx_word' id='word_1_885' title='bbox 1861 4837 2193 4905; x_wconf 87' lang='lat' dir='ltr'><strong>adjudicant,</strong></span> <span class='ocrx_word' id='word_1_886' title='bbox 2233 4851 2369 4906; x_wconf 92' lang='lat' dir='ltr'><strong>quas</strong></span> <span class='ocrx_word' id='word_1_887' title='bbox 2391 4833 2556 4904; x_wconf 84' lang='lat' dir='ltr'><strong>judex</strong></span> <span class='ocrx_word' id='word_1_888' title='bbox 2585 4850 2696 4888; x_wconf 91' lang='lat' dir='ltr'><strong>non</strong></span> <span class='ocrx_word' id='word_1_889' title='bbox 2727 4842 3022 4901; x_wconf 79' lang='lat' dir='ltr'><strong>converto,</strong></span> <span class='ocrx_word' id='word_1_890' title='bbox 3054 4831 3152 4888; x_wconf 90' lang='lat' dir='ltr'><strong>sed</strong></span> <span class='ocrx_word' id='word_1_891' title='bbox 3183 4831 3454 4887; x_wconf 88' lang='lat' dir='ltr'><strong>custodio.</strong></span> 
     </span>
    </p>
   </div>
   <div class='ocr_carea' id='block_1_110' title="bbox 1861 4922 3459 4997">
    <p class='ocr_par' dir='ltr' id='par_1_110' title="bbox 1861 4922 3459 4997">
     <span class='ocr_line' id='line_1_110' title="bbox 1861 4922 3459 4997; baseline -0.003 -14"><span class='ocrx_word' id='word_1_892' title='bbox 1861 4927 2001 4983; x_wconf 87' lang='lat' dir='ltr'><strong>Nihil</strong></span> <span class='ocrx_word' id='word_1_893' title='bbox 2029 4943 2096 4983; x_wconf 81' lang='lat' dir='ltr'><strong>ex</strong></span> <span class='ocrx_word' id='word_1_894' title='bbox 2126 4943 2213 4983; x_wconf 92' lang='lat' dir='ltr'><strong>me</strong></span> <span class='ocrx_word' id='word_1_895' title='bbox 2239 4942 2340 4997; x_wconf 89' lang='lat' dir='ltr'><strong>ego</strong></span> <span class='ocrx_word' id='word_1_896' title='bbox 2364 4924 2614 4995; x_wconf 87' lang='lat' dir='ltr'><strong>profero,</strong></span> <span class='ocrx_word' id='word_1_897' title='bbox 2667 4925 2760 4980; x_wconf 86' lang='lat' dir='ltr'><strong>sed</strong></span> <span class='ocrx_word' id='word_1_898' title='bbox 2790 4940 2856 4979; x_wconf 82' lang='lat' dir='ltr'><strong>ex</strong></span> <span class='ocrx_word' id='word_1_899' title='bbox 2899 4932 2951 4980; x_wconf 91' lang='lat' dir='ltr'><strong>te</strong></span> <span class='ocrx_word' id='word_1_900' title='bbox 2982 4923 3158 4979; x_wconf 88' lang='lat' dir='ltr'><strong>forma</strong></span> <span class='ocrx_word' id='word_1_901' title='bbox 3179 4922 3368 4993; x_wconf 88' lang='lat' dir='ltr'><strong>judicii</strong></span> <span class='ocrx_word' id='word_1_902' title='bbox 3403 4925 3459 4978; x_wconf 92' lang='lat' dir='ltr'><strong>in</strong></span> 
     </span>
    </p>
   </div>
   <div class='ocr_carea' id='block_1_111' title="bbox 1865 5014 3463 5090">
    <p class='ocr_par' dir='ltr' id='par_1_111' title="bbox 1865 5014 3463 5090">
     <span class='ocr_line' id='line_1_111' title="bbox 1865 5014 3463 5090; baseline -0.006 -15"><span class='ocrx_word' id='word_1_903' title='bbox 1865 5031 1915 5076; x_wconf 93' lang='lat' dir='ltr'><strong>te</strong></span> <span class='ocrx_word' id='word_1_904' title='bbox 1948 5019 2215 5090; x_wconf 86' lang='lat' dir='ltr'><strong>procedit.</strong></span> <span class='ocrx_word' id='word_1_905' title='bbox 2243 5016 2552 5075; x_wconf 90' lang='lat' dir='ltr'><strong>Secundum</strong></span> <span class='ocrx_word' id='word_1_906' title='bbox 2574 5015 2722 5074; x_wconf 77' lang='lat' dir='ltr'><strong>quod</strong></span> <span class='ocrx_word' id='word_1_907' title='bbox 2751 5015 2911 5070; x_wconf 89' lang='lat' dir='ltr'><strong>audio</strong></span> <span class='ocrx_word' id='word_1_908' title='bbox 2932 5056 2945 5080; x_wconf 91' lang='lat'><strong>,</strong></span> <span class='ocrx_word' id='word_1_909' title='bbox 2981 5014 3191 5084; x_wconf 87' lang='lat' dir='ltr'><strong>judico,</strong></span> <span class='ocrx_word' id='word_1_910' title='bbox 3243 5027 3353 5068; x_wconf 94' lang='lat' dir='ltr'><strong>non</strong></span> <span class='ocrx_word' id='word_1_911' title='bbox 3373 5027 3463 5067; x_wconf 90' lang='lat' dir='ltr'><strong>se-</strong></span> 
     </span>
    </p>
   </div>
   <div class='ocr_carea' id='block_1_112' title="bbox 1859 5109 3458 5184">
    <p class='ocr_par' dir='ltr' id='par_1_112' title="bbox 1859 5109 3458 5184">
     <span class='ocr_line' id='line_1_112' title="bbox 1859 5109 3458 5184; baseline -0.006 -14"><span class='ocrx_word' id='word_1_912' title='bbox 1859 5113 2098 5170; x_wconf 88' lang='lat' dir='ltr'><strong>cundum</strong></span> <span class='ocrx_word' id='word_1_913' title='bbox 2125 5113 2267 5184; x_wconf 91' lang='lat' dir='ltr'><strong>quod</strong></span> <span class='ocrx_word' id='word_1_914' title='bbox 2291 5111 2413 5166; x_wconf 90' lang='lat' dir='ltr'><strong>volo</strong></span> <span class='ocrx_word' id='word_1_915' title='bbox 2437 5128 2451 5176; x_wconf 90' lang='lat'><strong>;</strong></span> <span class='ocrx_word' id='word_1_916' title='bbox 2475 5118 2531 5166; x_wconf 91' lang='lat' dir='ltr'><strong>et</strong></span> <span class='ocrx_word' id='word_1_917' title='bbox 2571 5109 2694 5164; x_wconf 92' lang='lat' dir='ltr'><strong>ideo</strong></span> <span class='ocrx_word' id='word_1_918' title='bbox 2737 5109 3001 5179; x_wconf 89' lang='lat' dir='ltr'><strong>judicium</strong></span> <span class='ocrx_word' id='word_1_919' title='bbox 3039 5122 3217 5162; x_wconf 92' lang='lat' dir='ltr'><strong>meum</strong></span> <span class='ocrx_word' id='word_1_920' title='bbox 3267 5121 3458 5161; x_wconf 85' lang='lat' dir='ltr'><strong>verum</strong></span> 
     </span>
    </p>
   </div>
   <div class='ocr_carea' id='block_1_113' title="bbox 1859 5199 3284 5278">
    <p class='ocr_par' dir='ltr' id='par_1_113' title="bbox 1859 5199 3284 5278">
     <span class='ocr_line' id='line_1_113' title="bbox 1859 5199 3284 5278; baseline -0.006 -15"><span class='ocrx_word' id='word_1_921' title='bbox 1859 5217 1963 5272; x_wconf 90' lang='lat' dir='ltr'><strong>est,</strong></span> <span class='ocrx_word' id='word_1_922' title='bbox 1999 5207 2126 5278; x_wconf 89' lang='lat' dir='ltr'><strong>quia</strong></span> <span class='ocrx_word' id='word_1_923' title='bbox 2157 5221 2263 5260; x_wconf 90' lang='lat' dir='ltr'><strong>non</strong></span> <span class='ocrx_word' id='word_1_924' title='bbox 2286 5203 2552 5259; x_wconf 82' lang='lat' dir='ltr'><strong>voluntati</strong></span> <span class='ocrx_word' id='word_1_925' title='bbox 2589 5202 2866 5272; x_wconf 88' lang='lat' dir='ltr'><strong>indulgeo,</strong></span> <span class='ocrx_word' id='word_1_926' title='bbox 2893 5201 2989 5257; x_wconf 90' lang='lat' dir='ltr'><strong>sed</strong></span> <span class='ocrx_word' id='word_1_927' title='bbox 3019 5199 3284 5271; x_wconf 84' lang='lat' dir='ltr'><strong>aequitati.</strong></span> 
     </span>
    </p>
   </div>
   <div class='ocr_carea' id='block_1_114' title="bbox 1932 5289 3465 5363">
    <p class='ocr_par' dir='ltr' id='par_1_114' title="bbox 1932 5289 3465 5363">
     <span class='ocr_line' id='line_1_114' title="bbox 1932 5289 3465 5363; baseline -0.003 -11"><span class='ocrx_word' id='word_1_928' title='bbox 1932 5298 2024 5352; x_wconf 77' lang='grc'><strong>12.</strong></span> <span class='ocrx_word' id='word_1_929' title='bbox 2067 5295 2494 5351; x_wconf 90' lang='lat' dir='ltr'><strong>Consideremus</strong></span> <span class='ocrx_word' id='word_1_930' title='bbox 2525 5295 2711 5363; x_wconf 87' lang='lat' dir='ltr'><strong>itaque</strong></span> <span class='ocrx_word' id='word_1_931' title='bbox 2741 5307 2862 5363; x_wconf 87' lang='lat' dir='ltr'><strong>quae</strong></span> <span class='ocrx_word' id='word_1_932' title='bbox 2886 5293 2958 5347; x_wconf 90' lang='lat' dir='ltr'><strong>sit</strong></span> <span class='ocrx_word' id='word_1_933' title='bbox 3003 5289 3284 5361; x_wconf 89' lang='lat' dir='ltr'><strong>judicandi</strong></span> <span class='ocrx_word' id='word_1_934' title='bbox 3331 5290 3465 5347; x_wconf 92' lang='lat' dir='ltr'><strong>reli-</strong></span> 
     </span>
    </p>
   </div>
   <div class='ocr_carea' id='block_1_115' title="bbox 1859 5385 3464 5462">
    <p class='ocr_par' dir='ltr' id='par_1_115' title="bbox 1859 5385 3464 5462">
     <span class='ocr_line' id='line_1_115' title="bbox 1859 5385 3464 5462; baseline -0.004 -15"><span class='ocrx_word' id='word_1_935' title='bbox 1859 5391 1970 5462; x_wconf 89' lang='lat' dir='ltr'><strong>gio.</strong></span> <span class='ocrx_word' id='word_1_936' title='bbox 2005 5390 2261 5444; x_wconf 89' lang='lat' dir='ltr'><strong>Dominus</strong></span> <span class='ocrx_word' id='word_1_937' title='bbox 2291 5389 2418 5445; x_wconf 87' lang='lat' dir='ltr'><strong>coeli</strong></span> <span class='ocrx_word' id='word_1_938' title='bbox 2446 5396 2609 5457; x_wconf 88' lang='lat' dir='ltr'><strong>atque</strong></span> <span class='ocrx_word' id='word_1_939' title='bbox 2629 5401 2897 5442; x_wconf 86' lang='lat' dir='ltr'><strong>terrarum</strong></span> <span class='ocrx_word' id='word_1_940' title='bbox 2924 5385 3088 5456; x_wconf 79' lang='lat' dir='ltr'><strong>judex</strong></span> <span class='ocrx_word' id='word_1_941' title='bbox 3114 5385 3358 5440; x_wconf 89' lang='lat' dir='ltr'><strong>omnium</strong></span> <span class='ocrx_word' id='word_1_942' title='bbox 3381 5386 3464 5442; x_wconf 85' lang='lat' dir='ltr'><strong>di-</strong></span> 
     </span>
    </p>
   </div>
   <div class='ocr_carea' id='block_1_116' title="bbox 1858 5480 3459 5556">
    <p class='ocr_par' dir='ltr' id='par_1_116' title="bbox 1858 5480 3459 5556">
     <span class='ocr_line' id='line_1_116' title="bbox 1858 5480 3459 5556; baseline -0.006 -14"><span class='ocrx_word' id='word_1_943' title='bbox 1858 5488 1968 5542; x_wconf 89' lang='lat' dir='ltr'><strong>cit:</strong></span> <span class='ocrx_word' id='word_1_944' title='bbox 2004 5483 2129 5539; x_wconf 88' lang='lat' dir='ltr'><strong>Non</strong></span> <span class='ocrx_word' id='word_1_945' title='bbox 2151 5500 2360 5556; x_wconf 87' lang='lat' dir='ltr'><strong>possum</strong></span> <span class='ocrx_word' id='word_1_946' title='bbox 2384 5501 2416 5537; x_wconf 90' lang='lat' dir='ltr'><strong>a</strong></span> <span class='ocrx_word' id='word_1_947' title='bbox 2460 5499 2542 5537; x_wconf 89' lang='lat' dir='ltr'><strong>me</strong></span> <span class='ocrx_word' id='word_1_948' title='bbox 2568 5485 2739 5552; x_wconf 77' lang='lat' dir='ltr'><strong>facere</strong></span> <span class='ocrx_word' id='word_1_949' title='bbox 2765 5481 3046 5552; x_wconf 84' lang='lat' dir='ltr'><strong>quidquam</strong></span> <span class='ocrx_word' id='word_1_950' title='bbox 3075 5497 3092 5534; x_wconf 90' lang='lat'><em>:</em></span> <span class='ocrx_word' id='word_1_951' title='bbox 3124 5480 3257 5534; x_wconf 85' lang='lat' dir='ltr'><strong>sicut</strong></span> <span class='ocrx_word' id='word_1_952' title='bbox 3279 5480 3459 5542; x_wconf 81' lang='lat' dir='ltr'><strong>audio,</strong></span> 
     </span>
    </p>
   </div>
   <div class='ocr_carea' id='block_1_117' title="bbox 1868 5616 3456 5690">
    <p class='ocr_par' dir='ltr' id='par_1_117' title="bbox 1868 5616 3456 5690">
     <span class='ocr_line' id='line_1_117' title="bbox 1868 5616 3456 5690; baseline -0.003 -16"><span class='ocrx_word' id='word_1_953' title='bbox 1868 5631 1873 5636; x_wconf 77' lang='lat'><strong>‘</strong></span> <span class='ocrx_word' id='word_1_954' title='bbox 1931 5617 2131 5674; x_wconf 75' lang='lat' dir='ltr'><strong>bRom.</strong></span> <span class='ocrx_word' id='word_1_955' title='bbox 2159 5616 2493 5690; x_wconf 70' lang='lat' dir='ltr'><strong>edit.,No&#39;poc</strong></span> <span class='ocrx_word' id='word_1_956' title='bbox 2518 5633 2658 5690; x_wconf 82' lang='lat' dir='ltr'><strong>ergo,</strong></span> <span class='ocrx_word' id='word_1_957' title='bbox 2677 5617 2734 5690; x_wconf 82' lang='lat' dir='ltr'><strong>id</strong></span> <span class='ocrx_word' id='word_1_958' title='bbox 2747 5626 2843 5680; x_wconf 84' lang='lat' dir='ltr'><strong>est,</strong></span> <span class='ocrx_word' id='word_1_959' title='bbox 2862 5617 2970 5672; x_wconf 73' lang='lat' dir='ltr'><strong>Lex</strong></span> <span class='ocrx_word' id='word_1_960' title='bbox 3006 5617 3319 5690; x_wconf 75' lang='lat' dir='ltr'><strong>pwdagogus</strong></span> <span class='ocrx_word' id='word_1_961' title='bbox 3332 5616 3456 5684; x_wconf 79' lang='lat' dir='ltr'><strong>fuit.</strong></span> 
     </span>
    </p>
   </div>
   <div class='ocr_carea' id='block_1_118' title="bbox 1935 5687 3458 5771">
    <p class='ocr_par' dir='ltr' id='par_1_118' title="bbox 1935 5687 3458 5771">
     <span class='ocr_line' id='line_1_118' title="bbox 1935 5687 3458 5771; baseline -0.003 -25"><span class='ocrx_word' id='word_1_962' title='bbox 1935 5691 2313 5771; x_wconf 36' lang='lat' dir='ltr'><strong>f‘Lectionem</strong></span> <span class='ocrx_word' id='word_1_963' title='bbox 2347 5687 2486 5771; x_wconf 57' lang='lat' dir='ltr'><strong>hanc</strong></span> <span class='ocrx_word' id='word_1_964' title='bbox 2514 5691 2564 5743; x_wconf 90' lang='lat' dir='ltr'><strong>iu</strong></span> <span class='ocrx_word' id='word_1_965' title='bbox 2600 5688 2857 5771; x_wconf 59' lang='lat' dir='ltr'><strong>Ecclesia:</strong></span> <span class='ocrx_word' id='word_1_966' title='bbox 2883 5687 3072 5771; x_wconf 56' lang='lat' dir='ltr'><strong>synasi</strong></span> <span class='ocrx_word' id='word_1_967' title='bbox 3101 5687 3302 5771; x_wconf 69' lang='lat' dir='ltr'><strong>factam</strong></span> <span class='ocrx_word' id='word_1_968' title='bbox 3333 5701 3458 5771; x_wconf 82' lang='lat' dir='ltr'><strong>esse</strong></span> 
     </span>
    </p>
   </div>
   <div class='ocr_carea' id='block_1_119' title="bbox 1862 5758 3414 5829">
    <p class='ocr_par' dir='ltr' id='par_1_119' title="bbox 1862 5758 3414 5829">
     <span class='ocr_line' id='line_1_119' title="bbox 1862 5758 3414 5829; baseline -0.003 -14"><span class='ocrx_word' id='word_1_969' title='bbox 1862 5761 2084 5817; x_wconf 87' lang='lat' dir='ltr'><strong>dubium</strong></span> <span class='ocrx_word' id='word_1_970' title='bbox 2110 5778 2213 5816; x_wconf 89' lang='lat' dir='ltr'><strong>non</strong></span> <span class='ocrx_word' id='word_1_971' title='bbox 2245 5769 2350 5816; x_wconf 90' lang='lat' dir='ltr'><strong>est.</strong></span> <span class='ocrx_word' id='word_1_972' title='bbox 2387 5763 2468 5815; x_wconf 85' lang='lat' dir='ltr'><strong>An</strong></span> <span class='ocrx_word' id='word_1_973' title='bbox 2492 5774 2619 5814; x_wconf 89' lang='lat' dir='ltr'><strong>vero</strong></span> <span class='ocrx_word' id='word_1_974' title='bbox 2640 5758 2930 5815; x_wconf 86' lang='lat' dir='ltr'><strong>Mediolani</strong></span> <span class='ocrx_word' id='word_1_975' title='bbox 2947 5802 2961 5829; x_wconf 92' lang='lat'><strong>,</strong></span> <span class='ocrx_word' id='word_1_976' title='bbox 2984 5759 3204 5816; x_wconf 91' lang='lat' dir='ltr'><strong>minime</strong></span> <span class='ocrx_word' id='word_1_977' title='bbox 3229 5759 3414 5828; x_wconf 88' lang='lat' dir='ltr'><strong>liquet.</strong></span> 
     </span>
    </p>
   </div>
  </div>
