  <div class='ocr_page' id='page_1' title='image "/cluster/home/n/w/nwhite01/storage/ocr_20150623/16/uva.x000826550/643.png"; bbox 0 0 4076 6172; ppageno 0'>
   <div class='ocr_carea' id='block_1_1' title="bbox 564 250 699 305">
    <p class='ocr_par' dir='ltr' id='par_1_1' title="bbox 564 250 699 305">
     <span class='ocr_line' id='line_1_1' title="bbox 564 250 699 305; baseline 0 0"><span class='ocrx_word' id='word_1_1' title='bbox 564 250 699 305; x_wconf 74' lang='grc'><strong>1271</strong></span> 
     </span>
    </p>
   </div>
   <div class='ocr_carea' id='block_1_2' title="bbox 1960 247 2572 306">
    <p class='ocr_par' dir='ltr' id='par_1_2' title="bbox 1960 247 2572 306">
     <span class='ocr_line' id='line_1_2' title="bbox 1960 247 2572 306; baseline 0.003 -4"><span class='ocrx_word' id='word_1_2' title='bbox 1960 247 2208 304; x_wconf 78' lang='lat' dir='ltr'><strong>SANCTI</strong></span> <span class='ocrx_word' id='word_1_3' title='bbox 2248 248 2572 306; x_wconf 80' lang='lat' dir='ltr'><strong>AMBROSII</strong></span> 
     </span>
    </p>
   </div>
   <div class='ocr_carea' id='block_1_3' title="bbox 3758 254 3921 317">
    <p class='ocr_par' dir='ltr' id='par_1_3' title="bbox 3758 254 3921 317">
     <span class='ocr_line' id='line_1_3' title="bbox 3758 254 3921 317; baseline 0.018 -3"><span class='ocrx_word' id='word_1_4' title='bbox 3758 256 3784 314; x_wconf 77' lang='grc'><strong>1</strong></span> <span class='ocrx_word' id='word_1_5' title='bbox 3798 254 3921 317; x_wconf 72' lang='grc'><strong>272</strong></span> 
     </span>
    </p>
   </div>
   <div class='ocr_carea' id='block_1_4' title="bbox 558 365 3921 447">
    <p class='ocr_par' dir='ltr' id='par_1_4' title="bbox 558 365 3921 447">
     <span class='ocr_line' id='line_1_4' title="bbox 558 365 3921 447; baseline 0.001 -23"><span class='ocrx_word' id='word_1_6' title='bbox 558 365 998 438; x_wconf 76' lang='lat' dir='ltr'><strong>Judaeis(Exod.</strong></span> <span class='ocrx_word' id='word_1_7' title='bbox 1032 380 1166 432; x_wconf 87' lang='lat' dir='ltr'><strong>xvn,</strong></span> <span class='ocrx_word' id='word_1_8' title='bbox 1207 366 1275 421; x_wconf 86' lang='grc'><strong>15</strong></span> <span class='ocrx_word' id='word_1_9' title='bbox 1314 373 1360 419; x_wconf 83' lang='lat' dir='ltr'><strong>et</strong></span> <span class='ocrx_word' id='word_1_10' title='bbox 1394 381 1500 435; x_wconf 89' lang='lat' dir='ltr'><strong>seq.</strong></span> <span class='ocrx_word' id='word_1_11' title='bbox 1530 367 1571 435; x_wconf 95' lang='lat'><strong>),</strong></span> <span class='ocrx_word' id='word_1_12' title='bbox 1605 373 1629 401; x_wconf 78' lang='grc' dir='ltr'>α</span> <span class='ocrx_word' id='word_1_13' title='bbox 1657 379 1758 420; x_wconf 91' lang='lat' dir='ltr'><strong>nec</strong></span> <span class='ocrx_word' id='word_1_14' title='bbox 1787 375 1946 420; x_wconf 69' lang='lat' dir='ltr'><strong>tantae</strong></span> <span class='ocrx_word' id='word_1_15' title='bbox 1978 365 2166 436; x_wconf 69' lang='lat' dir='ltr'><strong>gratia:</strong></span> <span class='ocrx_word' id='word_1_16' title='bbox 2194 373 2248 431; x_wconf 81' lang='grc' dir='ltr'><strong>Α</strong></span> <span class='ocrx_word' id='word_1_17' title='bbox 2270 380 2364 420; x_wconf 89' lang='lat' dir='ltr'><strong>rus</strong></span> <span class='ocrx_word' id='word_1_18' title='bbox 2389 366 2459 421; x_wconf 92' lang='lat' dir='ltr'><strong>de</strong></span> <span class='ocrx_word' id='word_1_19' title='bbox 2491 366 2776 436; x_wconf 91' lang='lat' dir='ltr'><strong>sepulcro;</strong></span> <span class='ocrx_word' id='word_1_20' title='bbox 2810 367 2998 424; x_wconf 91' lang='lat' dir='ltr'><strong>dicens</strong></span> <span class='ocrx_word' id='word_1_21' title='bbox 3020 368 3318 441; x_wconf 85' lang='lat' dir='ltr'><strong>paralytico</strong></span> <span class='ocrx_word' id='word_1_22' title='bbox 3351 389 3364 425; x_wconf 90' lang='lat'><strong>:</strong></span> <span class='ocrx_word' id='word_1_23' title='bbox 3401 371 3594 443; x_wconf 83' lang='lat' dir='ltr'><strong>Surge,</strong></span> <span class='ocrx_word' id='word_1_24' title='bbox 3627 373 3752 428; x_wconf 87' lang='lat' dir='ltr'><strong>tolle</strong></span> <span class='ocrx_word' id='word_1_25' title='bbox 3779 390 3921 447; x_wconf 82' lang='lat' dir='ltr'><strong>gra-</strong></span> 
     </span>
    </p>
   </div>
   <div class='ocr_carea' id='block_1_5' title="bbox 563 456 2172 528">
    <p class='ocr_par' dir='ltr' id='par_1_5' title="bbox 563 456 2172 528">
     <span class='ocr_line' id='line_1_5' title="bbox 563 456 2172 528; baseline -0.003 -11"><span class='ocrx_word' id='word_1_26' title='bbox 563 476 665 516; x_wconf 89' lang='lat' dir='ltr'><strong>nec</strong></span> <span class='ocrx_word' id='word_1_27' title='bbox 685 469 849 515; x_wconf 67' lang='lat' dir='ltr'><strong>tantae</strong></span> <span class='ocrx_word' id='word_1_28' title='bbox 867 458 1209 528; x_wconf 75' lang='lat' dir='ltr'><strong>operationis</strong></span> <span class='ocrx_word' id='word_1_29' title='bbox 1231 457 1447 527; x_wconf 89' lang='lat' dir='ltr'><strong>judices</strong></span> <span class='ocrx_word' id='word_1_30' title='bbox 1470 457 1538 513; x_wconf 94' lang='lat' dir='ltr'><strong>ad</strong></span> <span class='ocrx_word' id='word_1_31' title='bbox 1566 457 1796 512; x_wconf 81' lang='lat' dir='ltr'><strong>salutem</strong></span> <span class='ocrx_word' id='word_1_32' title='bbox 1821 458 1846 512; x_wconf 81' lang='lat' dir='ltr'><strong>l‘</strong></span> <span class='ocrx_word' id='word_1_33' title='bbox 1847 457 2012 514; x_wconf 90' lang='lat' dir='ltr'><strong>uisse.</strong></span> <span class='ocrx_word' id='word_1_34' title='bbox 2037 456 2172 512; x_wconf 93' lang='lat' dir='ltr'><strong>lllud</strong></span> 
     </span>
    </p>
   </div>
   <div class='ocr_carea' id='block_1_6' title="bbox 563 551 2170 622">
    <p class='ocr_par' dir='ltr' id='par_1_6' title="bbox 563 551 2170 622">
     <span class='ocr_line' id='line_1_6' title="bbox 563 551 2170 622; baseline -0.003 -12"><span class='ocrx_word' id='word_1_35' title='bbox 563 556 710 610; x_wconf 88' lang='lat' dir='ltr'><strong>enim</strong></span> <span class='ocrx_word' id='word_1_36' title='bbox 733 554 1059 622; x_wconf 89' lang='lat' dir='ltr'><strong>quicumque</strong></span> <span class='ocrx_word' id='word_1_37' title='bbox 1080 561 1410 622; x_wconf 85' lang='lat' dir='ltr'><strong>acceperunt</strong></span> <span class='ocrx_word' id='word_1_38' title='bbox 1432 553 1485 606; x_wconf 92' lang='lat' dir='ltr'><strong>in</strong></span> <span class='ocrx_word' id='word_1_39' title='bbox 1513 551 1761 617; x_wconf 84' lang='lat' dir='ltr'><strong>deserto,</strong></span> <span class='ocrx_word' id='word_1_40' title='bbox 1793 552 1993 607; x_wconf 82' lang='lat' dir='ltr'><strong>mortui</strong></span> <span class='ocrx_word' id='word_1_41' title='bbox 2020 563 2170 618; x_wconf 91' lang='lat' dir='ltr'><strong>sunt,</strong></span> 
     </span>
    </p>
   </div>
   <div class='ocr_carea' id='block_1_7' title="bbox 564 642 2177 716">
    <p class='ocr_par' dir='ltr' id='par_1_7' title="bbox 564 642 2177 716">
     <span class='ocr_line' id='line_1_7' title="bbox 564 642 2177 716; baseline -0.006 -15"><span class='ocrx_word' id='word_1_42' title='bbox 564 653 763 716; x_wconf 66' lang='lat' dir='ltr'><strong>praeter</strong></span> <span class='ocrx_word' id='word_1_43' title='bbox 779 643 964 698; x_wconf 86' lang='lat' dir='ltr'><strong>Jesum</strong></span> <span class='ocrx_word' id='word_1_44' title='bbox 979 643 1146 709; x_wconf 82' lang='lat' dir='ltr'><strong>Nave,</strong></span> <span class='ocrx_word' id='word_1_45' title='bbox 1162 655 1216 699; x_wconf 92' lang='lat' dir='ltr'><strong>et</strong></span> <span class='ocrx_word' id='word_1_46' title='bbox 1232 642 1397 700; x_wconf 91' lang='lat' dir='ltr'><strong>Caleb</strong></span> <span class='ocrx_word' id='word_1_47' title='bbox 1420 643 1610 714; x_wconf 80' lang='lat' dir='ltr'><strong>(Num.</strong></span> <span class='ocrx_word' id='word_1_48' title='bbox 1635 660 1804 710; x_wconf 81' lang='lat' dir='ltr'><strong>xxxn,</strong></span> <span class='ocrx_word' id='word_1_49' title='bbox 1823 643 1936 714; x_wconf 70' lang='lat'><strong>12):</strong></span> <span class='ocrx_word' id='word_1_50' title='bbox 1965 644 2177 715; x_wconf 75' lang='lat'><strong>1096</strong></span> 
     </span>
    </p>
   </div>
   <div class='ocr_carea' id='block_1_8' title="bbox 561 737 2176 806">
    <p class='ocr_par' dir='ltr' id='par_1_8' title="bbox 561 737 2176 806">
     <span class='ocr_line' id='line_1_8' title="bbox 561 737 2176 806; baseline -0.001 -14"><span class='ocrx_word' id='word_1_51' title='bbox 561 739 668 792; x_wconf 88' lang='lat' dir='ltr'><strong>hoc</strong></span> <span class='ocrx_word' id='word_1_52' title='bbox 695 746 1095 791; x_wconf 73' lang='lat' dir='ltr'><strong>sacramentum</strong></span> <span class='ocrx_word' id='word_1_53' title='bbox 1123 737 1449 806; x_wconf 90' lang='lat' dir='ltr'><strong>quicumque</strong></span> <span class='ocrx_word' id='word_1_54' title='bbox 1468 737 1791 806; x_wconf 76' lang='lat' dir='ltr'><strong>gustaverit,</strong></span> <span class='ocrx_word' id='word_1_55' title='bbox 1823 753 1933 791; x_wconf 91' lang='lat' dir='ltr'><strong>non</strong></span> <span class='ocrx_word' id='word_1_56' title='bbox 1975 739 2176 791; x_wconf 85' lang='lat' dir='ltr'><strong>morie—</strong></span> 
     </span>
    </p>
   </div>
   <div class='ocr_carea' id='block_1_9' title="bbox 570 827 2020 886">
    <p class='ocr_par' dir='ltr' id='par_1_9' title="bbox 570 827 2020 886">
     <span class='ocr_line' id='line_1_9' title="bbox 570 827 2020 886; baseline -0.003 -2"><span class='ocrx_word' id='word_1_57' title='bbox 570 838 660 885; x_wconf 86' lang='lat' dir='ltr'><strong>tur</strong></span> <span class='ocrx_word' id='word_1_58' title='bbox 685 829 736 884; x_wconf 92' lang='lat' dir='ltr'><strong>in</strong></span> <span class='ocrx_word' id='word_1_59' title='bbox 760 840 1047 886; x_wconf 75' lang='lat' dir='ltr'><strong>teternum.</strong></span> <span class='ocrx_word' id='word_1_60' title='bbox 1081 829 1248 886; x_wconf 88' lang='lat' dir='ltr'><strong>Sanet</strong></span> <span class='ocrx_word' id='word_1_61' title='bbox 1279 839 1332 884; x_wconf 90' lang='lat' dir='ltr'><strong>te</strong></span> <span class='ocrx_word' id='word_1_62' title='bbox 1370 829 1630 884; x_wconf 88' lang='lat' dir='ltr'><strong>Dominus</strong></span> <span class='ocrx_word' id='word_1_63' title='bbox 1653 829 1828 884; x_wconf 88' lang='lat' dir='ltr'><strong>Jesus.</strong></span> <span class='ocrx_word' id='word_1_64' title='bbox 1867 827 2020 882; x_wconf 83' lang='lat' dir='ltr'><strong>Vale.</strong></span> 
     </span>
    </p>
   </div>
   <div class='ocr_carea' id='block_1_10' title="bbox 1066 943 1666 1001">
    <p class='ocr_par' dir='ltr' id='par_1_10' title="bbox 1066 943 1666 1001">
     <span class='ocr_line' id='line_1_10' title="bbox 1066 943 1666 1001; baseline -0.002 -2"><span class='ocrx_word' id='word_1_65' title='bbox 1066 943 1405 1001; x_wconf 82' lang='lat' dir='ltr'><strong>EPISTOLA</strong></span> <span class='ocrx_word' id='word_1_66' title='bbox 1449 943 1666 1001; x_wconf 79' lang='lat' dir='ltr'><strong>LXXX.</strong></span> 
     </span>
    </p>
   </div>
   <div class='ocr_carea' id='block_1_11' title="bbox 570 1057 2176 1127">
    <p class='ocr_par' dir='ltr' id='par_1_11' title="bbox 570 1057 2176 1127">
     <span class='ocr_line' id='line_1_11' title="bbox 570 1057 2176 1127; baseline 0 -13"><span class='ocrx_word' id='word_1_67' title='bbox 570 1058 668 1114; x_wconf 90' lang='lat' dir='ltr'><strong>Ubi</strong></span> <span class='ocrx_word' id='word_1_68' title='bbox 691 1060 1010 1113; x_wconf 77' lang='lat' dir='ltr'><strong>curationem</strong></span> <span class='ocrx_word' id='word_1_69' title='bbox 1041 1058 1162 1112; x_wconf 76' lang='lat' dir='ltr'><strong>cwci</strong></span> <span class='ocrx_word' id='word_1_70' title='bbox 1188 1076 1221 1112; x_wconf 89' lang='lat' dir='ltr'><strong>a</strong></span> <span class='ocrx_word' id='word_1_71' title='bbox 1251 1059 1521 1112; x_wconf 88' lang='lat' dir='ltr'><strong>nativitate</strong></span> <span class='ocrx_word' id='word_1_72' title='bbox 1549 1057 1770 1113; x_wconf 87' lang='lat' dir='ltr'><strong>ostendit</strong></span> <span class='ocrx_word' id='word_1_73' title='bbox 1799 1059 1986 1112; x_wconf 74' lang='lat' dir='ltr'><strong>divina:</strong></span> <span class='ocrx_word' id='word_1_74' title='bbox 2016 1059 2176 1127; x_wconf 81' lang='lat' dir='ltr'><strong>fuisse</strong></span> 
     </span>
    </p>
   </div>
   <div class='ocr_carea' id='block_1_12' title="bbox 643 1151 2178 1222">
    <p class='ocr_par' dir='ltr' id='par_1_12' title="bbox 643 1151 2178 1222">
     <span class='ocr_line' id='line_1_12' title="bbox 643 1151 2178 1222; baseline 0.001 -17"><span class='ocrx_word' id='word_1_75' title='bbox 643 1152 910 1221; x_wconf 75' lang='lat' dir='ltr'><strong>potestatis</strong></span> <span class='ocrx_word' id='word_1_76' title='bbox 934 1191 949 1214; x_wconf 93' lang='lat'><strong>,</strong></span> <span class='ocrx_word' id='word_1_77' title='bbox 992 1151 1366 1220; x_wconf 86' lang='lat' dir='ltr'><strong>discipulorum</strong></span> <span class='ocrx_word' id='word_1_78' title='bbox 1409 1152 1858 1222; x_wconf 69' lang='lat' dir='ltr'><strong>interrogatione»:</strong></span> <span class='ocrx_word' id='word_1_79' title='bbox 1899 1151 2178 1221; x_wconf 82' lang='lat' dir='ltr'><strong>reprehen-</strong></span> 
     </span>
    </p>
   </div>
   <div class='ocr_carea' id='block_1_13' title="bbox 644 1242 2173 1314">
    <p class='ocr_par' dir='ltr' id='par_1_13' title="bbox 644 1242 2173 1314">
     <span class='ocr_line' id='line_1_13' title="bbox 644 1242 2173 1314; baseline 0.002 -19"><span class='ocrx_word' id='word_1_80' title='bbox 644 1243 752 1308; x_wconf 85' lang='lat' dir='ltr'><strong>dit;</strong></span> <span class='ocrx_word' id='word_1_81' title='bbox 781 1252 934 1314; x_wconf 87' lang='lat' dir='ltr'><strong>atque</strong></span> <span class='ocrx_word' id='word_1_82' title='bbox 964 1243 1241 1297; x_wconf 89' lang='lat' dir='ltr'><strong>nonnullas</strong></span> <span class='ocrx_word' id='word_1_83' title='bbox 1271 1242 1502 1310; x_wconf 81' lang='lat' dir='ltr'><strong>ejusdem</strong></span> <span class='ocrx_word' id='word_1_84' title='bbox 1532 1243 1763 1297; x_wconf 82' lang='lat' dir='ltr'><strong>historia:</strong></span> <span class='ocrx_word' id='word_1_85' title='bbox 1784 1252 1956 1314; x_wconf 88' lang='lat' dir='ltr'><strong>partes</strong></span> <span class='ocrx_word' id='word_1_86' title='bbox 1984 1259 2173 1298; x_wconf 85' lang='lat' dir='ltr'><strong>memo-</strong></span> 
     </span>
    </p>
   </div>
   <div class='ocr_carea' id='block_1_14' title="bbox 568 1336 1290 1405">
    <p class='ocr_par' dir='ltr' id='par_1_14' title="bbox 568 1336 1290 1405">
     <span class='ocr_line' id='line_1_14' title="bbox 568 1336 1290 1405; baseline 0.001 -18"><span class='ocrx_word' id='word_1_87' title='bbox 568 1367 571 1370; x_wconf 98' lang='lat'><strong><em>-</em></strong></span> <span class='ocrx_word' id='word_1_88' title='bbox 645 1344 726 1388; x_wconf 90' lang='lat' dir='ltr'><strong>rat</strong></span> <span class='ocrx_word' id='word_1_89' title='bbox 750 1344 797 1389; x_wconf 83' lang='lat' dir='ltr'><strong>et</strong></span> <span class='ocrx_word' id='word_1_90' title='bbox 829 1337 1012 1405; x_wconf 78' lang='lat' dir='ltr'><strong>paucis</strong></span> <span class='ocrx_word' id='word_1_91' title='bbox 1039 1336 1290 1390; x_wconf 75' lang='lat' dir='ltr'><strong>edisserit.</strong></span> 
     </span>
    </p>
   </div>
   <div class='ocr_carea' id='block_1_15' title="bbox 997 1449 1676 1507">
    <p class='ocr_par' dir='ltr' id='par_1_15' title="bbox 997 1449 1676 1507">
     <span class='ocr_line' id='line_1_15' title="bbox 997 1449 1676 1507; baseline 0 -2"><span class='ocrx_word' id='word_1_92' title='bbox 997 1449 1024 1487; x_wconf 66' lang='grc' dir='ltr'><strong>ι’</strong></span> <span class='ocrx_word' id='word_1_93' title='bbox 1067 1450 1369 1506; x_wconf 80' lang='lat' dir='ltr'><strong>Auanosws</strong></span> <span class='ocrx_word' id='word_1_94' title='bbox 1398 1451 1676 1507; x_wconf 83' lang='lat' dir='ltr'><strong>BELLICIO.</strong></span> 
     </span>
    </p>
   </div>
   <div class='ocr_carea' id='block_1_16' title="bbox 637 1564 2181 1638">
    <p class='ocr_par' dir='ltr' id='par_1_16' title="bbox 637 1564 2181 1638">
     <span class='ocr_line' id='line_1_16' title="bbox 637 1564 2181 1638; baseline 0.003 -20"><span class='ocrx_word' id='word_1_95' title='bbox 637 1566 691 1618; x_wconf 84' lang='grc'><strong>1.</strong></span> <span class='ocrx_word' id='word_1_96' title='bbox 712 1564 950 1630; x_wconf 85' lang='lat' dir='ltr'><strong>Audisti,</strong></span> <span class='ocrx_word' id='word_1_97' title='bbox 967 1564 1153 1630; x_wconf 83' lang='lat' dir='ltr'><strong>frater,</strong></span> <span class='ocrx_word' id='word_1_98' title='bbox 1172 1565 1464 1620; x_wconf 90' lang='lat' dir='ltr'><strong>lectionem</strong></span> <span class='ocrx_word' id='word_1_99' title='bbox 1486 1566 1783 1637; x_wconf 84' lang='lat' dir='ltr'><strong>Evangelii,</strong></span> <span class='ocrx_word' id='word_1_100' title='bbox 1802 1569 1854 1622; x_wconf 92' lang='lat' dir='ltr'><strong>in</strong></span> <span class='ocrx_word' id='word_1_101' title='bbox 1869 1584 1974 1638; x_wconf 87' lang='lat' dir='ltr'><strong>qua</strong></span> <span class='ocrx_word' id='word_1_102' title='bbox 1994 1569 2181 1626; x_wconf 86' lang='lat' dir='ltr'><strong>decur-</strong></span> 
     </span>
    </p>
   </div>
   <div class='ocr_carea' id='block_1_17' title="bbox 570 1659 2184 1733">
    <p class='ocr_par' dir='ltr' id='par_1_17' title="bbox 570 1659 2184 1733">
     <span class='ocr_line' id='line_1_17' title="bbox 570 1659 2184 1733; baseline 0.004 -21"><span class='ocrx_word' id='word_1_103' title='bbox 570 1672 690 1712; x_wconf 91' lang='lat' dir='ltr'><strong>sum</strong></span> <span class='ocrx_word' id='word_1_104' title='bbox 719 1666 803 1713; x_wconf 91' lang='lat' dir='ltr'><strong>est</strong></span> <span class='ocrx_word' id='word_1_105' title='bbox 829 1659 974 1728; x_wconf 90' lang='lat' dir='ltr'><strong>quod</strong></span> <span class='ocrx_word' id='word_1_106' title='bbox 1001 1659 1327 1728; x_wconf 68' lang='lat' dir='ltr'><strong>prmteriens</strong></span> <span class='ocrx_word' id='word_1_107' title='bbox 1359 1660 1617 1714; x_wconf 91' lang='lat' dir='ltr'><strong>Dominus</strong></span> <span class='ocrx_word' id='word_1_108' title='bbox 1638 1659 1798 1716; x_wconf 85' lang='lat' dir='ltr'><strong>Jesus</strong></span> <span class='ocrx_word' id='word_1_109' title='bbox 1819 1662 1953 1716; x_wconf 86' lang='lat' dir='ltr'><strong>vidit</strong></span> <span class='ocrx_word' id='word_1_110' title='bbox 1984 1674 2005 1701; x_wconf 78' lang='grc' dir='ltr'><strong>ο</strong></span> <span class='ocrx_word' id='word_1_111' title='bbox 2036 1678 2064 1717; x_wconf 93' lang='lat' dir='ltr'><strong>a</strong></span> <span class='ocrx_word' id='word_1_112' title='bbox 2092 1679 2184 1733; x_wconf 89' lang='lat' dir='ltr'><strong>ge-</strong></span> 
     </span>
    </p>
   </div>
   <div class='ocr_carea' id='block_1_18' title="bbox 2278 458 3913 536">
    <p class='ocr_par' dir='ltr' id='par_1_18' title="bbox 2278 458 3913 536">
     <span class='ocr_line' id='line_1_18' title="bbox 2278 458 3913 536; baseline 0.007 -25"><span class='ocrx_word' id='word_1_113' title='bbox 2278 459 2452 512; x_wconf 88' lang='lat' dir='ltr'><strong>batum</strong></span> <span class='ocrx_word' id='word_1_114' title='bbox 2475 469 2620 511; x_wconf 92' lang='lat' dir='ltr'><strong>tuum</strong></span> <span class='ocrx_word' id='word_1_115' title='bbox 2654 458 2860 527; x_wconf 81' lang='lat' dir='ltr'><strong>(Marc.</strong></span> <span class='ocrx_word' id='word_1_116' title='bbox 2890 475 2951 526; x_wconf 87' lang='grc' dir='ltr'><strong>ιι,</strong></span> <span class='ocrx_word' id='word_1_117' title='bbox 2995 463 3058 515; x_wconf 90' lang='grc'><strong>11</strong></span> <span class='ocrx_word' id='word_1_118' title='bbox 3086 461 3140 531; x_wconf 87' lang='grc'><strong>);</strong></span> <span class='ocrx_word' id='word_1_119' title='bbox 3172 472 3228 516; x_wconf 91' lang='lat' dir='ltr'><strong>et</strong></span> <span class='ocrx_word' id='word_1_120' title='bbox 3252 464 3494 520; x_wconf 79' lang='lat' dir='ltr'><strong>surrexit</strong></span> <span class='ocrx_word' id='word_1_121' title='bbox 3526 468 3872 536; x_wconf 79' lang='lat' dir='ltr'><strong>paralyticos</strong></span> <span class='ocrx_word' id='word_1_122' title='bbox 3893 509 3913 534; x_wconf 91' lang='lat'><strong>,</strong></span> 
     </span>
    </p>
   </div>
   <div class='ocr_carea' id='block_1_19' title="bbox 2277 551 3914 628">
    <p class='ocr_par' dir='ltr' id='par_1_19' title="bbox 2277 551 3914 628">
     <span class='ocr_line' id='line_1_19' title="bbox 2277 551 3914 628; baseline 0.006 -23"><span class='ocrx_word' id='word_1_123' title='bbox 2277 560 2333 605; x_wconf 94' lang='lat' dir='ltr'><strong>et</strong></span> <span class='ocrx_word' id='word_1_124' title='bbox 2383 551 2552 621; x_wconf 74' lang='lat' dir='ltr'><strong>coepit</strong></span> <span class='ocrx_word' id='word_1_125' title='bbox 2590 552 2873 621; x_wconf 80' lang='lat' dir='ltr'><strong>grabatum</strong></span> <span class='ocrx_word' id='word_1_126' title='bbox 2914 553 3032 622; x_wconf 89' lang='lat' dir='ltr'><strong>ipse</strong></span> <span class='ocrx_word' id='word_1_127' title='bbox 3081 564 3334 624; x_wconf 90' lang='lat' dir='ltr'><strong>portare,</strong></span> <span class='ocrx_word' id='word_1_128' title='bbox 3370 556 3423 610; x_wconf 92' lang='lat' dir='ltr'><strong>in</strong></span> <span class='ocrx_word' id='word_1_129' title='bbox 3470 573 3578 628; x_wconf 91' lang='lat' dir='ltr'><strong>quo</strong></span> <span class='ocrx_word' id='word_1_130' title='bbox 3618 568 3642 606; x_wconf 77' lang='grc' dir='ltr'>ε</span> <span class='ocrx_word' id='word_1_131' title='bbox 3685 558 3914 615; x_wconf 91' lang='lat' dir='ltr'><strong>solutus</strong></span> 
     </span>
    </p>
   </div>
   <div class='ocr_carea' id='block_1_20' title="bbox 2277 644 3909 723">
    <p class='ocr_par' dir='ltr' id='par_1_20' title="bbox 2277 644 3909 723">
     <span class='ocr_line' id='line_1_20' title="bbox 2277 644 3909 723; baseline 0.007 -25"><span class='ocrx_word' id='word_1_132' title='bbox 2277 644 2539 700; x_wconf 86' lang='lat' dir='ltr'><strong>membris</strong></span> <span class='ocrx_word' id='word_1_133' title='bbox 2582 646 2871 714; x_wconf 90' lang='lat' dir='ltr'><strong>omnibus,</strong></span> <span class='ocrx_word' id='word_1_134' title='bbox 2903 647 3264 718; x_wconf 89' lang='lat' dir='ltr'><strong>portabatur:</strong></span> <span class='ocrx_word' id='word_1_135' title='bbox 3291 651 3453 719; x_wconf 89' lang='lat' dir='ltr'><strong>quid,</strong></span> <span class='ocrx_word' id='word_1_136' title='bbox 3499 651 3752 723; x_wconf 90' lang='lat' dir='ltr'><strong>inquam,</strong></span> <span class='ocrx_word' id='word_1_137' title='bbox 3793 654 3909 709; x_wconf 89' lang='lat' dir='ltr'><strong>sibi</strong></span> 
     </span>
    </p>
   </div>
   <div class='ocr_carea' id='block_1_21' title="bbox 2281 737 3913 814">
    <p class='ocr_par' dir='ltr' id='par_1_21' title="bbox 2281 737 3913 814">
     <span class='ocr_line' id='line_1_21' title="bbox 2281 737 3913 814; baseline 0.009 -24"><span class='ocrx_word' id='word_1_138' title='bbox 2281 737 2419 802; x_wconf 83' lang='lat' dir='ltr'><strong>vult,</strong></span> <span class='ocrx_word' id='word_1_139' title='bbox 2450 738 2594 808; x_wconf 87' lang='lat' dir='ltr'><strong>quod</strong></span> <span class='ocrx_word' id='word_1_140' title='bbox 2625 741 2842 807; x_wconf 74' lang='lat' dir='ltr'><strong>exSpuit</strong></span> <span class='ocrx_word' id='word_1_141' title='bbox 2863 749 2917 796; x_wconf 91' lang='lat' dir='ltr'><strong>et</strong></span> <span class='ocrx_word' id='word_1_142' title='bbox 2947 740 3080 796; x_wconf 82' lang='lat' dir='ltr'><strong>fecit</strong></span> <span class='ocrx_word' id='word_1_143' title='bbox 3108 741 3306 810; x_wconf 88' lang='lat' dir='ltr'><strong>lutum,</strong></span> <span class='ocrx_word' id='word_1_144' title='bbox 3330 754 3385 797; x_wconf 89' lang='lat' dir='ltr'><strong>et</strong></span> <span class='ocrx_word' id='word_1_145' title='bbox 3406 749 3733 814; x_wconf 76' lang='lat' dir='ltr'><strong>super-unxit</strong></span> <span class='ocrx_word' id='word_1_146' title='bbox 3761 763 3913 804; x_wconf 88' lang='lat' dir='ltr'><strong>ocu-</strong></span> 
     </span>
    </p>
   </div>
   <div class='ocr_carea' id='block_1_22' title="bbox 2280 830 3911 913">
    <p class='ocr_par' dir='ltr' id='par_1_22' title="bbox 2280 830 3911 913">
     <span class='ocr_line' id='line_1_22' title="bbox 2280 830 3911 913; baseline 0.008 -28"><span class='ocrx_word' id='word_1_147' title='bbox 2280 830 2362 886; x_wconf 89' lang='lat' dir='ltr'><strong>los</strong></span> <span class='ocrx_word' id='word_1_148' title='bbox 2392 831 2523 886; x_wconf 72' lang='lat' dir='ltr'><strong>cmci</strong></span> <span class='ocrx_word' id='word_1_149' title='bbox 2548 873 2564 900; x_wconf 87' lang='lat'><strong>,</strong></span> <span class='ocrx_word' id='word_1_150' title='bbox 2619 840 2676 888; x_wconf 85' lang='lat' dir='ltr'><strong>et</strong></span> <span class='ocrx_word' id='word_1_151' title='bbox 2704 832 2840 888; x_wconf 74' lang='lat' dir='ltr'><strong>dixit</strong></span> <span class='ocrx_word' id='word_1_152' title='bbox 2869 833 2920 889; x_wconf 91' lang='lat' dir='ltr'><strong>ei</strong></span> <span class='ocrx_word' id='word_1_153' title='bbox 2952 853 2966 889; x_wconf 88' lang='lat'><strong>:</strong></span> <span class='ocrx_word' id='word_1_154' title='bbox 3009 834 3153 890; x_wconf 82' lang='lat' dir='ltr'><strong>Vade</strong></span> <span class='ocrx_word' id='word_1_155' title='bbox 3178 846 3227 891; x_wconf 77' lang='lat' dir='ltr'><strong>et.</strong></span> <span class='ocrx_word' id='word_1_156' title='bbox 3257 838 3372 892; x_wconf 84' lang='lat' dir='ltr'><strong>lava</strong></span> <span class='ocrx_word' id='word_1_157' title='bbox 3403 839 3456 892; x_wconf 90' lang='lat' dir='ltr'><strong>in</strong></span> <span class='ocrx_word' id='word_1_158' title='bbox 3499 839 3724 910; x_wconf 89' lang='lat' dir='ltr'><strong>Siloam,</strong></span> <span class='ocrx_word' id='word_1_159' title='bbox 3755 846 3911 913; x_wconf 84' lang='lat' dir='ltr'><strong>quod</strong></span> 
     </span>
    </p>
   </div>
   <div class='ocr_carea' id='block_1_23' title="bbox 2279 923 3937 1001">
    <p class='ocr_par' dir='ltr' id='par_1_23' title="bbox 2279 923 3937 1001">
     <span class='ocr_line' id='line_1_23' title="bbox 2279 923 3937 1001; baseline 0.008 -27"><span class='ocrx_word' id='word_1_160' title='bbox 2279 923 2648 992; x_wconf 85' lang='lat' dir='ltr'><strong>interpretatur</strong></span> <span class='ocrx_word' id='word_1_161' title='bbox 2679 926 2901 989; x_wconf 86' lang='lat' dir='ltr'><strong>missus;</strong></span> <span class='ocrx_word' id='word_1_162' title='bbox 2941 937 2988 979; x_wconf 90' lang='lat' dir='ltr'><strong>et</strong></span> <span class='ocrx_word' id='word_1_163' title='bbox 3025 927 3170 994; x_wconf 81' lang='lat' dir='ltr'><strong>abiit,</strong></span> <span class='ocrx_word' id='word_1_164' title='bbox 3203 937 3249 982; x_wconf 90' lang='lat' dir='ltr'><strong>et</strong></span> <span class='ocrx_word' id='word_1_165' title='bbox 3278 929 3434 994; x_wconf 84' lang='lat' dir='ltr'><strong>lavit,</strong></span> <span class='ocrx_word' id='word_1_166' title='bbox 3463 939 3512 983; x_wconf 91' lang='lat' dir='ltr'><strong>et</strong></span> <span class='ocrx_word' id='word_1_167' title='bbox 3538 930 3709 986; x_wconf 81' lang='lat' dir='ltr'><strong>videre</strong></span> <span class='ocrx_word' id='word_1_168' title='bbox 3742 934 3937 1001; x_wconf 72' lang='lat' dir='ltr'><strong>coepit</strong></span> 
     </span>
    </p>
   </div>
   <div class='ocr_carea' id='block_1_24' title="bbox 2280 1013 3903 1092">
    <p class='ocr_par' dir='ltr' id='par_1_24' title="bbox 2280 1013 3903 1092">
     <span class='ocr_line' id='line_1_24' title="bbox 2280 1013 3903 1092; baseline 0.006 -23"><span class='ocrx_word' id='word_1_169' title='bbox 2280 1013 2460 1084; x_wconf 88' lang='lat' dir='ltr'><strong>(Joan.</strong></span> <span class='ocrx_word' id='word_1_170' title='bbox 2497 1032 2573 1084; x_wconf 84' lang='grc' dir='ltr'>ιιι,</span> <span class='ocrx_word' id='word_1_171' title='bbox 2623 1017 2719 1088; x_wconf 81' lang='lat'><strong>7)?</strong></span> <span class='ocrx_word' id='word_1_172' title='bbox 2744 1019 2875 1084; x_wconf 78' lang='lat' dir='ltr'><strong>Qua:</strong></span> <span class='ocrx_word' id='word_1_173' title='bbox 2906 1019 3006 1072; x_wconf 88' lang='lat' dir='ltr'><strong>ista</strong></span> <span class='ocrx_word' id='word_1_174' title='bbox 3042 1020 3182 1074; x_wconf 86' lang='lat' dir='ltr'><strong>ratio</strong></span> <span class='ocrx_word' id='word_1_175' title='bbox 3208 1031 3292 1075; x_wconf 90' lang='lat' dir='ltr'><strong>est</strong></span> <span class='ocrx_word' id='word_1_176' title='bbox 3313 1021 3336 1073; x_wconf 71' lang='grc' dir='ltr'><em>Ἰ</em></span> <span class='ocrx_word' id='word_1_177' title='bbox 3361 1020 3575 1092; x_wconf 88' lang='lat' dir='ltr'><strong>Magna,</strong></span> <span class='ocrx_word' id='word_1_178' title='bbox 3608 1023 3662 1077; x_wconf 93' lang='lat' dir='ltr'><strong>ni</strong></span> <span class='ocrx_word' id='word_1_179' title='bbox 3694 1023 3903 1088; x_wconf 78' lang='lat' dir='ltr'><strong>fallor;</strong></span> 
     </span>
    </p>
   </div>
   <div class='ocr_carea' id='block_1_25' title="bbox 2279 1109 3382 1182">
    <p class='ocr_par' dir='ltr' id='par_1_25' title="bbox 2279 1109 3382 1182">
     <span class='ocr_line' id='line_1_25' title="bbox 2279 1109 3382 1182; baseline 0.006 -22"><span class='ocrx_word' id='word_1_180' title='bbox 2279 1110 2402 1177; x_wconf 87' lang='lat' dir='ltr'><strong>plus</strong></span> <span class='ocrx_word' id='word_1_181' title='bbox 2430 1109 2573 1164; x_wconf 90' lang='lat' dir='ltr'><strong>enim</strong></span> <span class='ocrx_word' id='word_1_182' title='bbox 2607 1109 2777 1176; x_wconf 87' lang='lat' dir='ltr'><strong>videt,</strong></span> <span class='ocrx_word' id='word_1_183' title='bbox 2806 1125 2966 1178; x_wconf 92' lang='lat' dir='ltr'><strong>quem</strong></span> <span class='ocrx_word' id='word_1_184' title='bbox 2998 1110 3160 1166; x_wconf 79' lang='lat' dir='ltr'><strong>Jesus</strong></span> <span class='ocrx_word' id='word_1_185' title='bbox 3191 1111 3382 1182; x_wconf 79' lang='lat' dir='ltr'><strong>tangit.</strong></span> 
     </span>
    </p>
   </div>
   <div class='ocr_carea' id='block_1_26' title="bbox 2356 1198 3905 1277">
    <p class='ocr_par' dir='ltr' id='par_1_26' title="bbox 2356 1198 3905 1277">
     <span class='ocr_line' id='line_1_26' title="bbox 2356 1198 3905 1277; baseline 0.006 -24"><span class='ocrx_word' id='word_1_186' title='bbox 2356 1198 2409 1254; x_wconf 85' lang='lat'><strong>5.</strong></span> <span class='ocrx_word' id='word_1_187' title='bbox 2455 1198 2624 1254; x_wconf 91' lang='lat' dir='ltr'><strong>Simul</strong></span> <span class='ocrx_word' id='word_1_188' title='bbox 2665 1209 2720 1255; x_wconf 92' lang='lat' dir='ltr'><strong>et</strong></span> <span class='ocrx_word' id='word_1_189' title='bbox 2758 1199 3098 1257; x_wconf 84' lang='lat' dir='ltr'><strong>divinitatem</strong></span> <span class='ocrx_word' id='word_1_190' title='bbox 3137 1210 3194 1258; x_wconf 87' lang='lat' dir='ltr'><strong>et</strong></span> <span class='ocrx_word' id='word_1_191' title='bbox 3236 1203 3722 1261; x_wconf 88' lang='lat' dir='ltr'><strong>sanctiﬁcationem</strong></span> <span class='ocrx_word' id='word_1_192' title='bbox 3775 1206 3905 1277; x_wconf 85' lang='lat' dir='ltr'><strong>ejus</strong></span> 
     </span>
    </p>
   </div>
   <div class='ocr_carea' id='block_1_27' title="bbox 2281 1289 3905 1364">
    <p class='ocr_par' dir='ltr' id='par_1_27' title="bbox 2281 1289 3905 1364">
     <span class='ocr_line' id='line_1_27' title="bbox 2281 1289 3905 1364; baseline 0.005 -20"><span class='ocrx_word' id='word_1_193' title='bbox 2281 1289 2528 1345; x_wconf 87' lang='lat' dir='ltr'><strong>adverte.</strong></span> <span class='ocrx_word' id='word_1_194' title='bbox 2559 1291 2725 1357; x_wconf 84' lang='lat' dir='ltr'><strong>Quasi</strong></span> <span class='ocrx_word' id='word_1_195' title='bbox 2759 1292 2850 1364; x_wconf 85' lang='lat' dir='ltr'><strong>lux</strong></span> <span class='ocrx_word' id='word_1_196' title='bbox 2881 1292 3087 1362; x_wconf 79' lang='lat' dir='ltr'><strong>tetigit,</strong></span> <span class='ocrx_word' id='word_1_197' title='bbox 3120 1291 3318 1347; x_wconf 86' lang='lat' dir='ltr'><strong>inludit</strong></span> <span class='ocrx_word' id='word_1_198' title='bbox 3369 1311 3381 1347; x_wconf 95' lang='lat'>:</span> <span class='ocrx_word' id='word_1_199' title='bbox 3433 1296 3585 1364; x_wconf 87' lang='lat' dir='ltr'><strong>quasi</strong></span> <span class='ocrx_word' id='word_1_200' title='bbox 3632 1297 3905 1352; x_wconf 84' lang='lat' dir='ltr'><strong>sacerdos</strong></span> 
     </span>
    </p>
   </div>
   <div class='ocr_carea' id='block_1_28' title="bbox 2283 1383 3904 1460">
    <p class='ocr_par' dir='ltr' id='par_1_28' title="bbox 2283 1383 3904 1460">
     <span class='ocr_line' id='line_1_28' title="bbox 2283 1383 3904 1460; baseline 0.004 -22"><span class='ocrx_word' id='word_1_201' title='bbox 2283 1398 2380 1452; x_wconf 90' lang='lat' dir='ltr'><strong>per</strong></span> <span class='ocrx_word' id='word_1_202' title='bbox 2428 1383 2652 1453; x_wconf 89' lang='lat' dir='ltr'><strong>ﬁguram</strong></span> <span class='ocrx_word' id='word_1_203' title='bbox 2699 1384 3061 1455; x_wconf 86' lang='lat' dir='ltr'><strong>baptismatis,</strong></span> <span class='ocrx_word' id='word_1_204' title='bbox 3109 1387 3368 1458; x_wconf 86' lang='lat' dir='ltr'><strong>mysteria</strong></span> <span class='ocrx_word' id='word_1_205' title='bbox 3403 1389 3590 1458; x_wconf 69' lang='lat' dir='ltr'><strong>gratiae</strong></span> <span class='ocrx_word' id='word_1_206' title='bbox 3627 1389 3904 1460; x_wconf 87' lang='lat' dir='ltr'><strong>spiritalis</strong></span> 
     </span>
    </p>
   </div>
   <div class='ocr_carea' id='block_1_29' title="bbox 2284 1473 3900 1550">
    <p class='ocr_par' dir='ltr' id='par_1_29' title="bbox 2284 1473 3900 1550">
     <span class='ocr_line' id='line_1_29' title="bbox 2284 1473 3900 1550; baseline 0.006 -23"><span class='ocrx_word' id='word_1_207' title='bbox 2284 1473 2549 1544; x_wconf 89' lang='lat' dir='ltr'><strong>implevit.</strong></span> <span class='ocrx_word' id='word_1_208' title='bbox 2573 1474 2821 1545; x_wconf 85' lang='lat' dir='ltr'><strong>Exspuit,</strong></span> <span class='ocrx_word' id='word_1_209' title='bbox 2842 1477 3050 1550; x_wconf 79' lang='lat'><strong>1097</strong></span> <span class='ocrx_word' id='word_1_210' title='bbox 3067 1486 3123 1533; x_wconf 92' lang='lat' dir='ltr'><strong>ut</strong></span> <span class='ocrx_word' id='word_1_211' title='bbox 3139 1479 3462 1534; x_wconf 87' lang='lat' dir='ltr'><strong>adverteres</strong></span> <span class='ocrx_word' id='word_1_212' title='bbox 3486 1481 3610 1550; x_wconf 86' lang='lat' dir='ltr'><strong>quia</strong></span> <span class='ocrx_word' id='word_1_213' title='bbox 3629 1481 3900 1537; x_wconf 82' lang='lat' dir='ltr'><strong>interiora</strong></span> 
     </span>
    </p>
   </div>
   <div class='ocr_carea' id='block_1_30' title="bbox 2283 1563 3900 1643">
    <p class='ocr_par' dir='ltr' id='par_1_30' title="bbox 2283 1563 3900 1643">
     <span class='ocr_line' id='line_1_30' title="bbox 2283 1563 3900 1643; baseline 0.007 -23"><span class='ocrx_word' id='word_1_214' title='bbox 2283 1563 2489 1622; x_wconf 89' lang='lat' dir='ltr'><strong>Christi</strong></span> <span class='ocrx_word' id='word_1_215' title='bbox 2505 1568 2686 1624; x_wconf 91' lang='lat' dir='ltr'><strong>lumen</strong></span> <span class='ocrx_word' id='word_1_216' title='bbox 2707 1579 2852 1624; x_wconf 89' lang='lat' dir='ltr'><strong>sunt.</strong></span> <span class='ocrx_word' id='word_1_217' title='bbox 2875 1569 3085 1626; x_wconf 88' lang='lat' dir='ltr'><strong>Etvcre</strong></span> <span class='ocrx_word' id='word_1_218' title='bbox 3102 1572 3248 1628; x_wconf 87' lang='lat' dir='ltr'><strong>videt</strong></span> <span class='ocrx_word' id='word_1_219' title='bbox 3279 1570 3424 1643; x_wconf 70' lang='lat' dir='ltr'><strong>h,qui</strong></span> <span class='ocrx_word' id='word_1_220' title='bbox 3447 1573 3652 1630; x_wconf 85' lang='lat' dir='ltr'><strong>Christi</strong></span> <span class='ocrx_word' id='word_1_221' title='bbox 3671 1577 3900 1632; x_wconf 86' lang='lat' dir='ltr'><strong>munda-</strong></span> 
     </span>
    </p>
   </div>
   <div class='ocr_carea' id='block_1_31' title="bbox 2287 1662 3899 1738">
    <p class='ocr_par' dir='ltr' id='par_1_31' title="bbox 2287 1662 3899 1738">
     <span class='ocr_line' id='line_1_31' title="bbox 2287 1662 3899 1738; baseline 0.006 -24"><span class='ocrx_word' id='word_1_222' title='bbox 2287 1669 2374 1715; x_wconf 93' lang='lat' dir='ltr'><strong>tur</strong></span> <span class='ocrx_word' id='word_1_223' title='bbox 2395 1662 2645 1719; x_wconf 87' lang='lat' dir='ltr'><strong>internis.</strong></span> <span class='ocrx_word' id='word_1_224' title='bbox 2672 1663 3020 1719; x_wconf 84' lang='lat' dir='ltr'><strong>Lavatsaliva</strong></span> <span class='ocrx_word' id='word_1_225' title='bbox 3039 1664 3180 1735; x_wconf 89' lang='lat' dir='ltr'><strong>ejus,</strong></span> <span class='ocrx_word' id='word_1_226' title='bbox 3196 1666 3340 1720; x_wconf 87' lang='lat' dir='ltr'><strong>lavat</strong></span> <span class='ocrx_word' id='word_1_227' title='bbox 3365 1681 3547 1722; x_wconf 83' lang='lat' dir='ltr'><strong>sermo</strong></span> <span class='ocrx_word' id='word_1_228' title='bbox 3573 1667 3692 1738; x_wconf 81' lang='lat' dir='ltr'><strong>ejus</strong></span> <span class='ocrx_word' id='word_1_229' title='bbox 3710 1710 3725 1734; x_wconf 92' lang='lat'><strong>,</strong></span> <span class='ocrx_word' id='word_1_230' title='bbox 3752 1669 3899 1724; x_wconf 86' lang='lat' dir='ltr'><strong>sicut</strong></span> 
     </span>
    </p>
   </div>
   <div class='ocr_carea' id='block_1_32' title="bbox 565 1749 3897 1832">
    <p class='ocr_par' dir='ltr' id='par_1_32' title="bbox 565 1749 3897 1832">
     <span class='ocr_line' id='line_1_32' title="bbox 565 1749 3897 1832; baseline 0.004 -30"><span class='ocrx_word' id='word_1_231' title='bbox 565 1749 848 1805; x_wconf 89' lang='lat' dir='ltr'><strong>neratione</strong></span> <span class='ocrx_word' id='word_1_232' title='bbox 884 1765 1110 1805; x_wconf 76' lang='lat' dir='ltr'><strong>cmcum.</strong></span> <span class='ocrx_word' id='word_1_233' title='bbox 1145 1751 1285 1820; x_wconf 85' lang='lat' dir='ltr'><strong>Ergo</strong></span> <span class='ocrx_word' id='word_1_234' title='bbox 1315 1750 1361 1804; x_wconf 94' lang='lat' dir='ltr'><strong>si</strong></span> <span class='ocrx_word' id='word_1_235' title='bbox 1397 1752 1658 1806; x_wconf 90' lang='lat' dir='ltr'><strong>Dominus</strong></span> <span class='ocrx_word' id='word_1_236' title='bbox 1701 1752 1868 1820; x_wconf 89' lang='lat' dir='ltr'><strong>vidit,</strong></span> <span class='ocrx_word' id='word_1_237' title='bbox 1914 1771 2021 1810; x_wconf 91' lang='lat' dir='ltr'><strong>non</strong></span> <span class='ocrx_word' id='word_1_238' title='bbox 2052 1772 2175 1812; x_wconf 92' lang='lat' dir='ltr'><strong>eum</strong></span> <span class='ocrx_word' id='word_1_239' title='bbox 2210 1763 2256 1823; x_wconf 84' lang='grc' dir='ltr'><strong>Β</strong></span> <span class='ocrx_word' id='word_1_240' title='bbox 2285 1751 2452 1808; x_wconf 85' lang='lat' dir='ltr'><strong>habes</strong></span> <span class='ocrx_word' id='word_1_241' title='bbox 2482 1773 2494 1808; x_wconf 93' lang='lat'>:</span> <span class='ocrx_word' id='word_1_242' title='bbox 2526 1753 2650 1808; x_wconf 84' lang='lat' dir='ltr'><strong>Jam</strong></span> <span class='ocrx_word' id='word_1_243' title='bbox 2680 1771 2766 1810; x_wconf 78' lang='lat' dir='ltr'><strong>ros</strong></span> <span class='ocrx_word' id='word_1_244' title='bbox 2801 1756 2982 1810; x_wconf 85' lang='lat' dir='ltr'><strong>mundi</strong></span> <span class='ocrx_word' id='word_1_245' title='bbox 3017 1759 3136 1812; x_wconf 87' lang='lat' dir='ltr'><strong>estis</strong></span> <span class='ocrx_word' id='word_1_246' title='bbox 3164 1769 3373 1829; x_wconf 87' lang='lat' dir='ltr'><strong>propter</strong></span> <span class='ocrx_word' id='word_1_247' title='bbox 3402 1776 3711 1829; x_wconf 85' lang='lat' dir='ltr'><strong>sermonem,</strong></span> <span class='ocrx_word' id='word_1_248' title='bbox 3740 1779 3897 1832; x_wconf 85' lang='lat' dir='ltr'><strong>quem</strong></span> 
     </span>
    </p>
   </div>
   <div class='ocr_carea' id='block_1_33' title="bbox 569 1841 2180 1918">
    <p class='ocr_par' dir='ltr' id='par_1_33' title="bbox 569 1841 2180 1918">
     <span class='ocr_line' id='line_1_33' title="bbox 569 1841 2180 1918; baseline 0.005 -22"><span class='ocrx_word' id='word_1_249' title='bbox 569 1842 874 1910; x_wconf 67' lang='lat' dir='ltr'><strong>prmterivit</strong></span> <span class='ocrx_word' id='word_1_250' title='bbox 903 1842 1086 1914; x_wconf 83' lang='lat' dir='ltr'><strong>(Joan.</strong></span> <span class='ocrx_word' id='word_1_251' title='bbox 1112 1859 1190 1908; x_wconf 81' lang='grc' dir='ltr'>ιιι,</span> <span class='ocrx_word' id='word_1_252' title='bbox 1225 1841 1277 1913; x_wconf 91' lang='grc'><strong>1)</strong></span> <span class='ocrx_word' id='word_1_253' title='bbox 1307 1861 1319 1895; x_wconf 87' lang='lat'>:</span> <span class='ocrx_word' id='word_1_254' title='bbox 1348 1858 1517 1912; x_wconf 89' lang='lat' dir='ltr'><strong>quare</strong></span> <span class='ocrx_word' id='word_1_255' title='bbox 1545 1859 1644 1899; x_wconf 90' lang='lat' dir='ltr'><strong>nec</strong></span> <span class='ocrx_word' id='word_1_256' title='bbox 1670 1860 1769 1901; x_wconf 90' lang='lat' dir='ltr'><strong>nos</strong></span> <span class='ocrx_word' id='word_1_257' title='bbox 1794 1846 2013 1916; x_wconf 79' lang='lat' dir='ltr'><strong>quidem</strong></span> <span class='ocrx_word' id='word_1_258' title='bbox 2044 1863 2180 1918; x_wconf 72' lang='lat' dir='ltr'><strong>prte-</strong></span> 
     </span>
    </p>
   </div>
   <div class='ocr_carea' id='block_1_34' title="bbox 567 1932 2178 2004">
    <p class='ocr_par' dir='ltr' id='par_1_34' title="bbox 567 1932 2178 2004">
     <span class='ocr_line' id='line_1_34' title="bbox 567 1932 2178 2004; baseline 0.007 -19"><span class='ocrx_word' id='word_1_259' title='bbox 567 1932 739 1988; x_wconf 90' lang='lat' dir='ltr'><strong>terire</strong></span> <span class='ocrx_word' id='word_1_260' title='bbox 765 1932 1060 1999; x_wconf 87' lang='lat' dir='ltr'><strong>debemus,</strong></span> <span class='ocrx_word' id='word_1_261' title='bbox 1094 1949 1255 2004; x_wconf 87' lang='lat' dir='ltr'><strong>quem</strong></span> <span class='ocrx_word' id='word_1_262' title='bbox 1290 1936 1726 2004; x_wconf 69' lang='lat' dir='ltr'><strong>prmtereundum</strong></span> <span class='ocrx_word' id='word_1_263' title='bbox 1763 1937 2029 1994; x_wconf 89' lang='lat' dir='ltr'><strong>Dominus</strong></span> <span class='ocrx_word' id='word_1_264' title='bbox 2069 1958 2178 1996; x_wconf 93' lang='lat' dir='ltr'><strong>non</strong></span> 
     </span>
    </p>
   </div>
   <div class='ocr_carea' id='block_1_35' title="bbox 572 2025 2176 2100">
    <p class='ocr_par' dir='ltr' id='par_1_35' title="bbox 572 2025 2176 2100">
     <span class='ocr_line' id='line_1_35' title="bbox 572 2025 2176 2100; baseline 0.006 -21"><span class='ocrx_word' id='word_1_265' title='bbox 572 2025 822 2096; x_wconf 87' lang='lat' dir='ltr'><strong>putavit;</strong></span> <span class='ocrx_word' id='word_1_266' title='bbox 858 2027 1163 2096; x_wconf 74' lang='lat' dir='ltr'><strong>praesertim</strong></span> <span class='ocrx_word' id='word_1_267' title='bbox 1189 2041 1311 2081; x_wconf 92' lang='lat' dir='ltr'><strong>cum</strong></span> <span class='ocrx_word' id='word_1_268' title='bbox 1337 2042 1366 2081; x_wconf 90' lang='lat' dir='ltr'><strong>a</strong></span> <span class='ocrx_word' id='word_1_269' title='bbox 1404 2031 1759 2097; x_wconf 90' lang='lat' dir='ltr'><strong>generatione</strong></span> <span class='ocrx_word' id='word_1_270' title='bbox 1781 2045 1957 2088; x_wconf 76' lang='lat' dir='ltr'><strong>caecus</strong></span> <span class='ocrx_word' id='word_1_271' title='bbox 1987 2031 2176 2100; x_wconf 82' lang='lat' dir='ltr'><strong>fuerit,</strong></span> 
     </span>
    </p>
   </div>
   <div class='ocr_carea' id='block_1_36' title="bbox 572 2118 1456 2189">
    <p class='ocr_par' dir='ltr' id='par_1_36' title="bbox 572 2118 1456 2189">
     <span class='ocr_line' id='line_1_36' title="bbox 572 2118 1456 2189; baseline 0 -16"><span class='ocrx_word' id='word_1_272' title='bbox 572 2118 718 2188; x_wconf 91' lang='lat' dir='ltr'><strong>quod</strong></span> <span class='ocrx_word' id='word_1_273' title='bbox 747 2132 854 2174; x_wconf 92' lang='lat' dir='ltr'><strong>non</strong></span> <span class='ocrx_word' id='word_1_274' title='bbox 879 2119 1054 2173; x_wconf 90' lang='lat' dir='ltr'><strong>otiose</strong></span> <span class='ocrx_word' id='word_1_275' title='bbox 1085 2125 1168 2172; x_wconf 87' lang='lat' dir='ltr'><strong>est</strong></span> <span class='ocrx_word' id='word_1_276' title='bbox 1197 2120 1456 2189; x_wconf 90' lang='lat' dir='ltr'><strong>positum.</strong></span> 
     </span>
    </p>
   </div>
   <div class='ocr_carea' id='block_1_37' title="bbox 641 2209 2176 2286">
    <p class='ocr_par' dir='ltr' id='par_1_37' title="bbox 641 2209 2176 2286">
     <span class='ocr_line' id='line_1_37' title="bbox 641 2209 2176 2286; baseline 0.007 -23"><span class='ocrx_word' id='word_1_277' title='bbox 641 2210 698 2263; x_wconf 79' lang='grc'><strong>2.</strong></span> <span class='ocrx_word' id='word_1_278' title='bbox 741 2209 840 2265; x_wconf 88' lang='lat' dir='ltr'><strong>Est</strong></span> <span class='ocrx_word' id='word_1_279' title='bbox 872 2211 1017 2265; x_wconf 90' lang='lat' dir='ltr'><strong>enim</strong></span> <span class='ocrx_word' id='word_1_280' title='bbox 1045 2211 1261 2265; x_wconf 67' lang='lat' dir='ltr'><strong>caecitas</strong></span> <span class='ocrx_word' id='word_1_281' title='bbox 1281 2253 1296 2278; x_wconf 93' lang='lat'><strong>,</strong></span> <span class='ocrx_word' id='word_1_282' title='bbox 1327 2227 1448 2282; x_wconf 65' lang='lat' dir='ltr'><strong>quae</strong></span> <span class='ocrx_word' id='word_1_283' title='bbox 1473 2212 1792 2283; x_wconf 90' lang='lat' dir='ltr'><strong>plerumque</strong></span> <span class='ocrx_word' id='word_1_284' title='bbox 1821 2216 1870 2269; x_wconf 88' lang='lat' dir='ltr'><strong>vi</strong></span> <span class='ocrx_word' id='word_1_285' title='bbox 1900 2217 2176 2286; x_wconf 61' lang='lat' dir='ltr'><strong>aegritudi-</strong></span> 
     </span>
    </p>
   </div>
   <div class='ocr_carea' id='block_1_38' title="bbox 574 2300 2178 2379">
    <p class='ocr_par' dir='ltr' id='par_1_38' title="bbox 574 2300 2178 2379">
     <span class='ocr_line' id='line_1_38' title="bbox 574 2300 2178 2379; baseline 0.004 -24"><span class='ocrx_word' id='word_1_286' title='bbox 574 2301 660 2355; x_wconf 88' lang='lat' dir='ltr'><strong>nis</strong></span> <span class='ocrx_word' id='word_1_287' title='bbox 677 2301 850 2356; x_wconf 91' lang='lat' dir='ltr'><strong>aciem</strong></span> <span class='ocrx_word' id='word_1_288' title='bbox 881 2300 1104 2356; x_wconf 87' lang='lat' dir='ltr'><strong>obducit</strong></span> <span class='ocrx_word' id='word_1_289' title='bbox 1122 2302 1427 2370; x_wconf 90' lang='lat' dir='ltr'><strong>oculorum,</strong></span> <span class='ocrx_word' id='word_1_290' title='bbox 1447 2303 1748 2374; x_wconf 82' lang='lat' dir='ltr'><strong>eademque</strong></span> <span class='ocrx_word' id='word_1_291' title='bbox 1773 2307 2035 2376; x_wconf 91' lang='lat' dir='ltr'><strong>temporis</strong></span> <span class='ocrx_word' id='word_1_292' title='bbox 2055 2324 2178 2379; x_wconf 85' lang='lat' dir='ltr'><strong>spa-</strong></span> 
     </span>
    </p>
   </div>
   <div class='ocr_carea' id='block_1_39' title="bbox 566 2391 2177 2464">
    <p class='ocr_par' dir='ltr' id='par_1_39' title="bbox 566 2391 2177 2464">
     <span class='ocr_line' id='line_1_39' title="bbox 566 2391 2177 2464; baseline 0.006 -19"><span class='ocrx_word' id='word_1_293' title='bbox 566 2393 645 2448; x_wconf 92' lang='lat' dir='ltr'><strong>tio</strong></span> <span class='ocrx_word' id='word_1_294' title='bbox 675 2391 955 2464; x_wconf 86' lang='lat' dir='ltr'><strong>mitigatur</strong></span> <span class='ocrx_word' id='word_1_295' title='bbox 982 2410 994 2445; x_wconf 86' lang='lat'><strong>:</strong></span> <span class='ocrx_word' id='word_1_296' title='bbox 1024 2402 1110 2448; x_wconf 90' lang='lat' dir='ltr'><strong>est</strong></span> <span class='ocrx_word' id='word_1_297' title='bbox 1136 2394 1353 2448; x_wconf 67' lang='lat' dir='ltr'><strong>cmcitas</strong></span> <span class='ocrx_word' id='word_1_298' title='bbox 1378 2436 1394 2461; x_wconf 91' lang='lat'><strong>,</strong></span> <span class='ocrx_word' id='word_1_299' title='bbox 1439 2411 1559 2464; x_wconf 83' lang='lat' dir='ltr'><strong>quae</strong></span> <span class='ocrx_word' id='word_1_300' title='bbox 1587 2395 1876 2452; x_wconf 84' lang='lat' dir='ltr'><strong>humerum</strong></span> <span class='ocrx_word' id='word_1_301' title='bbox 1908 2398 2177 2456; x_wconf 78' lang='lat' dir='ltr'><strong>inlusione</strong></span> 
     </span>
    </p>
   </div>
   <div class='ocr_carea' id='block_1_40' title="bbox 568 2485 2180 2558">
    <p class='ocr_par' dir='ltr' id='par_1_40' title="bbox 568 2485 2180 2558">
     <span class='ocr_line' id='line_1_40' title="bbox 568 2485 2180 2558; baseline 0.003 -17"><span class='ocrx_word' id='word_1_302' title='bbox 568 2492 896 2557; x_wconf 85' lang='lat' dir='ltr'><strong>generatur;</strong></span> <span class='ocrx_word' id='word_1_303' title='bbox 931 2499 994 2539; x_wconf 89' lang='lat' dir='ltr'><strong>ea</strong></span> <span class='ocrx_word' id='word_1_304' title='bbox 1023 2500 1258 2555; x_wconf 85' lang='lat' dir='ltr'><strong>quoque,</strong></span> <span class='ocrx_word' id='word_1_305' title='bbox 1294 2485 1430 2540; x_wconf 92' lang='lat' dir='ltr'><strong>vitio</strong></span> <span class='ocrx_word' id='word_1_306' title='bbox 1456 2486 1774 2558; x_wconf 91' lang='lat' dir='ltr'><strong>plerumque</strong></span> <span class='ocrx_word' id='word_1_307' title='bbox 1806 2489 2039 2558; x_wconf 89' lang='lat' dir='ltr'><strong>sublato,</strong></span> <span class='ocrx_word' id='word_1_308' title='bbox 2064 2507 2180 2546; x_wconf 90' lang='lat' dir='ltr'><strong>me-</strong></span> 
     </span>
    </p>
   </div>
   <div class='ocr_carea' id='block_1_41' title="bbox 569 2578 2176 2654">
    <p class='ocr_par' dir='ltr' id='par_1_41' title="bbox 569 2578 2176 2654">
     <span class='ocr_line' id='line_1_41' title="bbox 569 2578 2176 2654; baseline 0.004 -20"><span class='ocrx_word' id='word_1_309' title='bbox 569 2579 765 2634; x_wconf 71' lang='lat' dir='ltr'><strong>dicinae</strong></span> <span class='ocrx_word' id='word_1_310' title='bbox 793 2589 912 2635; x_wconf 89' lang='lat' dir='ltr'><strong>arte</strong></span> <span class='ocrx_word' id='word_1_311' title='bbox 947 2578 1275 2649; x_wconf 87' lang='lat' dir='ltr'><strong>depellitur;</strong></span> <span class='ocrx_word' id='word_1_312' title='bbox 1307 2587 1360 2634; x_wconf 93' lang='lat' dir='ltr'><strong>ut</strong></span> <span class='ocrx_word' id='word_1_313' title='bbox 1394 2594 1691 2650; x_wconf 81' lang='lat' dir='ltr'><strong>cognoscas</strong></span> <span class='ocrx_word' id='word_1_314' title='bbox 1719 2583 1844 2652; x_wconf 91' lang='lat' dir='ltr'><strong>quia</strong></span> <span class='ocrx_word' id='word_1_315' title='bbox 1889 2585 2032 2654; x_wconf 91' lang='lat' dir='ltr'><strong>quod</strong></span> <span class='ocrx_word' id='word_1_316' title='bbox 2072 2585 2176 2640; x_wconf 91' lang='lat' dir='ltr'><strong>iste</strong></span> 
     </span>
    </p>
   </div>
   <div class='ocr_carea' id='block_1_42' title="bbox 567 2669 2176 2740">
    <p class='ocr_par' dir='ltr' id='par_1_42' title="bbox 567 2669 2176 2740">
     <span class='ocr_line' id='line_1_42' title="bbox 567 2669 2176 2740; baseline 0.003 -15"><span class='ocrx_word' id='word_1_317' title='bbox 567 2678 816 2735; x_wconf 90' lang='lat' dir='ltr'><strong>sanatur,</strong></span> <span class='ocrx_word' id='word_1_318' title='bbox 849 2670 942 2738; x_wconf 88' lang='lat' dir='ltr'><strong>qui</strong></span> <span class='ocrx_word' id='word_1_319' title='bbox 969 2683 998 2723; x_wconf 93' lang='lat' dir='ltr'><strong>a</strong></span> <span class='ocrx_word' id='word_1_320' title='bbox 1029 2669 1388 2740; x_wconf 86' lang='lat' dir='ltr'><strong>generatione</strong></span> <span class='ocrx_word' id='word_1_321' title='bbox 1417 2685 1513 2725; x_wconf 87' lang='lat' dir='ltr'><strong>sua</strong></span> <span class='ocrx_word' id='word_1_322' title='bbox 1549 2686 1728 2727; x_wconf 65' lang='lat' dir='ltr'><strong>caecus</strong></span> <span class='ocrx_word' id='word_1_323' title='bbox 1755 2683 1873 2740; x_wconf 92' lang='lat' dir='ltr'><strong>est,</strong></span> <span class='ocrx_word' id='word_1_324' title='bbox 1905 2690 2012 2729; x_wconf 91' lang='lat' dir='ltr'><strong>non</strong></span> <span class='ocrx_word' id='word_1_325' title='bbox 2042 2677 2176 2730; x_wconf 89' lang='lat' dir='ltr'><strong>artis</strong></span> 
     </span>
    </p>
   </div>
   <div class='ocr_carea' id='block_1_43' title="bbox 567 2762 2174 2832">
    <p class='ocr_par' dir='ltr' id='par_1_43' title="bbox 567 2762 2174 2832">
     <span class='ocr_line' id='line_1_43' title="bbox 567 2762 2174 2832; baseline 0.001 -14"><span class='ocrx_word' id='word_1_326' title='bbox 567 2772 690 2830; x_wconf 87' lang='lat' dir='ltr'><strong>est,</strong></span> <span class='ocrx_word' id='word_1_327' title='bbox 723 2763 819 2818; x_wconf 88' lang='lat' dir='ltr'><strong>sed</strong></span> <span class='ocrx_word' id='word_1_328' title='bbox 858 2764 1174 2832; x_wconf 87' lang='lat' dir='ltr'><strong>.potestatis.</strong></span> <span class='ocrx_word' id='word_1_329' title='bbox 1233 2762 1465 2817; x_wconf 90' lang='lat' dir='ltr'><strong>Donavit</strong></span> <span class='ocrx_word' id='word_1_330' title='bbox 1503 2764 1652 2819; x_wconf 90' lang='lat' dir='ltr'><strong>enim</strong></span> <span class='ocrx_word' id='word_1_331' title='bbox 1687 2765 1947 2821; x_wconf 90' lang='lat' dir='ltr'><strong>Dominus</strong></span> <span class='ocrx_word' id='word_1_332' title='bbox 1971 2769 2174 2822; x_wconf 88' lang='lat' dir='ltr'><strong>sanita-</strong></span> 
     </span>
    </p>
   </div>
   <div class='ocr_carea' id='block_1_44' title="bbox 568 2857 2174 2926">
    <p class='ocr_par' dir='ltr' id='par_1_44' title="bbox 568 2857 2174 2926">
     <span class='ocr_line' id='line_1_44' title="bbox 568 2857 2174 2926; baseline 0.004 -14"><span class='ocrx_word' id='word_1_333' title='bbox 568 2867 703 2926; x_wconf 88' lang='lat' dir='ltr'><strong>tem,</strong></span> <span class='ocrx_word' id='word_1_334' title='bbox 737 2871 844 2913; x_wconf 93' lang='lat' dir='ltr'><strong>non</strong></span> <span class='ocrx_word' id='word_1_335' title='bbox 871 2857 1193 2913; x_wconf 86' lang='lat' dir='ltr'><strong>medicinam</strong></span> <span class='ocrx_word' id='word_1_336' title='bbox 1221 2859 1500 2926; x_wconf 89' lang='lat' dir='ltr'><strong>exercuit;</strong></span> <span class='ocrx_word' id='word_1_337' title='bbox 1531 2875 1628 2916; x_wconf 92' lang='lat' dir='ltr'><strong>eos</strong></span> <span class='ocrx_word' id='word_1_338' title='bbox 1655 2862 1799 2916; x_wconf 90' lang='lat' dir='ltr'><strong>enim</strong></span> <span class='ocrx_word' id='word_1_339' title='bbox 1827 2863 2045 2918; x_wconf 86' lang='lat' dir='ltr'><strong>sanavit</strong></span> <span class='ocrx_word' id='word_1_340' title='bbox 2072 2864 2174 2920; x_wconf 89' lang='lat' dir='ltr'><strong>Do-</strong></span> 
     </span>
    </p>
   </div>
   <div class='ocr_carea' id='block_1_45' title="bbox 571 2952 1615 3024">
    <p class='ocr_par' dir='ltr' id='par_1_45' title="bbox 571 2952 1615 3024">
     <span class='ocr_line' id='line_1_45' title="bbox 571 2952 1615 3024; baseline 0.004 -18"><span class='ocrx_word' id='word_1_341' title='bbox 571 2952 754 3007; x_wconf 87' lang='lat' dir='ltr'><strong>minus</strong></span> <span class='ocrx_word' id='word_1_342' title='bbox 781 2953 940 3008; x_wconf 78' lang='lat' dir='ltr'><strong>.lesus</strong></span> <span class='ocrx_word' id='word_1_343' title='bbox 967 2994 981 3019; x_wconf 94' lang='lat'><strong>,</strong></span> <span class='ocrx_word' id='word_1_344' title='bbox 1014 2969 1154 3024; x_wconf 90' lang='lat' dir='ltr'><strong>quos</strong></span> <span class='ocrx_word' id='word_1_345' title='bbox 1184 2969 1346 3010; x_wconf 93' lang='lat' dir='ltr'><strong>nemo</strong></span> <span class='ocrx_word' id='word_1_346' title='bbox 1377 2967 1615 3012; x_wconf 88' lang='lat' dir='ltr'><strong>curaret.</strong></span> 
     </span>
    </p>
   </div>
   <div class='ocr_carea' id='block_1_46' title="bbox 642 3043 2168 3122">
    <p class='ocr_par' dir='ltr' id='par_1_46' title="bbox 642 3043 2168 3122">
     <span class='ocr_line' id='line_1_46' title="bbox 642 3043 2168 3122; baseline 0.005 -23"><span class='ocrx_word' id='word_1_347' title='bbox 642 3047 697 3100; x_wconf 80' lang='grc'><strong>5.</strong></span> <span class='ocrx_word' id='word_1_348' title='bbox 741 3043 767 3082; x_wconf 75' lang='grc' dir='ltr'><strong>ει</strong></span> <span class='ocrx_word' id='word_1_349' title='bbox 807 3046 980 3112; x_wconf 90' lang='lat' dir='ltr'><strong>Quam</strong></span> <span class='ocrx_word' id='word_1_350' title='bbox 1013 3047 1198 3102; x_wconf 90' lang='lat' dir='ltr'><strong>stolidi</strong></span> <span class='ocrx_word' id='word_1_351' title='bbox 1224 3057 1404 3103; x_wconf 92' lang='lat' dir='ltr'><strong>autem</strong></span> <span class='ocrx_word' id='word_1_352' title='bbox 1437 3049 1643 3118; x_wconf 61' lang='lat' dir='ltr'><strong>Judaei,</strong></span> <span class='ocrx_word' id='word_1_353' title='bbox 1671 3050 1762 3120; x_wconf 90' lang='lat' dir='ltr'><strong>qui</strong></span> <span class='ocrx_word' id='word_1_354' title='bbox 1791 3051 2128 3122; x_wconf 81' lang='lat' dir='ltr'><strong>interrogant</strong></span> <span class='ocrx_word' id='word_1_355' title='bbox 2157 3072 2168 3106; x_wconf 89' lang='lat'>:</span> 
     </span>
    </p>
   </div>
   <div class='ocr_carea' id='block_1_47' title="bbox 2287 1843 3242 1920">
    <p class='ocr_par' dir='ltr' id='par_1_47' title="bbox 2287 1843 3242 1920">
     <span class='ocr_line' id='line_1_47' title="bbox 2287 1843 3242 1920; baseline 0.006 -24"><span class='ocrx_word' id='word_1_356' title='bbox 2287 1843 2489 1898; x_wconf 86' lang='lat' dir='ltr'><strong>locutus</strong></span> <span class='ocrx_word' id='word_1_357' title='bbox 2519 1861 2632 1900; x_wconf 86' lang='lat' dir='ltr'><strong>sum</strong></span> <span class='ocrx_word' id='word_1_358' title='bbox 2662 1847 2800 1901; x_wconf 81' lang='lat' dir='ltr'><strong>vobis</strong></span> <span class='ocrx_word' id='word_1_359' title='bbox 2830 1848 3014 1920; x_wconf 75' lang='lat' dir='ltr'><strong>(Joan.</strong></span> <span class='ocrx_word' id='word_1_360' title='bbox 3039 1865 3132 1916; x_wconf 86' lang='lat' dir='ltr'><strong>xv,</strong></span> <span class='ocrx_word' id='word_1_361' title='bbox 3165 1848 3242 1920; x_wconf 79' lang='lat'><strong>5).</strong></span> 
     </span>
    </p>
   </div>
   <div class='ocr_carea' id='block_1_48' title="bbox 2354 1939 3897 2014">
    <p class='ocr_par' dir='ltr' id='par_1_48' title="bbox 2354 1939 3897 2014">
     <span class='ocr_line' id='line_1_48' title="bbox 2354 1939 3897 2014; baseline 0.008 -22"><span class='ocrx_word' id='word_1_362' title='bbox 2354 1939 2406 1993; x_wconf 90' lang='grc'><strong>6.</strong></span> <span class='ocrx_word' id='word_1_363' title='bbox 2451 1939 2605 2004; x_wconf 88' lang='lat' dir='ltr'><strong>Quod</strong></span> <span class='ocrx_word' id='word_1_364' title='bbox 2644 1949 2826 1995; x_wconf 82' lang='lat' dir='ltr'><strong>autem</strong></span> <span class='ocrx_word' id='word_1_365' title='bbox 2854 1941 3027 1996; x_wconf 88' lang='lat' dir='ltr'><strong>lutum</strong></span> <span class='ocrx_word' id='word_1_366' title='bbox 3071 1943 3230 2008; x_wconf 76' lang='lat' dir='ltr'><strong>fecit,</strong></span> <span class='ocrx_word' id='word_1_367' title='bbox 3266 1951 3319 1998; x_wconf 92' lang='lat' dir='ltr'><strong>et</strong></span> <span class='ocrx_word' id='word_1_368' title='bbox 3351 1946 3670 2014; x_wconf 80' lang='lat' dir='ltr'><strong>superunxit</strong></span> <span class='ocrx_word' id='word_1_369' title='bbox 3697 1947 3897 2004; x_wconf 88' lang='lat' dir='ltr'><strong>oculos</strong></span> 
     </span>
    </p>
   </div>
   <div class='ocr_carea' id='block_1_49' title="bbox 2283 2030 3897 2107">
    <p class='ocr_par' dir='ltr' id='par_1_49' title="bbox 2283 2030 3897 2107">
     <span class='ocr_line' id='line_1_49' title="bbox 2283 2030 3897 2107; baseline 0.009 -23"><span class='ocrx_word' id='word_1_370' title='bbox 2283 2033 2412 2086; x_wconf 72' lang='lat' dir='ltr'><strong>caeci</strong></span> <span class='ocrx_word' id='word_1_371' title='bbox 2443 2030 2622 2103; x_wconf 82' lang='lat' dir='ltr'><strong>(Joan.</strong></span> <span class='ocrx_word' id='word_1_372' title='bbox 2660 2049 2740 2098; x_wconf 79' lang='grc' dir='ltr'>ιιι,</span> <span class='ocrx_word' id='word_1_373' title='bbox 2768 2033 2851 2104; x_wconf 87' lang='grc'><strong>6),</strong></span> <span class='ocrx_word' id='word_1_374' title='bbox 2880 2035 3008 2105; x_wconf 91' lang='lat' dir='ltr'><strong>quid</strong></span> <span class='ocrx_word' id='word_1_375' title='bbox 3031 2035 3177 2091; x_wconf 87' lang='lat' dir='ltr'><strong>aliud</strong></span> <span class='ocrx_word' id='word_1_376' title='bbox 3197 2037 3487 2107; x_wconf 90' lang='lat' dir='ltr'><strong>signiﬁcat,</strong></span> <span class='ocrx_word' id='word_1_377' title='bbox 3518 2041 3620 2095; x_wconf 87' lang='lat' dir='ltr'><strong>nisi</strong></span> <span class='ocrx_word' id='word_1_378' title='bbox 3647 2047 3704 2095; x_wconf 91' lang='lat' dir='ltr'><strong>ut</strong></span> <span class='ocrx_word' id='word_1_379' title='bbox 3729 2042 3897 2098; x_wconf 87' lang='lat' dir='ltr'><strong>intel-</strong></span> 
     </span>
    </p>
   </div>
   <div class='ocr_carea' id='block_1_50' title="bbox 2281 2123 3891 2199">
    <p class='ocr_par' dir='ltr' id='par_1_50' title="bbox 2281 2123 3891 2199">
     <span class='ocr_line' id='line_1_50' title="bbox 2281 2123 3891 2199; baseline 0.009 -22"><span class='ocrx_word' id='word_1_380' title='bbox 2281 2123 2478 2194; x_wconf 87' lang='lat' dir='ltr'><strong>ligeres</strong></span> <span class='ocrx_word' id='word_1_381' title='bbox 2508 2125 2633 2195; x_wconf 87' lang='lat' dir='ltr'><strong>quia</strong></span> <span class='ocrx_word' id='word_1_382' title='bbox 2667 2126 2783 2196; x_wconf 90' lang='lat' dir='ltr'><strong>ipse</strong></span> <span class='ocrx_word' id='word_1_383' title='bbox 2815 2127 3112 2194; x_wconf 86' lang='lat' dir='ltr'><strong>hominem,</strong></span> <span class='ocrx_word' id='word_1_384' title='bbox 3162 2131 3276 2185; x_wconf 90' lang='lat' dir='ltr'><strong>luto</strong></span> <span class='ocrx_word' id='word_1_385' title='bbox 3321 2131 3462 2188; x_wconf 90' lang='lat' dir='ltr'><strong>illito</strong></span> <span class='ocrx_word' id='word_1_386' title='bbox 3488 2175 3502 2199; x_wconf 93' lang='lat'><strong>,</strong></span> <span class='ocrx_word' id='word_1_387' title='bbox 3533 2133 3771 2191; x_wconf 89' lang='lat' dir='ltr'><strong>reddidit</strong></span> <span class='ocrx_word' id='word_1_388' title='bbox 3801 2152 3891 2192; x_wconf 82' lang='lat' dir='ltr'><strong>sa-</strong></span> 
     </span>
    </p>
   </div>
   <div class='ocr_carea' id='block_1_51' title="bbox 2283 2215 3884 2298">
    <p class='ocr_par' dir='ltr' id='par_1_51' title="bbox 2283 2215 3884 2298">
     <span class='ocr_line' id='line_1_51' title="bbox 2283 2215 3884 2298; baseline 0.009 -31"><span class='ocrx_word' id='word_1_389' title='bbox 2283 2215 2459 2280; x_wconf 87' lang='lat' dir='ltr'><strong>nitati,</strong></span> <span class='ocrx_word' id='word_1_390' title='bbox 2489 2215 2578 2285; x_wconf 90' lang='lat' dir='ltr'><strong>qui</strong></span> <span class='ocrx_word' id='word_1_391' title='bbox 2609 2215 2680 2271; x_wconf 88' lang='lat' dir='ltr'><strong>de</strong></span> <span class='ocrx_word' id='word_1_392' title='bbox 2711 2218 2826 2273; x_wconf 90' lang='lat' dir='ltr'><strong>luto</strong></span> <span class='ocrx_word' id='word_1_393' title='bbox 2858 2219 3134 2276; x_wconf 89' lang='lat' dir='ltr'><strong>hominem</strong></span> <span class='ocrx_word' id='word_1_394' title='bbox 3164 2220 3418 2292; x_wconf 81' lang='lat' dir='ltr'><strong>ﬁguravit</strong></span> <span class='ocrx_word' id='word_1_395' title='bbox 3449 2223 3469 2298; x_wconf 92' lang='lat'><strong>(</strong></span> <span class='ocrx_word' id='word_1_396' title='bbox 3495 2223 3624 2281; x_wconf 79' lang='lat' dir='ltr'><strong>Gen.</strong></span> <span class='ocrx_word' id='word_1_397' title='bbox 3670 2241 3731 2290; x_wconf 88' lang='grc' dir='ltr'>ιι.</span> <span class='ocrx_word' id='word_1_398' title='bbox 3765 2229 3795 2281; x_wconf 90' lang='grc'>7</span> <span class='ocrx_word' id='word_1_399' title='bbox 3826 2227 3846 2298; x_wconf 89' lang='grc'>)</span> <span class='ocrx_word' id='word_1_400' title='bbox 3874 2249 3884 2282; x_wconf 92' lang='lat'>:</span> 
     </span>
    </p>
   </div>
   <div class='ocr_carea' id='block_1_52' title="bbox 2282 2306 3889 2388">
    <p class='ocr_par' dir='ltr' id='par_1_52' title="bbox 2282 2306 3889 2388">
     <span class='ocr_line' id='line_1_52' title="bbox 2282 2306 3889 2388; baseline 0.011 -29"><span class='ocrx_word' id='word_1_401' title='bbox 2282 2316 2336 2360; x_wconf 91' lang='lat' dir='ltr'><strong>et</strong></span> <span class='ocrx_word' id='word_1_402' title='bbox 2360 2306 2502 2376; x_wconf 86' lang='lat' dir='ltr'><strong>quod</strong></span> <span class='ocrx_word' id='word_1_403' title='bbox 2545 2307 2660 2363; x_wconf 74' lang='lat' dir='ltr'><strong>hzec</strong></span> <span class='ocrx_word' id='word_1_404' title='bbox 2703 2323 2834 2366; x_wconf 87' lang='lat' dir='ltr'><strong>caro</strong></span> <span class='ocrx_word' id='word_1_405' title='bbox 2864 2311 2960 2365; x_wconf 92' lang='lat' dir='ltr'><strong>luti</strong></span> <span class='ocrx_word' id='word_1_406' title='bbox 2998 2313 3169 2368; x_wconf 90' lang='lat' dir='ltr'><strong>nostri</strong></span> <span class='ocrx_word' id='word_1_407' title='bbox 3215 2329 3312 2384; x_wconf 92' lang='lat' dir='ltr'><strong>per</strong></span> <span class='ocrx_word' id='word_1_408' title='bbox 3341 2315 3679 2388; x_wconf 85' lang='lat' dir='ltr'><strong>baptismatis</strong></span> <span class='ocrx_word' id='word_1_409' title='bbox 3703 2334 3889 2376; x_wconf 87' lang='lat' dir='ltr'><strong>sacra-</strong></span> 
     </span>
    </p>
   </div>
   <div class='ocr_carea' id='block_1_53' title="bbox 2281 2403 3886 2478">
    <p class='ocr_par' dir='ltr' id='par_1_53' title="bbox 2281 2403 3886 2478">
     <span class='ocr_line' id='line_1_53' title="bbox 2281 2403 3886 2478; baseline 0.012 -27"><span class='ocrx_word' id='word_1_410' title='bbox 2281 2403 2463 2453; x_wconf 88' lang='lat' dir='ltr'><strong>menta</strong></span> <span class='ocrx_word' id='word_1_411' title='bbox 2491 2409 2710 2457; x_wconf 64' lang='lat' dir='ltr'><strong>aeternae</strong></span> <span class='ocrx_word' id='word_1_412' title='bbox 2737 2403 2862 2459; x_wconf 82' lang='lat' dir='ltr'><strong>vitae</strong></span> <span class='ocrx_word' id='word_1_413' title='bbox 2889 2404 3071 2461; x_wconf 92' lang='lat' dir='ltr'><strong>lumen</strong></span> <span class='ocrx_word' id='word_1_414' title='bbox 3101 2407 3368 2478; x_wconf 88' lang='lat' dir='ltr'><strong>accipiat?</strong></span> <span class='ocrx_word' id='word_1_415' title='bbox 3408 2409 3624 2468; x_wconf 85' lang='lat' dir='ltr'><strong>Accede</strong></span> <span class='ocrx_word' id='word_1_416' title='bbox 3651 2423 3707 2469; x_wconf 89' lang='lat' dir='ltr'><strong>et</strong></span> <span class='ocrx_word' id='word_1_417' title='bbox 3738 2423 3794 2470; x_wconf 92' lang='lat' dir='ltr'><strong>tu</strong></span> <span class='ocrx_word' id='word_1_418' title='bbox 3816 2416 3886 2471; x_wconf 87' lang='lat' dir='ltr'><strong>ad</strong></span> 
     </span>
    </p>
   </div>
   <div class='ocr_carea' id='block_1_54' title="bbox 2279 2490 3888 2573">
    <p class='ocr_par' dir='ltr' id='par_1_54' title="bbox 2279 2490 3888 2573">
     <span class='ocr_line' id='line_1_54' title="bbox 2279 2490 3888 2573; baseline 0.012 -29"><span class='ocrx_word' id='word_1_419' title='bbox 2279 2490 2508 2560; x_wconf 90' lang='lat' dir='ltr'><strong>Siloam,</strong></span> <span class='ocrx_word' id='word_1_420' title='bbox 2540 2492 2643 2549; x_wconf 92' lang='lat' dir='ltr'><strong>hoc</strong></span> <span class='ocrx_word' id='word_1_421' title='bbox 2664 2503 2770 2561; x_wconf 91' lang='lat' dir='ltr'><strong>est,</strong></span> <span class='ocrx_word' id='word_1_422' title='bbox 2803 2495 2871 2550; x_wconf 91' lang='lat' dir='ltr'><strong>ad</strong></span> <span class='ocrx_word' id='word_1_423' title='bbox 2901 2513 3022 2552; x_wconf 90' lang='lat' dir='ltr'><strong>cum</strong></span> <span class='ocrx_word' id='word_1_424' title='bbox 3052 2499 3145 2569; x_wconf 91' lang='lat' dir='ltr'><strong>qui</strong></span> <span class='ocrx_word' id='word_1_425' title='bbox 3169 2501 3371 2557; x_wconf 90' lang='lat' dir='ltr'><strong>missus</strong></span> <span class='ocrx_word' id='word_1_426' title='bbox 3397 2513 3480 2557; x_wconf 88' lang='lat' dir='ltr'><strong>est</strong></span> <span class='ocrx_word' id='word_1_427' title='bbox 3508 2519 3538 2557; x_wconf 89' lang='lat' dir='ltr'><strong>a</strong></span> <span class='ocrx_word' id='word_1_428' title='bbox 3567 2504 3746 2573; x_wconf 87' lang='lat' dir='ltr'><strong>Patre,</strong></span> <span class='ocrx_word' id='word_1_429' title='bbox 3779 2508 3888 2564; x_wconf 85' lang='lat' dir='ltr'><strong>sic-</strong></span> 
     </span>
    </p>
   </div>
   <div class='ocr_carea' id='block_1_55' title="bbox 2281 2585 3886 2671">
    <p class='ocr_par' dir='ltr' id='par_1_55' title="bbox 2281 2585 3886 2671">
     <span class='ocr_line' id='line_1_55' title="bbox 2281 2585 3886 2671; baseline 0.011 -35"><span class='ocrx_word' id='word_1_430' title='bbox 2281 2595 2339 2637; x_wconf 93' lang='lat' dir='ltr'><strong>ut</strong></span> <span class='ocrx_word' id='word_1_431' title='bbox 2367 2585 2534 2640; x_wconf 85' lang='lat' dir='ltr'><strong>habes</strong></span> <span class='ocrx_word' id='word_1_432' title='bbox 2561 2603 2572 2637; x_wconf 90' lang='lat'><strong>:</strong></span> <span class='ocrx_word' id='word_1_433' title='bbox 2605 2585 2725 2640; x_wconf 81' lang='lat' dir='ltr'><strong>Mea</strong></span> <span class='ocrx_word' id='word_1_434' title='bbox 2751 2587 2989 2644; x_wconf 81' lang='lat' dir='ltr'><strong>doctrina</strong></span> <span class='ocrx_word' id='word_1_435' title='bbox 3013 2607 3116 2645; x_wconf 86' lang='lat' dir='ltr'><strong>non</strong></span> <span class='ocrx_word' id='word_1_436' title='bbox 3143 2602 3217 2646; x_wconf 89' lang='lat' dir='ltr'><strong>est</strong></span> <span class='ocrx_word' id='word_1_437' title='bbox 3241 2610 3384 2660; x_wconf 88' lang='lat' dir='ltr'><strong>mea,</strong></span> <span class='ocrx_word' id='word_1_438' title='bbox 3426 2597 3514 2650; x_wconf 89' lang='lat' dir='ltr'><strong>sed</strong></span> <span class='ocrx_word' id='word_1_439' title='bbox 3545 2601 3657 2671; x_wconf 83' lang='lat' dir='ltr'><strong>ejus</strong></span> <span class='ocrx_word' id='word_1_440' title='bbox 3683 2601 3773 2669; x_wconf 85' lang='lat' dir='ltr'><strong>qui</strong></span> <span class='ocrx_word' id='word_1_441' title='bbox 3805 2617 3886 2654; x_wconf 85' lang='lat' dir='ltr'><strong>me</strong></span> 
     </span>
    </p>
   </div>
   <div class='ocr_carea' id='block_1_56' title="bbox 2279 2675 3882 2754">
    <p class='ocr_par' dir='ltr' id='par_1_56' title="bbox 2279 2675 3882 2754">
     <span class='ocr_line' id='line_1_56' title="bbox 2279 2675 3882 2754; baseline 0.012 -26"><span class='ocrx_word' id='word_1_442' title='bbox 2279 2676 2416 2729; x_wconf 85' lang='lat' dir='ltr'><strong>misit</strong></span> <span class='ocrx_word' id='word_1_443' title='bbox 2457 2675 2640 2748; x_wconf 83' lang='lat' dir='ltr'><strong>(Joan.</strong></span> <span class='ocrx_word' id='word_1_444' title='bbox 2687 2694 2778 2744; x_wconf 87' lang='lat' dir='ltr'><strong>vn,</strong></span> <span class='ocrx_word' id='word_1_445' title='bbox 2814 2679 2925 2751; x_wconf 87' lang='grc'><strong>16).</strong></span> <span class='ocrx_word' id='word_1_446' title='bbox 2960 2682 3137 2738; x_wconf 90' lang='lat' dir='ltr'><strong>Diluat</strong></span> <span class='ocrx_word' id='word_1_447' title='bbox 3181 2692 3234 2740; x_wconf 87' lang='lat' dir='ltr'><strong>te</strong></span> <span class='ocrx_word' id='word_1_448' title='bbox 3262 2683 3536 2754; x_wconf 88' lang='lat' dir='ltr'><strong>Christus,</strong></span> <span class='ocrx_word' id='word_1_449' title='bbox 3569 2700 3628 2744; x_wconf 90' lang='lat' dir='ltr'><strong>ut</strong></span> <span class='ocrx_word' id='word_1_450' title='bbox 3667 2690 3882 2748; x_wconf 90' lang='lat' dir='ltr'><strong>videas.</strong></span> 
     </span>
    </p>
   </div>
   <div class='ocr_carea' id='block_1_57' title="bbox 2280 2764 3883 2844">
    <p class='ocr_par' dir='ltr' id='par_1_57' title="bbox 2280 2764 3883 2844">
     <span class='ocr_line' id='line_1_57' title="bbox 2280 2764 3883 2844; baseline 0.012 -24"><span class='ocrx_word' id='word_1_451' title='bbox 2280 2764 2412 2821; x_wconf 84' lang='lat' dir='ltr'><strong>Veni</strong></span> <span class='ocrx_word' id='word_1_452' title='bbox 2441 2767 2506 2821; x_wconf 90' lang='lat' dir='ltr'><strong>ad</strong></span> <span class='ocrx_word' id='word_1_453' title='bbox 2537 2769 2890 2839; x_wconf 86' lang='lat' dir='ltr'><strong>baptismum,</strong></span> <span class='ocrx_word' id='word_1_454' title='bbox 2917 2781 3128 2844; x_wconf 91' lang='lat' dir='ltr'><strong>tempus</strong></span> <span class='ocrx_word' id='word_1_455' title='bbox 3158 2775 3336 2844; x_wconf 88' lang='lat' dir='ltr'><strong>ipsum</strong></span> <span class='ocrx_word' id='word_1_456' title='bbox 3362 2779 3556 2834; x_wconf 85' lang='lat' dir='ltr'><strong>adest:</strong></span> <span class='ocrx_word' id='word_1_457' title='bbox 3584 2783 3704 2836; x_wconf 90' lang='lat' dir='ltr'><strong>veni</strong></span> <span class='ocrx_word' id='word_1_458' title='bbox 3734 2783 3883 2840; x_wconf 80' lang='lat' dir='ltr'><strong>festi-</strong></span> 
     </span>
    </p>
   </div>
   <div class='ocr_carea' id='block_1_58' title="bbox 2279 2863 3879 2946">
    <p class='ocr_par' dir='ltr' id='par_1_58' title="bbox 2279 2863 3879 2946">
     <span class='ocr_line' id='line_1_58' title="bbox 2279 2863 3879 2946; baseline 0.014 -34"><span class='ocrx_word' id='word_1_459' title='bbox 2279 2873 2400 2925; x_wconf 88' lang='lat' dir='ltr'><strong>nus,</strong></span> <span class='ocrx_word' id='word_1_460' title='bbox 2435 2869 2490 2915; x_wconf 91' lang='lat' dir='ltr'><strong>ut</strong></span> <span class='ocrx_word' id='word_1_461' title='bbox 2526 2871 2581 2917; x_wconf 91' lang='lat' dir='ltr'><strong>tu</strong></span> <span class='ocrx_word' id='word_1_462' title='bbox 2609 2863 2757 2918; x_wconf 91' lang='lat' dir='ltr'><strong>dicas</strong></span> <span class='ocrx_word' id='word_1_463' title='bbox 2791 2884 2804 2920; x_wconf 91' lang='lat'><strong>:</strong></span> <span class='ocrx_word' id='word_1_464' title='bbox 2835 2865 2975 2932; x_wconf 84' lang='lat' dir='ltr'><strong>Abii,</strong></span> <span class='ocrx_word' id='word_1_465' title='bbox 3007 2878 3054 2922; x_wconf 89' lang='lat' dir='ltr'><strong>et</strong></span> <span class='ocrx_word' id='word_1_466' title='bbox 3077 2869 3198 2936; x_wconf 81' lang='lat' dir='ltr'><strong>lavi,</strong></span> <span class='ocrx_word' id='word_1_467' title='bbox 3229 2880 3278 2926; x_wconf 73' lang='lat' dir='ltr'><strong>et</strong></span> <span class='ocrx_word' id='word_1_468' title='bbox 3317 2872 3489 2928; x_wconf 85' lang='lat' dir='ltr'><strong>videre</strong></span> <span class='ocrx_word' id='word_1_469' title='bbox 3525 2876 3655 2944; x_wconf 74' lang='lat' dir='ltr'><strong>coepi</strong></span> <span class='ocrx_word' id='word_1_470' title='bbox 3692 2875 3879 2946; x_wconf 79' lang='lat' dir='ltr'><strong>(Joan.</strong></span> 
     </span>
    </p>
   </div>
   <div class='ocr_carea' id='block_1_59' title="bbox 2278 2952 3881 3040">
    <p class='ocr_par' dir='ltr' id='par_1_59' title="bbox 2278 2952 3881 3040">
     <span class='ocr_line' id='line_1_59' title="bbox 2278 2952 3881 3040; baseline 0.013 -37"><span class='ocrx_word' id='word_1_471' title='bbox 2278 2965 2349 3018; x_wconf 83' lang='lat' dir='ltr'><strong>Ix,</strong></span> <span class='ocrx_word' id='word_1_472' title='bbox 2388 2952 2510 3022; x_wconf 77' lang='lat' dir='ltr'><strong>ll);</strong></span> <span class='ocrx_word' id='word_1_473' title='bbox 2539 2962 2595 3008; x_wconf 91' lang='lat' dir='ltr'><strong>ut</strong></span> <span class='ocrx_word' id='word_1_474' title='bbox 2619 2964 2672 3008; x_wconf 89' lang='lat' dir='ltr'><strong>et</strong></span> <span class='ocrx_word' id='word_1_475' title='bbox 2701 2963 2754 3009; x_wconf 90' lang='lat' dir='ltr'><strong>tu</strong></span> <span class='ocrx_word' id='word_1_476' title='bbox 2778 2955 2927 3012; x_wconf 89' lang='lat' dir='ltr'><strong>dicas</strong></span> <span class='ocrx_word' id='word_1_477' title='bbox 2961 2974 2973 3012; x_wconf 94' lang='lat'>:</span> <span class='ocrx_word' id='word_1_478' title='bbox 3005 2958 3019 2994; x_wconf 83' lang='grc' dir='ltr'><strong>ί</strong></span> <span class='ocrx_word' id='word_1_479' title='bbox 3047 2956 3228 3015; x_wconf 62' lang='lat' dir='ltr'><strong>Caecus</strong></span> <span class='ocrx_word' id='word_1_480' title='bbox 3257 2978 3417 3031; x_wconf 80' lang='lat' dir='ltr'><strong>erant,</strong></span> <span class='ocrx_word' id='word_1_481' title='bbox 3442 2973 3487 3019; x_wconf 91' lang='lat' dir='ltr'><strong>et</strong></span> <span class='ocrx_word' id='word_1_482' title='bbox 3514 2966 3684 3022; x_wconf 82' lang='lat' dir='ltr'><strong>videre</strong></span> <span class='ocrx_word' id='word_1_483' title='bbox 3707 2972 3838 3040; x_wconf 70' lang='lat' dir='ltr'><strong>coepi</strong></span> <span class='ocrx_word' id='word_1_484' title='bbox 3860 2988 3881 3036; x_wconf 89' lang='lat'><strong><em>;</em></strong></span> 
     </span>
    </p>
   </div>
   <div class='ocr_carea' id='block_1_60' title="bbox 2277 3046 3882 3132">
    <p class='ocr_par' dir='ltr' id='par_1_60' title="bbox 2277 3046 3882 3132">
     <span class='ocr_line' id='line_1_60' title="bbox 2277 3046 3882 3132; baseline 0.012 -35"><span class='ocrx_word' id='word_1_485' title='bbox 2277 3050 2336 3097; x_wconf 89' lang='lat' dir='ltr'><strong>ut</strong></span> <span class='ocrx_word' id='word_1_486' title='bbox 2366 3054 2422 3099; x_wconf 93' lang='lat' dir='ltr'><strong>tu</strong></span> <span class='ocrx_word' id='word_1_487' title='bbox 2450 3046 2628 3112; x_wconf 84' lang='lat' dir='ltr'><strong>dicas,</strong></span> <span class='ocrx_word' id='word_1_488' title='bbox 2675 3047 2817 3103; x_wconf 89' lang='lat' dir='ltr'><strong>sicut</strong></span> <span class='ocrx_word' id='word_1_489' title='bbox 2852 3050 2954 3105; x_wconf 89' lang='lat' dir='ltr'><strong>iste</strong></span> <span class='ocrx_word' id='word_1_490' title='bbox 3005 3051 3190 3108; x_wconf 84' lang='lat' dir='ltr'><strong>refuso</strong></span> <span class='ocrx_word' id='word_1_491' title='bbox 3213 3054 3419 3110; x_wconf 91' lang='lat' dir='ltr'><strong>lumine</strong></span> <span class='ocrx_word' id='word_1_492' title='bbox 3450 3057 3562 3113; x_wconf 88' lang='lat' dir='ltr'><strong>ait:</strong></span> <span class='ocrx_word' id='word_1_493' title='bbox 3593 3057 3718 3114; x_wconf 77' lang='lat' dir='ltr'><strong>Nox</strong></span> <span class='ocrx_word' id='word_1_494' title='bbox 3743 3077 3882 3132; x_wconf 71' lang='lat' dir='ltr'><strong>pra-</strong></span> 
     </span>
    </p>
   </div>
   <div class='ocr_carea' id='block_1_61' title="bbox 572 3137 3768 3225">
    <p class='ocr_par' dir='ltr' id='par_1_61' title="bbox 572 3137 3768 3225">
     <span class='ocr_line' id='line_1_61' title="bbox 572 3137 3768 3225; baseline 0.005 -34"><span class='ocrx_word' id='word_1_495' title='bbox 572 3137 674 3192; x_wconf 82' lang='lat' dir='ltr'><strong>Hic</strong></span> <span class='ocrx_word' id='word_1_496' title='bbox 700 3142 946 3209; x_wconf 83' lang='lat' dir='ltr'><strong>peccavit,</strong></span> <span class='ocrx_word' id='word_1_497' title='bbox 980 3157 1047 3194; x_wconf 89' lang='lat' dir='ltr'><strong>an</strong></span> <span class='ocrx_word' id='word_1_498' title='bbox 1077 3150 1312 3209; x_wconf 86' lang='lat' dir='ltr'><strong>parentes</strong></span> <span class='ocrx_word' id='word_1_499' title='bbox 1343 3146 1455 3212; x_wconf 85' lang='lat' dir='ltr'><strong>ejus</strong></span> <span class='ocrx_word' id='word_1_500' title='bbox 1485 3143 1506 3216; x_wconf 95' lang='lat'><strong>(</strong></span> <span class='ocrx_word' id='word_1_501' title='bbox 1539 3143 1704 3212; x_wconf 83' lang='lat' dir='ltr'><strong>lbid.,</strong></span> <span class='ocrx_word' id='word_1_502' title='bbox 1729 3143 1786 3214; x_wconf 74' lang='lat'><strong>2)</strong></span> <span class='ocrx_word' id='word_1_503' title='bbox 1811 3145 1834 3196; x_wconf 88' lang='lat'><strong>?</strong></span> <span class='ocrx_word' id='word_1_504' title='bbox 1862 3145 2172 3203; x_wconf 87' lang='lat' dir='ltr'><strong>debilitates</strong></span> <span class='ocrx_word' id='word_1_505' title='bbox 2201 3149 2248 3212; x_wconf 87' lang='lat' dir='ltr'>C</span> <span class='ocrx_word' id='word_1_506' title='bbox 2278 3140 2450 3205; x_wconf 72' lang='grc' dir='ltr'><strong>σεεδὶι.</strong></span> <span class='ocrx_word' id='word_1_507' title='bbox 2484 3141 2594 3194; x_wconf 73' lang='lat' dir='ltr'><strong>dies</strong></span> <span class='ocrx_word' id='word_1_508' title='bbox 2623 3152 2792 3196; x_wconf 81' lang='lat' dir='ltr'><strong>autent</strong></span> <span class='ocrx_word' id='word_1_509' title='bbox 2821 3146 3256 3217; x_wconf 84' lang='lat' dir='ltr'><strong>appropinquavit</strong></span> <span class='ocrx_word' id='word_1_510' title='bbox 3285 3147 3463 3220; x_wconf 85' lang='lat' dir='ltr'><strong>(Rom.</strong></span> <span class='ocrx_word' id='word_1_511' title='bbox 3496 3167 3617 3217; x_wconf 83' lang='lat' dir='ltr'><strong>xm,</strong></span> <span class='ocrx_word' id='word_1_512' title='bbox 3653 3152 3768 3225; x_wconf 72' lang='grc'><strong>12).</strong></span> 
     </span>
    </p>
   </div>
   <div class='ocr_carea' id='block_1_62' title="bbox 567 3232 2172 3301">
    <p class='ocr_par' dir='ltr' id='par_1_62' title="bbox 567 3232 2172 3301">
     <span class='ocr_line' id='line_1_62' title="bbox 567 3232 2172 3301; baseline 0.005 -15"><span class='ocrx_word' id='word_1_513' title='bbox 567 3245 860 3301; x_wconf 88' lang='lat' dir='ltr'><strong>corporum</strong></span> <span class='ocrx_word' id='word_1_514' title='bbox 898 3232 1197 3288; x_wconf 83' lang='lat' dir='ltr'><strong>referentes</strong></span> <span class='ocrx_word' id='word_1_515' title='bbox 1233 3234 1302 3288; x_wconf 86' lang='lat' dir='ltr'><strong>ad</strong></span> <span class='ocrx_word' id='word_1_516' title='bbox 1351 3235 1543 3289; x_wconf 88' lang='lat' dir='ltr'><strong>merita</strong></span> <span class='ocrx_word' id='word_1_517' title='bbox 1573 3235 1918 3291; x_wconf 85' lang='lat' dir='ltr'><strong>delictorum.</strong></span> <span class='ocrx_word' id='word_1_518' title='bbox 1949 3238 2014 3292; x_wconf 90' lang='lat' dir='ltr'><strong>Et</strong></span> <span class='ocrx_word' id='word_1_519' title='bbox 2049 3238 2172 3294; x_wconf 91' lang='lat' dir='ltr'><strong>ideo</strong></span> 
     </span>
    </p>
   </div>
   <div class='ocr_carea' id='block_1_63' title="bbox 571 3321 2173 3401">
    <p class='ocr_par' dir='ltr' id='par_1_63' title="bbox 571 3321 2173 3401">
     <span class='ocr_line' id='line_1_63' title="bbox 571 3321 2173 3401; baseline 0.004 -26"><span class='ocrx_word' id='word_1_520' title='bbox 571 3321 836 3378; x_wconf 90' lang='lat' dir='ltr'><strong>Dominus</strong></span> <span class='ocrx_word' id='word_1_521' title='bbox 861 3324 935 3376; x_wconf 88' lang='lat' dir='ltr'><strong>ait</strong></span> <span class='ocrx_word' id='word_1_522' title='bbox 961 3339 974 3374; x_wconf 87' lang='lat'>:</span> <span class='ocrx_word' id='word_1_523' title='bbox 1000 3321 1182 3387; x_wconf 88' lang='lat' dir='ltr'><strong>Neque</strong></span> <span class='ocrx_word' id='word_1_524' title='bbox 1203 3325 1285 3377; x_wconf 90' lang='lat' dir='ltr'><strong>hic</strong></span> <span class='ocrx_word' id='word_1_525' title='bbox 1309 3326 1556 3394; x_wconf 82' lang='lat' dir='ltr'><strong>peccavit,</strong></span> <span class='ocrx_word' id='word_1_526' title='bbox 1577 3342 1738 3394; x_wconf 87' lang='lat' dir='ltr'><strong>neque</strong></span> <span class='ocrx_word' id='word_1_527' title='bbox 1765 3337 1999 3397; x_wconf 88' lang='lat' dir='ltr'><strong>parentes</strong></span> <span class='ocrx_word' id='word_1_528' title='bbox 2021 3332 2131 3401; x_wconf 87' lang='lat' dir='ltr'><strong>ejus</strong></span> <span class='ocrx_word' id='word_1_529' title='bbox 2155 3345 2173 3382; x_wconf 89' lang='lat'><strong><em>:</em></strong></span> 
     </span>
    </p>
   </div>
   <div class='ocr_carea' id='block_1_64' title="bbox 565 3414 2168 3493">
    <p class='ocr_par' dir='ltr' id='par_1_64' title="bbox 565 3414 2168 3493">
     <span class='ocr_line' id='line_1_64' title="bbox 565 3414 2168 3493; baseline 0.006 -26"><span class='ocrx_word' id='word_1_530' title='bbox 565 3414 658 3468; x_wconf 86' lang='lat' dir='ltr'><strong>sed</strong></span> <span class='ocrx_word' id='word_1_531' title='bbox 694 3422 749 3467; x_wconf 90' lang='lat' dir='ltr'><strong>ut</strong></span> <span class='ocrx_word' id='word_1_532' title='bbox 782 3414 1238 3484; x_wconf 78' lang='lat' dir='ltr'><strong>manifestarcntur</strong></span> <span class='ocrx_word' id='word_1_533' title='bbox 1274 3432 1432 3486; x_wconf 87' lang='lat' dir='ltr'><strong>opera</strong></span> <span class='ocrx_word' id='word_1_534' title='bbox 1461 3416 1561 3471; x_wconf 88' lang='lat' dir='ltr'><strong>Dei</strong></span> <span class='ocrx_word' id='word_1_535' title='bbox 1603 3419 1658 3472; x_wconf 89' lang='lat' dir='ltr'><strong>in</strong></span> <span class='ocrx_word' id='word_1_536' title='bbox 1696 3420 1786 3472; x_wconf 89' lang='lat' dir='ltr'><strong>illo</strong></span> <span class='ocrx_word' id='word_1_537' title='bbox 1818 3421 1834 3489; x_wconf 94' lang='lat'><strong>(</strong></span> <span class='ocrx_word' id='word_1_538' title='bbox 1861 3418 2036 3487; x_wconf 87' lang='lat' dir='ltr'><strong>Ibid.,</strong></span> <span class='ocrx_word' id='word_1_539' title='bbox 2072 3424 2103 3476; x_wconf 79' lang='grc'><strong>5</strong></span> <span class='ocrx_word' id='word_1_540' title='bbox 2129 3423 2168 3493; x_wconf 93' lang='grc'><strong>).</strong></span> 
     </span>
    </p>
   </div>
   <div class='ocr_carea' id='block_1_65' title="bbox 570 3503 2174 3581">
    <p class='ocr_par' dir='ltr' id='par_1_65' title="bbox 570 3503 2174 3581">
     <span class='ocr_line' id='line_1_65' title="bbox 570 3503 2174 3581; baseline 0.006 -23"><span class='ocrx_word' id='word_1_541' title='bbox 570 3503 728 3572; x_wconf 86' lang='lat' dir='ltr'><strong>Quod</strong></span> <span class='ocrx_word' id='word_1_542' title='bbox 771 3505 916 3559; x_wconf 91' lang='lat' dir='ltr'><strong>enim</strong></span> <span class='ocrx_word' id='word_1_543' title='bbox 968 3517 1176 3560; x_wconf 83' lang='lat' dir='ltr'><strong>naturae</strong></span> <span class='ocrx_word' id='word_1_544' title='bbox 1219 3506 1679 3575; x_wconf 84' lang='lat' dir='ltr'><strong>deluit,crcatori</strong></span> <span class='ocrx_word' id='word_1_545' title='bbox 1718 3512 1975 3581; x_wconf 87' lang='lat' dir='ltr'><strong>competit</strong></span> <span class='ocrx_word' id='word_1_546' title='bbox 2001 3512 2174 3567; x_wconf 82' lang='lat' dir='ltr'><strong>refor-</strong></span> 
     </span>
    </p>
   </div>
   <div class='ocr_carea' id='block_1_66' title="bbox 571 3597 2174 3666">
    <p class='ocr_par' dir='ltr' id='par_1_66' title="bbox 571 3597 2174 3666">
     <span class='ocr_line' id='line_1_66' title="bbox 571 3597 2174 3666; baseline 0.007 -16"><span class='ocrx_word' id='word_1_547' title='bbox 571 3611 743 3662; x_wconf 89' lang='lat' dir='ltr'><strong>mare,</strong></span> <span class='ocrx_word' id='word_1_548' title='bbox 772 3597 863 3666; x_wconf 89' lang='lat' dir='ltr'><strong>qui</strong></span> <span class='ocrx_word' id='word_1_549' title='bbox 891 3606 1085 3652; x_wconf 88' lang='lat' dir='ltr'><strong>auctor</strong></span> <span class='ocrx_word' id='word_1_550' title='bbox 1121 3608 1331 3654; x_wconf 74' lang='lat' dir='ltr'><strong>naturm</strong></span> <span class='ocrx_word' id='word_1_551' title='bbox 1356 3610 1460 3656; x_wconf 90' lang='lat' dir='ltr'><strong>est.</strong></span> <span class='ocrx_word' id='word_1_552' title='bbox 1495 3600 1650 3658; x_wconf 89' lang='lat' dir='ltr'><strong>Unde</strong></span> <span class='ocrx_word' id='word_1_553' title='bbox 1677 3603 1885 3659; x_wconf 88' lang='lat' dir='ltr'><strong>addidit</strong></span> <span class='ocrx_word' id='word_1_554' title='bbox 1916 3623 1927 3659; x_wconf 94' lang='lat'>:</span> <span class='ocrx_word' id='word_1_555' title='bbox 1965 3605 2090 3660; x_wconf 86' lang='lat' dir='ltr'><strong>Cum</strong></span> <span class='ocrx_word' id='word_1_556' title='bbox 2120 3609 2174 3662; x_wconf 88' lang='lat' dir='ltr'><strong>in</strong></span> 
     </span>
    </p>
   </div>
   <div class='ocr_carea' id='block_1_67' title="bbox 571 3688 2170 3770">
    <p class='ocr_par' dir='ltr' id='par_1_67' title="bbox 571 3688 2170 3770">
     <span class='ocr_line' id='line_1_67' title="bbox 571 3688 2170 3770; baseline 0.011 -30"><span class='ocrx_word' id='word_1_557' title='bbox 571 3688 670 3744; x_wconf 89' lang='lat' dir='ltr'><strong>hoc</strong></span> <span class='ocrx_word' id='word_1_558' title='bbox 713 3691 904 3745; x_wconf 89' lang='lat' dir='ltr'><strong>mundo</strong></span> <span class='ocrx_word' id='word_1_559' title='bbox 942 3707 1056 3746; x_wconf 84' lang='lat' dir='ltr'><strong>sum</strong></span> <span class='ocrx_word' id='word_1_560' title='bbox 1076 3733 1092 3758; x_wconf 94' lang='lat'><strong>,</strong></span> <span class='ocrx_word' id='word_1_561' title='bbox 1128 3692 1219 3748; x_wconf 74' lang='lat' dir='ltr'><strong>luas</strong></span> <span class='ocrx_word' id='word_1_562' title='bbox 1245 3710 1362 3748; x_wconf 89' lang='lat' dir='ltr'><strong>sum</strong></span> <span class='ocrx_word' id='word_1_563' title='bbox 1400 3695 1556 3767; x_wconf 82' lang='lat' dir='ltr'><strong>hujus</strong></span> <span class='ocrx_word' id='word_1_564' title='bbox 1584 3699 1763 3752; x_wconf 88' lang='lat' dir='ltr'><strong>mundi</strong></span> <span class='ocrx_word' id='word_1_565' title='bbox 1791 3697 1964 3770; x_wconf 85' lang='lat' dir='ltr'><strong>(Ibid.</strong></span> <span class='ocrx_word' id='word_1_566' title='bbox 1988 3700 2040 3770; x_wconf 87' lang='lat'><strong>);</strong></span> <span class='ocrx_word' id='word_1_567' title='bbox 2065 3700 2170 3757; x_wconf 86' lang='lat' dir='ltr'><strong>hoc</strong></span> 
     </span>
    </p>
   </div>
   <div class='ocr_carea' id='block_1_68' title="bbox 571 3785 2171 3859">
    <p class='ocr_par' dir='ltr' id='par_1_68' title="bbox 571 3785 2171 3859">
     <span class='ocr_line' id='line_1_68' title="bbox 571 3785 2171 3859; baseline 0.007 -22"><span class='ocrx_word' id='word_1_568' title='bbox 571 3788 679 3846; x_wconf 86' lang='lat' dir='ltr'><strong>est,</strong></span> <span class='ocrx_word' id='word_1_569' title='bbox 703 3793 935 3840; x_wconf 74' lang='lat' dir='ltr'><strong>omnese</strong></span> <span class='ocrx_word' id='word_1_570' title='bbox 969 3793 1198 3854; x_wconf 91' lang='lat' dir='ltr'><strong>possunt</strong></span> <span class='ocrx_word' id='word_1_571' title='bbox 1223 3785 1428 3853; x_wconf 89' lang='lat' dir='ltr'><strong>videre,</strong></span> <span class='ocrx_word' id='word_1_572' title='bbox 1452 3788 1544 3859; x_wconf 89' lang='lat' dir='ltr'><strong>qui</strong></span> <span class='ocrx_word' id='word_1_573' title='bbox 1567 3792 1696 3844; x_wconf 70' lang='lat' dir='ltr'><strong>cmci</strong></span> <span class='ocrx_word' id='word_1_574' title='bbox 1724 3801 1871 3857; x_wconf 90' lang='lat' dir='ltr'><strong>sunt,</strong></span> <span class='ocrx_word' id='word_1_575' title='bbox 1902 3792 1946 3845; x_wconf 92' lang='lat' dir='ltr'><strong>si</strong></span> <span class='ocrx_word' id='word_1_576' title='bbox 1977 3808 2062 3849; x_wconf 91' lang='lat' dir='ltr'><strong>me</strong></span> <span class='ocrx_word' id='word_1_577' title='bbox 2092 3795 2171 3848; x_wconf 91' lang='lat' dir='ltr'><strong>lu-</strong></span> 
     </span>
    </p>
   </div>
   <div class='ocr_carea' id='block_1_69' title="bbox 571 3875 2170 3948">
    <p class='ocr_par' dir='ltr' id='par_1_69' title="bbox 571 3875 2170 3948">
     <span class='ocr_line' id='line_1_69' title="bbox 571 3875 2170 3948; baseline 0.007 -21"><span class='ocrx_word' id='word_1_578' title='bbox 571 3886 698 3928; x_wconf 91' lang='lat' dir='ltr'><strong>men</strong></span> <span class='ocrx_word' id='word_1_579' title='bbox 730 3875 1031 3946; x_wconf 86' lang='lat' dir='ltr'><strong>requirant.</strong></span> <span class='ocrx_word' id='word_1_580' title='bbox 1057 3875 1314 3934; x_wconf 90' lang='lat' dir='ltr'><strong>Accedite</strong></span> <span class='ocrx_word' id='word_1_581' title='bbox 1339 3887 1396 3935; x_wconf 88' lang='lat' dir='ltr'><strong>et</strong></span> <span class='ocrx_word' id='word_1_582' title='bbox 1419 3895 1534 3944; x_wconf 88' lang='lat' dir='ltr'><strong>vos,</strong></span> <span class='ocrx_word' id='word_1_583' title='bbox 1565 3889 1621 3936; x_wconf 92' lang='lat' dir='ltr'><strong>et</strong></span> <span class='ocrx_word' id='word_1_584' title='bbox 1645 3881 2044 3948; x_wconf 86' lang='lat' dir='ltr'><strong>illuminamini,</strong></span> <span class='ocrx_word' id='word_1_585' title='bbox 2069 3883 2086 3920; x_wconf 70' lang='grc' dir='ltr'>ί</span> <span class='ocrx_word' id='word_1_586' title='bbox 2115 3894 2170 3938; x_wconf 83' lang='grc' dir='ltr'><strong>ιιι</strong></span> 
     </span>
    </p>
   </div>
   <div class='ocr_carea' id='block_1_70' title="bbox 569 3964 1526 4042">
    <p class='ocr_par' dir='ltr' id='par_1_70' title="bbox 569 3964 1526 4042">
     <span class='ocr_line' id='line_1_70' title="bbox 569 3964 1526 4042; baseline 0.008 -23"><span class='ocrx_word' id='word_1_587' title='bbox 569 3964 758 4022; x_wconf 89' lang='lat' dir='ltr'><strong>videre</strong></span> <span class='ocrx_word' id='word_1_588' title='bbox 775 3967 1000 4036; x_wconf 90' lang='lat' dir='ltr'><strong>possitis</strong></span> <span class='ocrx_word' id='word_1_589' title='bbox 1025 3967 1200 4038; x_wconf 85' lang='lat' dir='ltr'><strong>(Psal.</strong></span> <span class='ocrx_word' id='word_1_590' title='bbox 1227 3986 1414 4038; x_wconf 66' lang='grc' dir='ltr'>χχχιιι,</span> <span class='ocrx_word' id='word_1_591' title='bbox 1447 3971 1526 4042; x_wconf 85' lang='grc'><strong>6).</strong></span> 
     </span>
    </p>
   </div>
   <div class='ocr_carea' id='block_1_71' title="bbox 642 4055 2172 4135">
    <p class='ocr_par' dir='ltr' id='par_1_71' title="bbox 642 4055 2172 4135">
     <span class='ocr_line' id='line_1_71' title="bbox 642 4055 2172 4135; baseline 0.009 -26"><span class='ocrx_word' id='word_1_592' title='bbox 642 4055 699 4110; x_wconf 73' lang='grc'><strong>4.</strong></span> <span class='ocrx_word' id='word_1_593' title='bbox 744 4056 950 4114; x_wconf 90' lang='lat' dir='ltr'><strong>Deinde</strong></span> <span class='ocrx_word' id='word_1_594' title='bbox 979 4059 1109 4130; x_wconf 86' lang='lat' dir='ltr'><strong>quid</strong></span> <span class='ocrx_word' id='word_1_595' title='bbox 1136 4061 1239 4117; x_wconf 88' lang='lat' dir='ltr'><strong>sibi</strong></span> <span class='ocrx_word' id='word_1_596' title='bbox 1271 4063 1384 4130; x_wconf 89' lang='lat' dir='ltr'><strong>vult</strong></span> <span class='ocrx_word' id='word_1_597' title='bbox 1405 4063 1548 4132; x_wconf 88' lang='lat' dir='ltr'><strong>quod</strong></span> <span class='ocrx_word' id='word_1_598' title='bbox 1575 4065 1640 4132; x_wconf 91' lang='lat' dir='ltr'><strong>is,</strong></span> <span class='ocrx_word' id='word_1_599' title='bbox 1674 4066 1765 4135; x_wconf 91' lang='lat' dir='ltr'><strong>qui</strong></span> <span class='ocrx_word' id='word_1_600' title='bbox 1796 4067 1960 4122; x_wconf 80' lang='lat' dir='ltr'><strong>vitam</strong></span> <span class='ocrx_word' id='word_1_601' title='bbox 1991 4067 2172 4123; x_wconf 81' lang='lat' dir='ltr'><strong>refun-</strong></span> 
     </span>
    </p>
   </div>
   <div class='ocr_carea' id='block_1_72' title="bbox 568 4147 2170 4224">
    <p class='ocr_par' dir='ltr' id='par_1_72' title="bbox 568 4147 2170 4224">
     <span class='ocr_line' id='line_1_72' title="bbox 568 4147 2170 4224; baseline 0.007 -21"><span class='ocrx_word' id='word_1_602' title='bbox 568 4147 734 4204; x_wconf 91' lang='lat' dir='ltr'><strong>debat</strong></span> <span class='ocrx_word' id='word_1_603' title='bbox 763 4149 1020 4220; x_wconf 84' lang='lat' dir='ltr'><strong>imperio,</strong></span> <span class='ocrx_word' id='word_1_604' title='bbox 1043 4153 1274 4207; x_wconf 86' lang='lat' dir='ltr'><strong>salutem</strong></span> <span class='ocrx_word' id='word_1_605' title='bbox 1305 4164 1582 4224; x_wconf 71' lang='lat' dir='ltr'><strong>praecepto</strong></span> <span class='ocrx_word' id='word_1_606' title='bbox 1603 4155 1784 4224; x_wconf 90' lang='lat' dir='ltr'><strong>dabat,</strong></span> <span class='ocrx_word' id='word_1_607' title='bbox 1817 4157 2003 4213; x_wconf 83' lang='lat' dir='ltr'><strong>dicens</strong></span> <span class='ocrx_word' id='word_1_608' title='bbox 2024 4174 2170 4214; x_wconf 90' lang='lat' dir='ltr'><strong>mor-</strong></span> 
     </span>
    </p>
   </div>
   <div class='ocr_carea' id='block_1_73' title="bbox 565 4241 2170 4318">
    <p class='ocr_par' dir='ltr' id='par_1_73' title="bbox 565 4241 2170 4318">
     <span class='ocr_line' id='line_1_73' title="bbox 565 4241 2170 4318; baseline 0.007 -23"><span class='ocrx_word' id='word_1_609' title='bbox 565 4249 659 4297; x_wconf 91' lang='lat' dir='ltr'><strong>tuo</strong></span> <span class='ocrx_word' id='word_1_610' title='bbox 687 4260 699 4294; x_wconf 93' lang='lat'>:</span> <span class='ocrx_word' id='word_1_611' title='bbox 735 4241 838 4297; x_wconf 77' lang='lat' dir='ltr'><strong>Exi</strong></span> <span class='ocrx_word' id='word_1_612' title='bbox 866 4247 1007 4314; x_wconf 78' lang='lat' dir='ltr'><strong>foras</strong></span> <span class='ocrx_word' id='word_1_613' title='bbox 1036 4243 1217 4316; x_wconf 83' lang='lat' dir='ltr'><strong>(Joan.</strong></span> <span class='ocrx_word' id='word_1_614' title='bbox 1259 4260 1313 4299; x_wconf 79' lang='lat' dir='ltr'><strong>xl</strong></span> <span class='ocrx_word' id='word_1_615' title='bbox 1332 4286 1347 4311; x_wconf 94' lang='lat'><strong>,</strong></span> <span class='ocrx_word' id='word_1_616' title='bbox 1391 4245 1506 4318; x_wconf 75' lang='grc'><strong>41),</strong></span> <span class='ocrx_word' id='word_1_617' title='bbox 1529 4255 1584 4303; x_wconf 92' lang='lat' dir='ltr'><strong>et</strong></span> <span class='ocrx_word' id='word_1_618' title='bbox 1611 4263 1866 4318; x_wconf 87' lang='lat' dir='ltr'><strong>egressus</strong></span> <span class='ocrx_word' id='word_1_619' title='bbox 1895 4259 1980 4305; x_wconf 88' lang='lat' dir='ltr'><strong>est</strong></span> <span class='ocrx_word' id='word_1_620' title='bbox 2005 4250 2170 4306; x_wconf 86' lang='lat' dir='ltr'><strong>Laza-</strong></span> 
     </span>
    </p>
   </div>
   <div class='ocr_carea' id='block_1_74' title="bbox 639 4399 2243 4476">
    <p class='ocr_par' dir='ltr' id='par_1_74' title="bbox 639 4399 2243 4476">
     <span class='ocr_line' id='line_1_74' title="bbox 639 4399 2243 4476; baseline 0.005 -24"><span class='ocrx_word' id='word_1_621' title='bbox 639 4409 668 4438; x_wconf 72' lang='grc' dir='ltr'><strong>ι</strong></span> <span class='ocrx_word' id='word_1_622' title='bbox 695 4399 822 4476; x_wconf 74' lang='lat' dir='ltr'><strong>_1\_lec</strong></span> <span class='ocrx_word' id='word_1_623' title='bbox 852 4407 1009 4476; x_wconf 74' lang='lat' dir='ltr'><strong>tanta:</strong></span> <span class='ocrx_word' id='word_1_624' title='bbox 1039 4399 1488 4476; x_wconf 29' lang='lat' dir='ltr'><strong>gratite‘additnm</strong></span> <span class='ocrx_word' id='word_1_625' title='bbox 1513 4407 1597 4455; x_wconf 89' lang='lat' dir='ltr'><strong>est</strong></span> <span class='ocrx_word' id='word_1_626' title='bbox 1619 4402 1790 4476; x_wconf 91' lang='lat' dir='ltr'><strong>e_solo</strong></span> <span class='ocrx_word' id='word_1_627' title='bbox 1810 4403 1932 4476; x_wconf 75' lang='lat' dir='ltr'><strong>cod.</strong></span> <span class='ocrx_word' id='word_1_628' title='bbox 1965 4405 2160 4476; x_wconf 87' lang='lat' dir='ltr'><strong>Boyer.</strong></span> <span class='ocrx_word' id='word_1_629' title='bbox 2189 4412 2243 4472; x_wconf 85' lang='lat' dir='ltr'><strong>D</strong></span> 
     </span>
    </p>
   </div>
   <div class='ocr_carea' id='block_1_75' title="bbox 566 4469 2163 4540">
    <p class='ocr_par' dir='ltr' id='par_1_75' title="bbox 566 4469 2163 4540">
     <span class='ocr_line' id='line_1_75' title="bbox 566 4469 2163 4540; baseline 0.004 -15"><span class='ocrx_word' id='word_1_630' title='bbox 566 4469 711 4540; x_wconf 87' lang='lat' dir='ltr'><strong>quod</strong></span> <span class='ocrx_word' id='word_1_631' title='bbox 743 4471 796 4524; x_wconf 92' lang='lat' dir='ltr'><strong>in</strong></span> <span class='ocrx_word' id='word_1_632' title='bbox 819 4470 941 4524; x_wconf 88' lang='lat' dir='ltr'><strong>aliis</strong></span> <span class='ocrx_word' id='word_1_633' title='bbox 969 4480 1023 4524; x_wconf 89' lang='lat' dir='ltr'><strong>et</strong></span> <span class='ocrx_word' id='word_1_634' title='bbox 1044 4469 1277 4540; x_wconf 78' lang='lat' dir='ltr'><strong>cunctis</strong></span> <span class='ocrx_word' id='word_1_635' title='bbox 1315 4470 1452 4526; x_wconf 90' lang='lat' dir='ltr'><strong>edit.</strong></span> <span class='ocrx_word' id='word_1_636' title='bbox 1493 4487 1599 4526; x_wconf 90' lang='lat' dir='ltr'><strong>non</strong></span> <span class='ocrx_word' id='word_1_637' title='bbox 1632 4473 1750 4528; x_wconf 89' lang='lat' dir='ltr'><strong>sine</strong></span> <span class='ocrx_word' id='word_1_638' title='bbox 1780 4469 2163 4531; x_wconf 75' lang='lat' dir='ltr'><strong>concinnitatis</strong></span> 
     </span>
    </p>
   </div>
   <div class='ocr_carea' id='block_1_76' title="bbox 567 4539 1387 4610">
    <p class='ocr_par' dir='ltr' id='par_1_76' title="bbox 567 4539 1387 4610">
     <span class='ocr_line' id='line_1_76' title="bbox 567 4539 1387 4610; baseline -0.004 -14"><span class='ocrx_word' id='word_1_639' title='bbox 567 4539 903 4597; x_wconf 89' lang='lat' dir='ltr'><strong>detrimento</strong></span> <span class='ocrx_word' id='word_1_640' title='bbox 926 4539 1387 4610; x_wconf 73' lang='lat' dir='ltr'><strong>praetermittitur.</strong></span> 
     </span>
    </p>
   </div>
   <div class='ocr_carea' id='block_1_77' title="bbox 638 4610 2160 4677">
    <p class='ocr_par' dir='ltr' id='par_1_77' title="bbox 638 4610 2160 4677">
     <span class='ocr_line' id='line_1_77' title="bbox 638 4610 2160 4677; baseline 0.005 -11"><span class='ocrx_word' id='word_1_641' title='bbox 638 4610 668 4649; x_wconf 69' lang='grc' dir='ltr'>δ</span> <span class='ocrx_word' id='word_1_642' title='bbox 707 4610 784 4666; x_wconf 90' lang='lat' dir='ltr'><strong>Ita</strong></span> <span class='ocrx_word' id='word_1_643' title='bbox 836 4626 967 4666; x_wconf 90' lang='lat' dir='ltr'><strong>mss.</strong></span> <span class='ocrx_word' id='word_1_644' title='bbox 1011 4611 1285 4677; x_wconf 91' lang='lat' dir='ltr'><strong>nonnulli,</strong></span> <span class='ocrx_word' id='word_1_645' title='bbox 1325 4627 1389 4666; x_wconf 87' lang='lat' dir='ltr'><strong>ac</strong></span> <span class='ocrx_word' id='word_1_646' title='bbox 1418 4622 1532 4668; x_wconf 89' lang='lat' dir='ltr'><strong>vet.</strong></span> <span class='ocrx_word' id='word_1_647' title='bbox 1577 4612 1709 4668; x_wconf 88' lang='lat' dir='ltr'><strong>edit.</strong></span> <span class='ocrx_word' id='word_1_648' title='bbox 1745 4633 1756 4666; x_wconf 92' lang='lat'>:</span> <span class='ocrx_word' id='word_1_649' title='bbox 1789 4615 1947 4670; x_wconf 85' lang='lat' dir='ltr'><strong>Rom.</strong></span> <span class='ocrx_word' id='word_1_650' title='bbox 1981 4625 2160 4674; x_wconf 90' lang='lat' dir='ltr'><strong>autem</strong></span> 
     </span>
    </p>
   </div>
   <div class='ocr_carea' id='block_1_78' title="bbox 564 4683 2160 4756">
    <p class='ocr_par' dir='ltr' id='par_1_78' title="bbox 564 4683 2160 4756">
     <span class='ocr_line' id='line_1_78' title="bbox 564 4683 2160 4756; baseline 0.004 -18"><span class='ocrx_word' id='word_1_651' title='bbox 564 4683 829 4746; x_wconf 86' lang='lat' dir='ltr'><strong>inseruit,</strong></span> <span class='ocrx_word' id='word_1_652' title='bbox 877 4684 934 4756; x_wconf 75' lang='grc' dir='ltr'>τᾷ</span> <span class='ocrx_word' id='word_1_653' title='bbox 976 4683 1283 4756; x_wconf 84' lang='lat' dir='ltr'><strong>episcopus;</strong></span> <span class='ocrx_word' id='word_1_654' title='bbox 1314 4697 1443 4756; x_wconf 84' lang='lat' dir='ltr'><strong>mss.</strong></span> <span class='ocrx_word' id='word_1_655' title='bbox 1485 4683 1645 4756; x_wconf 78' lang='lat' dir='ltr'><strong>Ltet.,</strong></span> <span class='ocrx_word' id='word_1_656' title='bbox 1696 4685 1866 4756; x_wconf 85' lang='lat' dir='ltr'><strong>Long.</strong></span> <span class='ocrx_word' id='word_1_657' title='bbox 1908 4697 1963 4744; x_wconf 91' lang='lat' dir='ltr'><strong>et</strong></span> <span class='ocrx_word' id='word_1_658' title='bbox 2002 4688 2160 4745; x_wconf 88' lang='lat' dir='ltr'><strong>Gem.</strong></span> 
     </span>
    </p>
   </div>
   <div class='ocr_carea' id='block_1_79' title="bbox 566 4753 2160 4823">
    <p class='ocr_par' dir='ltr' id='par_1_79' title="bbox 566 4753 2160 4823">
     <span class='ocr_line' id='line_1_79' title="bbox 566 4753 2160 4823; baseline 0.004 -15"><span class='ocrx_word' id='word_1_659' title='bbox 566 4767 664 4823; x_wconf 86' lang='lat' dir='ltr'><strong>per</strong></span> <span class='ocrx_word' id='word_1_660' title='bbox 703 4753 1094 4809; x_wconf 89' lang='lat' dir='ltr'><strong>correctionem</strong></span> <span class='ocrx_word' id='word_1_661' title='bbox 1137 4753 1437 4808; x_wconf 83' lang='lat' dir='ltr'><strong>Ambrosius</strong></span> <span class='ocrx_word' id='word_1_662' title='bbox 1483 4755 1721 4822; x_wconf 66' lang='lat' dir='ltr'><strong>Irenaeo;</strong></span> <span class='ocrx_word' id='word_1_663' title='bbox 1767 4753 1910 4813; x_wconf 76' lang='lat' dir='ltr'><strong>idem</strong></span> <span class='ocrx_word' id='word_1_664' title='bbox 1955 4759 2160 4815; x_wconf 88' lang='lat' dir='ltr'><strong>Gem.l</strong></span> 
     </span>
    </p>
   </div>
   <div class='ocr_carea' id='block_1_80' title="bbox 569 4823 2162 4892">
    <p class='ocr_par' dir='ltr' id='par_1_80' title="bbox 569 4823 2162 4892">
     <span class='ocr_line' id='line_1_80' title="bbox 569 4823 2162 4892; baseline 0.006 -14"><span class='ocrx_word' id='word_1_665' title='bbox 569 4840 754 4890; x_wconf 89' lang='lat' dir='ltr'><strong>manu,</strong></span> <span class='ocrx_word' id='word_1_666' title='bbox 780 4823 1250 4890; x_wconf 83' lang='lat' dir='ltr'><strong>Horontiano;alii</strong></span> <span class='ocrx_word' id='word_1_667' title='bbox 1271 4824 1508 4892; x_wconf 86' lang='lat' dir='ltr'><strong>quinque</strong></span> <span class='ocrx_word' id='word_1_668' title='bbox 1530 4828 1914 4883; x_wconf 80' lang='lat' dir='ltr'><strong>salutationem</strong></span> <span class='ocrx_word' id='word_1_669' title='bbox 1940 4833 2162 4888; x_wconf 90' lang='lat' dir='ltr'><strong>omnino</strong></span> 
     </span>
    </p>
   </div>
   <div class='ocr_carea' id='block_1_81' title="bbox 565 4895 2163 4964">
    <p class='ocr_par' dir='ltr' id='par_1_81' title="bbox 565 4895 2163 4964">
     <span class='ocr_line' id='line_1_81' title="bbox 565 4895 2163 4964; baseline 0.004 -14"><span class='ocrx_word' id='word_1_670' title='bbox 565 4895 890 4964; x_wconf 88' lang='lat' dir='ltr'><strong>repudiant,</strong></span> <span class='ocrx_word' id='word_1_671' title='bbox 924 4897 1081 4964; x_wconf 90' lang='lat' dir='ltr'><strong>cujus</strong></span> <span class='ocrx_word' id='word_1_672' title='bbox 1117 4895 1238 4950; x_wconf 92' lang='lat' dir='ltr'><strong>loco</strong></span> <span class='ocrx_word' id='word_1_673' title='bbox 1283 4896 1337 4950; x_wconf 93' lang='lat' dir='ltr'><strong>in</strong></span> <span class='ocrx_word' id='word_1_674' title='bbox 1377 4896 1548 4952; x_wconf 91' lang='lat' dir='ltr'><strong>tribus</strong></span> <span class='ocrx_word' id='word_1_675' title='bbox 1587 4898 1709 4953; x_wconf 90' lang='lat' dir='ltr'><strong>aliis</strong></span> <span class='ocrx_word' id='word_1_676' title='bbox 1756 4900 2104 4956; x_wconf 88' lang='lat' dir='ltr'><strong>substituitur</strong></span> <span class='ocrx_word' id='word_1_677' title='bbox 2152 4923 2163 4956; x_wconf 93' lang='lat'>:</span> 
     </span>
    </p>
   </div>
   <div class='ocr_carea' id='block_1_82' title="bbox 571 4964 2162 5038">
    <p class='ocr_par' dir='ltr' id='par_1_82' title="bbox 571 4964 2162 5038">
     <span class='ocr_line' id='line_1_82' title="bbox 571 4964 2162 5038; baseline 0.006 -20"><span class='ocrx_word' id='word_1_678' title='bbox 571 4964 883 5038; x_wconf 65' lang='lat' dir='ltr'><strong>Praedicatio</strong></span> <span class='ocrx_word' id='word_1_679' title='bbox 913 4967 976 5021; x_wconf 83' lang='lat' dir='ltr'><strong>de</strong></span> <span class='ocrx_word' id='word_1_680' title='bbox 1002 4982 1135 5038; x_wconf 79' lang='lat' dir='ltr'><strong>cwco</strong></span> <span class='ocrx_word' id='word_1_681' title='bbox 1167 4975 1305 5020; x_wconf 91' lang='lat' dir='ltr'><strong>nato.</strong></span> <span class='ocrx_word' id='word_1_682' title='bbox 1341 4967 1448 5022; x_wconf 89' lang='lat' dir='ltr'><strong>Sed</strong></span> <span class='ocrx_word' id='word_1_683' title='bbox 1475 4969 1614 5023; x_wconf 90' lang='lat' dir='ltr'><strong>hanc</strong></span> <span class='ocrx_word' id='word_1_684' title='bbox 1639 4970 1925 5038; x_wconf 88' lang='lat' dir='ltr'><strong>epistolam</strong></span> <span class='ocrx_word' id='word_1_685' title='bbox 1951 4973 2018 5026; x_wconf 89' lang='lat' dir='ltr'><strong>ad</strong></span> <span class='ocrx_word' id='word_1_686' title='bbox 2043 4973 2162 5028; x_wconf 87' lang='lat' dir='ltr'><strong>Bel-</strong></span> 
     </span>
    </p>
   </div>
   <div class='ocr_carea' id='block_1_83' title="bbox 564 5037 2158 5110">
    <p class='ocr_par' dir='ltr' id='par_1_83' title="bbox 564 5037 2158 5110">
     <span class='ocr_line' id='line_1_83' title="bbox 564 5037 2158 5110; baseline 0.006 -20"><span class='ocrx_word' id='word_1_687' title='bbox 564 5037 750 5093; x_wconf 90' lang='lat' dir='ltr'><strong>llcium</strong></span> <span class='ocrx_word' id='word_1_688' title='bbox 790 5052 915 5092; x_wconf 87' lang='lat' dir='ltr'><strong>esse</strong></span> <span class='ocrx_word' id='word_1_689' title='bbox 953 5037 1353 5093; x_wconf 84' lang='lat' dir='ltr'><strong>inscribendam</strong></span> <span class='ocrx_word' id='word_1_690' title='bbox 1389 5054 1455 5093; x_wconf 83' lang='lat' dir='ltr'><strong>ex</strong></span> <span class='ocrx_word' id='word_1_691' title='bbox 1502 5037 1772 5110; x_wconf 88' lang='lat' dir='ltr'><strong>superiori</strong></span> <span class='ocrx_word' id='word_1_692' title='bbox 1817 5042 2158 5100; x_wconf 80' lang='lat' dir='ltr'><strong>manifestum</strong></span> 
     </span>
    </p>
   </div>
   <div class='ocr_carea' id='block_1_84' title="bbox 567 5118 672 5163">
    <p class='ocr_par' dir='ltr' id='par_1_84' title="bbox 567 5118 672 5163">
     <span class='ocr_line' id='line_1_84' title="bbox 567 5118 672 5163; baseline -0.019 0"><span class='ocrx_word' id='word_1_693' title='bbox 567 5118 672 5163; x_wconf 88' lang='lat' dir='ltr'><strong>est.</strong></span> 
     </span>
    </p>
   </div>
   <div class='ocr_carea' id='block_1_85' title="bbox 645 5178 2160 5252">
    <p class='ocr_par' dir='ltr' id='par_1_85' title="bbox 645 5178 2160 5252">
     <span class='ocr_line' id='line_1_85' title="bbox 645 5178 2160 5252; baseline 0.006 -18"><span class='ocrx_word' id='word_1_694' title='bbox 645 5189 667 5217; x_wconf 68' lang='grc' dir='ltr'><strong><em>ο</em></strong></span> <span class='ocrx_word' id='word_1_695' title='bbox 711 5178 834 5235; x_wconf 79' lang='lat' dir='ltr'><strong>Vet.</strong></span> <span class='ocrx_word' id='word_1_696' title='bbox 862 5179 995 5236; x_wconf 90' lang='lat' dir='ltr'><strong>edit.</strong></span> <span class='ocrx_word' id='word_1_697' title='bbox 1028 5193 1092 5235; x_wconf 88' lang='lat' dir='ltr'><strong>ac</strong></span> <span class='ocrx_word' id='word_1_698' title='bbox 1111 5194 1243 5236; x_wconf 90' lang='lat' dir='ltr'><strong>mss.</strong></span> <span class='ocrx_word' id='word_1_699' title='bbox 1272 5181 1511 5251; x_wconf 88' lang='lat' dir='ltr'><strong>quidam,</strong></span> <span class='ocrx_word' id='word_1_700' title='bbox 1541 5198 1572 5235; x_wconf 93' lang='lat' dir='ltr'><strong>a</strong></span> <span class='ocrx_word' id='word_1_701' title='bbox 1591 5185 1920 5252; x_wconf 84' lang='lat' dir='ltr'><strong>generatione</strong></span> <span class='ocrx_word' id='word_1_702' title='bbox 1946 5201 2160 5243; x_wconf 75' lang='lat' dir='ltr'><strong>aecum.</strong></span> 
     </span>
    </p>
   </div>
   <div class='ocr_carea' id='block_1_86' title="bbox 567 5248 2163 5327">
    <p class='ocr_par' dir='ltr' id='par_1_86' title="bbox 567 5248 2163 5327">
     <span class='ocr_line' id='line_1_86' title="bbox 567 5248 2163 5327; baseline 0.006 -24"><span class='ocrx_word' id='word_1_703' title='bbox 567 5248 712 5322; x_wconf 87' lang='lat' dir='ltr'><strong>Ergo</strong></span> <span class='ocrx_word' id='word_1_704' title='bbox 734 5267 797 5305; x_wconf 86' lang='lat' dir='ltr'><strong>ne</strong></span> <span class='ocrx_word' id='word_1_705' title='bbox 825 5267 917 5306; x_wconf 90' lang='lat' dir='ltr'><strong>nos</strong></span> <span class='ocrx_word' id='word_1_706' title='bbox 940 5252 1178 5327; x_wconf 67' lang='lat' dir='ltr'><strong>quidem</strong></span> <span class='ocrx_word' id='word_1_707' title='bbox 1205 5248 1466 5319; x_wconf 65' lang='lat' dir='ltr'><strong>praEterire</strong></span> <span class='ocrx_word' id='word_1_708' title='bbox 1499 5248 1758 5327; x_wconf 71' lang='lat' dir='ltr'><strong>debemus.</strong></span> <span class='ocrx_word' id='word_1_709' title='bbox 1801 5253 1871 5309; x_wconf 89' lang='lat' dir='ltr'><strong>Et</strong></span> <span class='ocrx_word' id='word_1_710' title='bbox 1906 5257 2077 5327; x_wconf 79' lang='lat' dir='ltr'><strong>infra,</strong></span> <span class='ocrx_word' id='word_1_711' title='bbox 2109 5269 2163 5312; x_wconf 89' lang='lat' dir='ltr'><strong>ut</strong></span> 
     </span>
    </p>
   </div>
   <div class='ocr_carea' id='block_1_87' title="bbox 566 5323 2160 5397">
    <p class='ocr_par' dir='ltr' id='par_1_87' title="bbox 566 5323 2160 5397">
     <span class='ocr_line' id='line_1_87' title="bbox 566 5323 2160 5397; baseline 0.008 -25"><span class='ocrx_word' id='word_1_712' title='bbox 566 5337 844 5390; x_wconf 83' lang='lat' dir='ltr'><strong>cognoscas</strong></span> <span class='ocrx_word' id='word_1_713' title='bbox 859 5323 985 5392; x_wconf 87' lang='lat' dir='ltr'><strong>quia</strong></span> <span class='ocrx_word' id='word_1_714' title='bbox 1004 5324 1143 5397; x_wconf 82' lang='lat' dir='ltr'><strong>quod</strong></span> <span class='ocrx_word' id='word_1_715' title='bbox 1162 5323 1256 5377; x_wconf 88' lang='lat' dir='ltr'><strong>iste</strong></span> <span class='ocrx_word' id='word_1_716' title='bbox 1282 5332 1517 5392; x_wconf 87' lang='lat' dir='ltr'><strong>sanatur,</strong></span> <span class='ocrx_word' id='word_1_717' title='bbox 1540 5326 1628 5394; x_wconf 84' lang='lat' dir='ltr'><strong>qui</strong></span> <span class='ocrx_word' id='word_1_718' title='bbox 1655 5343 1686 5378; x_wconf 91' lang='lat' dir='ltr'><strong>a</strong></span> <span class='ocrx_word' id='word_1_719' title='bbox 1714 5323 2042 5397; x_wconf 84' lang='lat' dir='ltr'><strong>generatione</strong></span> <span class='ocrx_word' id='word_1_720' title='bbox 2065 5323 2160 5384; x_wconf 80' lang='lat' dir='ltr'><strong>sua</strong></span> 
     </span>
    </p>
   </div>
   <div class='ocr_carea' id='block_1_88' title="bbox 527 5394 1396 5460">
    <p class='ocr_par' dir='ltr' id='par_1_88' title="bbox 527 5394 1396 5460">
     <span class='ocr_line' id='line_1_88' title="bbox 527 5394 1396 5460; baseline 0.005 -16"><span class='ocrx_word' id='word_1_721' title='bbox 527 5407 542 5420; x_wconf 89' lang='grc'><strong>·</strong></span> <span class='ocrx_word' id='word_1_722' title='bbox 564 5407 733 5446; x_wconf 79' lang='lat' dir='ltr'><strong>aecus</strong></span> <span class='ocrx_word' id='word_1_723' title='bbox 755 5401 850 5458; x_wconf 89' lang='lat' dir='ltr'><strong>est,</strong></span> <span class='ocrx_word' id='word_1_724' title='bbox 875 5409 978 5447; x_wconf 89' lang='lat' dir='ltr'><strong>non</strong></span> <span class='ocrx_word' id='word_1_725' title='bbox 1005 5394 1131 5446; x_wconf 88' lang='lat' dir='ltr'><strong>artis</strong></span> <span class='ocrx_word' id='word_1_726' title='bbox 1161 5405 1260 5460; x_wconf 84' lang='lat' dir='ltr'><strong>est,</strong></span> <span class='ocrx_word' id='word_1_727' title='bbox 1291 5403 1396 5450; x_wconf 90' lang='lat' dir='ltr'><strong>etc.</strong></span> 
     </span>
    </p>
   </div>
   <div class='ocr_carea' id='block_1_89' title="bbox 634 5461 2159 5539">
    <p class='ocr_par' dir='ltr' id='par_1_89' title="bbox 634 5461 2159 5539">
     <span class='ocr_line' id='line_1_89' title="bbox 634 5461 2159 5539; baseline 0.006 -23"><span class='ocrx_word' id='word_1_728' title='bbox 634 5461 661 5499; x_wconf 75' lang='grc' dir='ltr'><em>ά</em></span> <span class='ocrx_word' id='word_1_729' title='bbox 702 5463 1029 5539; x_wconf 67' lang='lat' dir='ltr'><strong>Ratn._edit.</strong></span> <span class='ocrx_word' id='word_1_730' title='bbox 1051 5505 1065 5530; x_wconf 93' lang='lat'><strong>,</strong></span> <span class='ocrx_word' id='word_1_731' title='bbox 1105 5463 1272 5530; x_wconf 82' lang='lat' dir='ltr'><strong>Quam</strong></span> <span class='ocrx_word' id='word_1_732' title='bbox 1299 5465 1496 5539; x_wconf 81' lang='lat' dir='ltr'><strong>stolide</strong></span> <span class='ocrx_word' id='word_1_733' title='bbox 1521 5475 1694 5520; x_wconf 86' lang='lat' dir='ltr'><strong>autem</strong></span> <span class='ocrx_word' id='word_1_734' title='bbox 1722 5467 1966 5539; x_wconf 85' lang='lat' dir='ltr'><strong>discipuli</strong></span> <span class='ocrx_word' id='word_1_735' title='bbox 1992 5470 2159 5525; x_wconf 86' lang='lat' dir='ltr'><strong>inter-</strong></span> 
     </span>
    </p>
   </div>
   <div class='ocr_carea' id='block_1_90' title="bbox 560 5534 2155 5610">
    <p class='ocr_par' dir='ltr' id='par_1_90' title="bbox 560 5534 2155 5610">
     <span class='ocr_line' id='line_1_90' title="bbox 560 5534 2155 5610; baseline 0.006 -24"><span class='ocrx_word' id='word_1_736' title='bbox 560 5544 789 5610; x_wconf 81' lang='lat' dir='ltr'><strong>rogant;</strong></span> <span class='ocrx_word' id='word_1_737' title='bbox 816 5534 935 5610; x_wconf 79' lang='lat' dir='ltr'><strong>aliae</strong></span> <span class='ocrx_word' id='word_1_738' title='bbox 958 5550 1110 5610; x_wconf 84' lang='lat' dir='ltr'><strong>vero,</strong></span> <span class='ocrx_word' id='word_1_739' title='bbox 1139 5544 1194 5590; x_wconf 90' lang='lat' dir='ltr'><strong>et</strong></span> <span class='ocrx_word' id='word_1_740' title='bbox 1237 5551 1367 5591; x_wconf 89' lang='lat' dir='ltr'><strong>mss.</strong></span> <span class='ocrx_word' id='word_1_741' title='bbox 1402 5545 1458 5610; x_wconf 71' lang='lat' dir='ltr'><strong>ut</strong></span> <span class='ocrx_word' id='word_1_742' title='bbox 1483 5536 1536 5610; x_wconf 73' lang='lat' dir='ltr'><strong>in</strong></span> <span class='ocrx_word' id='word_1_743' title='bbox 1567 5547 1714 5610; x_wconf 80' lang='lat' dir='ltr'><strong>t_extu</strong></span> <span class='ocrx_word' id='word_1_744' title='bbox 1735 5579 1749 5602; x_wconf 90' lang='lat'><strong>,</strong></span> <span class='ocrx_word' id='word_1_745' title='bbox 1795 5534 1898 5594; x_wconf 80' lang='lat' dir='ltr'><strong>nisi</strong></span> <span class='ocrx_word' id='word_1_746' title='bbox 1926 5541 2070 5610; x_wconf 90' lang='lat' dir='ltr'><strong>quod</strong></span> <span class='ocrx_word' id='word_1_747' title='bbox 2099 5543 2155 5597; x_wconf 88' lang='lat' dir='ltr'><strong>in</strong></span> 
     </span>
    </p>
   </div>
   <div class='ocr_carea' id='block_1_91' title="bbox 560 5605 2154 5677">
    <p class='ocr_par' dir='ltr' id='par_1_91' title="bbox 560 5605 2154 5677">
     <span class='ocr_line' id='line_1_91' title="bbox 560 5605 2154 5677; baseline 0.006 -19"><span class='ocrx_word' id='word_1_748' title='bbox 560 5605 752 5677; x_wconf 82' lang='lat' dir='ltr'><strong>paucis</strong></span> <span class='ocrx_word' id='word_1_749' title='bbox 778 5605 921 5658; x_wconf 85' lang='lat' dir='ltr'><strong>stulti</strong></span> <span class='ocrx_word' id='word_1_750' title='bbox 947 5606 1172 5677; x_wconf 84' lang='lat' dir='ltr'><strong>ponitur</strong></span> <span class='ocrx_word' id='word_1_751' title='bbox 1194 5620 1292 5677; x_wconf 91' lang='lat' dir='ltr'><strong>pro</strong></span> <span class='ocrx_word' id='word_1_752' title='bbox 1337 5605 1533 5661; x_wconf 86' lang='lat' dir='ltr'><strong>stolidi.</strong></span> <span class='ocrx_word' id='word_1_753' title='bbox 1566 5607 1768 5663; x_wconf 87' lang='lat' dir='ltr'><strong>Eodem</strong></span> <span class='ocrx_word' id='word_1_754' title='bbox 1793 5605 1959 5664; x_wconf 81' lang='lat' dir='ltr'><strong>etiani</strong></span> <span class='ocrx_word' id='word_1_755' title='bbox 1989 5625 2154 5668; x_wconf 84' lang='lat' dir='ltr'><strong>sensu</strong></span> 
     </span>
    </p>
   </div>
   <div class='ocr_carea' id='block_1_92' title="bbox 555 5671 2151 5750">
    <p class='ocr_par' dir='ltr' id='par_1_92' title="bbox 555 5671 2151 5750">
     <span class='ocr_line' id='line_1_92' title="bbox 555 5671 2151 5750; baseline 0.006 -23"><span class='ocrx_word' id='word_1_756' title='bbox 555 5671 696 5750; x_wconf 78' lang='lat' dir='ltr'><strong>hanc</strong></span> <span class='ocrx_word' id='word_1_757' title='bbox 725 5677 896 5750; x_wconf 82' lang='lat' dir='ltr'><strong>ipsam</strong></span> <span class='ocrx_word' id='word_1_758' title='bbox 927 5671 1318 5750; x_wconf 65' lang='lat' dir='ltr'><strong>discipulorum</strong></span> <span class='ocrx_word' id='word_1_759' title='bbox 1363 5677 1847 5745; x_wconf 83' lang='lat' dir='ltr'><strong>interrogationem</strong></span> <span class='ocrx_word' id='word_1_760' title='bbox 1881 5679 2151 5750; x_wconf 59' lang='lat' dir='ltr'><strong>Chrysos.</strong></span> 
     </span>
    </p>
   </div>
   <div class='ocr_carea' id='block_1_93' title="bbox 543 5745 1256 5803">
    <p class='ocr_par' dir='ltr' id='par_1_93' title="bbox 543 5745 1256 5803">
     <span class='ocr_line' id='line_1_93' title="bbox 543 5745 1256 5803; baseline 0.014 -12"><span class='ocrx_word' id='word_1_761' title='bbox 543 5747 655 5796; x_wconf 83' lang='lat' dir='ltr'><strong>tam</strong></span> <span class='ocrx_word' id='word_1_762' title='bbox 665 5760 725 5800; x_wconf 87' lang='lat' dir='ltr'><strong>us</strong></span> <span class='ocrx_word' id='word_1_763' title='bbox 756 5745 1046 5803; x_wconf 86' lang='lat' dir='ltr'><strong>absurdam</strong></span> <span class='ocrx_word' id='word_1_764' title='bbox 1071 5745 1256 5802; x_wconf 78' lang='lat' dir='ltr'><strong>vocat.</strong></span> 
     </span>
    </p>
   </div>
   <div class='ocr_carea' id='block_1_94' title="bbox 2351 3230 3880 3316">
    <p class='ocr_par' dir='ltr' id='par_1_94' title="bbox 2351 3230 3880 3316">
     <span class='ocr_line' id='line_1_94' title="bbox 2351 3230 3880 3316; baseline 0.01 -31"><span class='ocrx_word' id='word_1_765' title='bbox 2351 3232 2404 3286; x_wconf 93' lang='lat'><strong>7.</strong></span> <span class='ocrx_word' id='word_1_766' title='bbox 2446 3230 2564 3286; x_wconf 87' lang='lat' dir='ltr'><strong>Nox</strong></span> <span class='ocrx_word' id='word_1_767' title='bbox 2587 3242 2703 3288; x_wconf 88' lang='lat' dir='ltr'><strong>erat</strong></span> <span class='ocrx_word' id='word_1_768' title='bbox 2729 3235 2965 3290; x_wconf 86' lang='lat' dir='ltr'><strong>caecitas.</strong></span> <span class='ocrx_word' id='word_1_769' title='bbox 2995 3235 3114 3291; x_wconf 90' lang='lat' dir='ltr'><strong>Nox</strong></span> <span class='ocrx_word' id='word_1_770' title='bbox 3136 3248 3284 3305; x_wconf 91' lang='lat' dir='ltr'><strong>erat,</strong></span> <span class='ocrx_word' id='word_1_771' title='bbox 3313 3254 3434 3295; x_wconf 90' lang='lat' dir='ltr'><strong>cum</strong></span> <span class='ocrx_word' id='word_1_772' title='bbox 3475 3241 3641 3298; x_wconf 84' lang='lat' dir='ltr'><strong>Judas</strong></span> <span class='ocrx_word' id='word_1_773' title='bbox 3670 3247 3880 3316; x_wconf 90' lang='lat' dir='ltr'><strong>accepit</strong></span> 
     </span>
    </p>
   </div>
   <div class='ocr_carea' id='block_1_95' title="bbox 2275 3320 3877 3393">
    <p class='ocr_par' dir='ltr' id='par_1_95' title="bbox 2275 3320 3877 3393">
     <span class='ocr_line' id='line_1_95' title="bbox 2275 3320 3877 3393; baseline 0.011 -18"><span class='ocrx_word' id='word_1_774' title='bbox 2275 3320 2574 3377; x_wconf 89' lang='lat' dir='ltr'><strong>buccellam</strong></span> <span class='ocrx_word' id='word_1_775' title='bbox 2605 3338 2634 3377; x_wconf 90' lang='lat' dir='ltr'><strong>a</strong></span> <span class='ocrx_word' id='word_1_776' title='bbox 2663 3322 2812 3393; x_wconf 86' lang='lat' dir='ltr'><strong>Jesu,</strong></span> <span class='ocrx_word' id='word_1_777' title='bbox 2845 3337 2902 3381; x_wconf 84' lang='lat' dir='ltr'><strong>et</strong></span> <span class='ocrx_word' id='word_1_778' title='bbox 2931 3326 3176 3384; x_wconf 88' lang='lat' dir='ltr'><strong>introivit</strong></span> <span class='ocrx_word' id='word_1_779' title='bbox 3206 3330 3257 3384; x_wconf 92' lang='lat' dir='ltr'><strong>in</strong></span> <span class='ocrx_word' id='word_1_780' title='bbox 3286 3345 3408 3386; x_wconf 90' lang='lat' dir='ltr'><strong>eum</strong></span> <span class='ocrx_word' id='word_1_781' title='bbox 3435 3331 3684 3392; x_wconf 89' lang='lat' dir='ltr'><strong>Satanas.</strong></span> <span class='ocrx_word' id='word_1_782' title='bbox 3721 3335 3877 3392; x_wconf 69' lang='lat' dir='ltr'><strong>Iuda:</strong></span> 
     </span>
    </p>
   </div>
   <div class='ocr_carea' id='block_1_96' title="bbox 2277 3418 3875 3502">
    <p class='ocr_par' dir='ltr' id='par_1_96' title="bbox 2277 3418 3875 3502">
     <span class='ocr_line' id='line_1_96' title="bbox 2277 3418 3875 3502; baseline 0.011 -32"><span class='ocrx_word' id='word_1_783' title='bbox 2277 3431 2385 3470; x_wconf 86' lang='lat' dir='ltr'><strong>nox</strong></span> <span class='ocrx_word' id='word_1_784' title='bbox 2407 3426 2547 3483; x_wconf 90' lang='lat' dir='ltr'><strong>erat,</strong></span> <span class='ocrx_word' id='word_1_785' title='bbox 2580 3418 2632 3472; x_wconf 91' lang='lat' dir='ltr'><strong>in</strong></span> <span class='ocrx_word' id='word_1_786' title='bbox 2662 3435 2770 3489; x_wconf 88' lang='lat' dir='ltr'><strong>quo</strong></span> <span class='ocrx_word' id='word_1_787' title='bbox 2800 3418 3051 3477; x_wconf 91' lang='lat' dir='ltr'><strong>diabolus</strong></span> <span class='ocrx_word' id='word_1_788' title='bbox 3076 3431 3196 3478; x_wconf 87' lang='lat' dir='ltr'><strong>erat</strong></span> <span class='ocrx_word' id='word_1_789' title='bbox 3219 3442 3232 3478; x_wconf 89' lang='lat'><strong>:</strong></span> <span class='ocrx_word' id='word_1_790' title='bbox 3257 3425 3450 3482; x_wconf 84' lang='lat' dir='ltr'><strong>Joanui</strong></span> <span class='ocrx_word' id='word_1_791' title='bbox 3480 3427 3598 3484; x_wconf 87' lang='lat' dir='ltr'><strong>dies</strong></span> <span class='ocrx_word' id='word_1_792' title='bbox 3624 3438 3761 3499; x_wconf 89' lang='lat' dir='ltr'><strong>erat,</strong></span> <span class='ocrx_word' id='word_1_793' title='bbox 3784 3433 3875 3502; x_wconf 91' lang='lat' dir='ltr'><strong>qui</strong></span> 
     </span>
    </p>
   </div>
   <div class='ocr_carea' id='block_1_97' title="bbox 2276 3509 3874 3592">
    <p class='ocr_par' dir='ltr' id='par_1_97' title="bbox 2276 3509 3874 3592">
     <span class='ocr_line' id='line_1_97' title="bbox 2276 3509 3874 3592; baseline 0.011 -30"><span class='ocrx_word' id='word_1_794' title='bbox 2276 3509 2330 3562; x_wconf 92' lang='lat' dir='ltr'><strong>in</strong></span> <span class='ocrx_word' id='word_1_795' title='bbox 2359 3509 2561 3565; x_wconf 78' lang='lat' dir='ltr'><strong>Christi</strong></span> <span class='ocrx_word' id='word_1_796' title='bbox 2595 3519 2818 3580; x_wconf 87' lang='lat' dir='ltr'><strong>pectore</strong></span> <span class='ocrx_word' id='word_1_797' title='bbox 2853 3515 3204 3572; x_wconf 88' lang='lat' dir='ltr'><strong>recumbebat</strong></span> <span class='ocrx_word' id='word_1_798' title='bbox 3232 3515 3424 3590; x_wconf 86' lang='lat' dir='ltr'><strong>(Joan.</strong></span> <span class='ocrx_word' id='word_1_799' title='bbox 3456 3535 3573 3585; x_wconf 72' lang='grc' dir='ltr'>χιιι,</span> <span class='ocrx_word' id='word_1_800' title='bbox 3611 3521 3734 3592; x_wconf 72' lang='grc'><strong>27).</strong></span> <span class='ocrx_word' id='word_1_801' title='bbox 3770 3523 3874 3579; x_wconf 86' lang='lat' dir='ltr'><strong>Pe-</strong></span> 
     </span>
    </p>
   </div>
   <div class='ocr_carea' id='block_1_98' title="bbox 2279 3604 3873 3673">
    <p class='ocr_par' dir='ltr' id='par_1_98' title="bbox 2279 3604 3873 3673">
     <span class='ocr_line' id='line_1_98' title="bbox 2279 3604 3873 3673; baseline 0.009 -17"><span class='ocrx_word' id='word_1_802' title='bbox 2279 3612 2362 3657; x_wconf 91' lang='lat' dir='ltr'><strong>tro</strong></span> <span class='ocrx_word' id='word_1_803' title='bbox 2389 3617 2604 3673; x_wconf 87' lang='lat' dir='ltr'><strong>quoque</strong></span> <span class='ocrx_word' id='word_1_804' title='bbox 2643 3604 2762 3660; x_wconf 90' lang='lat' dir='ltr'><strong>dies</strong></span> <span class='ocrx_word' id='word_1_805' title='bbox 2790 3615 2932 3672; x_wconf 89' lang='lat' dir='ltr'><strong>erat,</strong></span> <span class='ocrx_word' id='word_1_806' title='bbox 2965 3621 3091 3662; x_wconf 92' lang='lat' dir='ltr'><strong>cum</strong></span> <span class='ocrx_word' id='word_1_807' title='bbox 3124 3609 3302 3664; x_wconf 90' lang='lat' dir='ltr'><strong>lumen</strong></span> <span class='ocrx_word' id='word_1_808' title='bbox 3344 3610 3542 3666; x_wconf 87' lang='lat' dir='ltr'><strong>Christi</strong></span> <span class='ocrx_word' id='word_1_809' title='bbox 3574 3611 3792 3669; x_wconf 89' lang='lat' dir='ltr'><strong>videret</strong></span> <span class='ocrx_word' id='word_1_810' title='bbox 3819 3615 3873 3670; x_wconf 92' lang='lat' dir='ltr'><strong>in</strong></span> 
     </span>
    </p>
   </div>
   <div class='ocr_carea' id='block_1_99' title="bbox 2278 3695 3872 3776">
    <p class='ocr_par' dir='ltr' id='par_1_99' title="bbox 2278 3695 3872 3776">
     <span class='ocr_line' id='line_1_99' title="bbox 2278 3695 3872 3776; baseline 0.012 -29"><span class='ocrx_word' id='word_1_811' title='bbox 2278 3705 2466 3750; x_wconf 90' lang='lat' dir='ltr'><strong>monte</strong></span> <span class='ocrx_word' id='word_1_812' title='bbox 2496 3695 2712 3767; x_wconf 85' lang='lat' dir='ltr'><strong>(Matth.</strong></span> <span class='ocrx_word' id='word_1_813' title='bbox 2747 3714 2880 3764; x_wconf 86' lang='lat' dir='ltr'><strong>xvu,</strong></span> <span class='ocrx_word' id='word_1_814' title='bbox 2908 3699 2943 3752; x_wconf 73' lang='lat'><strong>2</strong></span> <span class='ocrx_word' id='word_1_815' title='bbox 2970 3710 3018 3755; x_wconf 90' lang='lat' dir='ltr'><strong>et</strong></span> <span class='ocrx_word' id='word_1_816' title='bbox 3045 3699 3200 3773; x_wconf 84' lang='lat' dir='ltr'><strong>seq.).</strong></span> <span class='ocrx_word' id='word_1_817' title='bbox 3240 3702 3253 3753; x_wconf 88' lang='lat' dir='ltr'><strong>i</strong></span> <span class='ocrx_word' id='word_1_818' title='bbox 3292 3702 3556 3774; x_wconf 84' lang='lat' dir='ltr'><strong>Noxerat</strong></span> <span class='ocrx_word' id='word_1_819' title='bbox 3587 3707 3744 3776; x_wconf 89' lang='lat' dir='ltr'><strong>aliis,</strong></span> <span class='ocrx_word' id='word_1_820' title='bbox 3777 3711 3872 3766; x_wconf 89' lang='lat' dir='ltr'><strong>sed</strong></span> 
     </span>
    </p>
   </div>
   <div class='ocr_carea' id='block_1_100' title="bbox 2281 3786 3873 3870">
    <p class='ocr_par' dir='ltr' id='par_1_100' title="bbox 2281 3786 3873 3870">
     <span class='ocr_line' id='line_1_100' title="bbox 2281 3786 3873 3870; baseline 0.011 -30"><span class='ocrx_word' id='word_1_821' title='bbox 2281 3786 2446 3841; x_wconf 81' lang='lat' dir='ltr'><strong>Petro</strong></span> <span class='ocrx_word' id='word_1_822' title='bbox 2468 3786 2586 3842; x_wconf 89' lang='lat' dir='ltr'><strong>dies</strong></span> <span class='ocrx_word' id='word_1_823' title='bbox 2613 3797 2750 3846; x_wconf 88' lang='lat' dir='ltr'><strong>erat.</strong></span> <span class='ocrx_word' id='word_1_824' title='bbox 2778 3793 2850 3845; x_wconf 84' lang='lat' dir='ltr'><strong>At</strong></span> <span class='ocrx_word' id='word_1_825' title='bbox 2875 3806 3006 3847; x_wconf 88' lang='lat' dir='ltr'><strong>vero</strong></span> <span class='ocrx_word' id='word_1_826' title='bbox 3033 3794 3136 3863; x_wconf 89' lang='lat' dir='ltr'><strong>ipsi</strong></span> <span class='ocrx_word' id='word_1_827' title='bbox 3165 3793 3329 3850; x_wconf 90' lang='lat' dir='ltr'><strong>Petro</strong></span> <span class='ocrx_word' id='word_1_828' title='bbox 3355 3810 3460 3852; x_wconf 88' lang='lat' dir='ltr'><strong>nox</strong></span> <span class='ocrx_word' id='word_1_829' title='bbox 3491 3807 3627 3864; x_wconf 89' lang='lat' dir='ltr'><strong>erat,</strong></span> <span class='ocrx_word' id='word_1_830' title='bbox 3654 3801 3873 3870; x_wconf 90' lang='lat' dir='ltr'><strong>quando</strong></span> 
     </span>
    </p>
   </div>
   <div class='ocr_carea' id='block_1_101' title="bbox 2279 3877 3872 3960">
    <p class='ocr_par' dir='ltr' id='par_1_101' title="bbox 2279 3877 3872 3960">
     <span class='ocr_line' id='line_1_101' title="bbox 2279 3877 3872 3960; baseline 0.013 -28"><span class='ocrx_word' id='word_1_831' title='bbox 2279 3877 2554 3935; x_wconf 88' lang='lat' dir='ltr'><strong>Christum</strong></span> <span class='ocrx_word' id='word_1_832' title='bbox 2595 3885 2846 3952; x_wconf 83' lang='lat' dir='ltr'><strong>negabat.</strong></span> <span class='ocrx_word' id='word_1_833' title='bbox 2894 3886 3136 3958; x_wconf 89' lang='lat' dir='ltr'><strong>Denique</strong></span> <span class='ocrx_word' id='word_1_834' title='bbox 3164 3889 3340 3958; x_wconf 90' lang='lat' dir='ltr'><strong>gallus</strong></span> <span class='ocrx_word' id='word_1_835' title='bbox 3361 3893 3623 3960; x_wconf 86' lang='lat' dir='ltr'><strong>cantavit,</strong></span> <span class='ocrx_word' id='word_1_836' title='bbox 3657 3905 3713 3950; x_wconf 92' lang='lat' dir='ltr'><strong>et</strong></span> <span class='ocrx_word' id='word_1_837' title='bbox 3742 3895 3872 3952; x_wconf 82' lang='lat' dir='ltr'><strong>ﬂere</strong></span> 
     </span>
    </p>
   </div>
   <div class='ocr_carea' id='block_1_102' title="bbox 2278 3973 3871 4052">
    <p class='ocr_par' dir='ltr' id='par_1_102' title="bbox 2278 3973 3871 4052">
     <span class='ocr_line' id='line_1_102' title="bbox 2278 3973 3871 4052; baseline 0.011 -25"><span class='ocrx_word' id='word_1_838' title='bbox 2278 3974 2446 4042; x_wconf 69' lang='lat' dir='ltr'><strong>cmpit</strong></span> <span class='ocrx_word' id='word_1_839' title='bbox 2473 3973 2699 4045; x_wconf 85' lang='lat' dir='ltr'><strong>(Matth.</strong></span> <span class='ocrx_word' id='word_1_840' title='bbox 2737 3992 2859 4031; x_wconf 78' lang='lat' dir='ltr'><strong>xxvi</strong></span> <span class='ocrx_word' id='word_1_841' title='bbox 2879 4018 2894 4044; x_wconf 93' lang='lat'><strong>,</strong></span> <span class='ocrx_word' id='word_1_842' title='bbox 2929 3978 2998 4032; x_wconf 85' lang='lat'><strong>70</strong></span> <span class='ocrx_word' id='word_1_843' title='bbox 3028 3989 3074 4034; x_wconf 82' lang='lat' dir='ltr'><strong>et</strong></span> <span class='ocrx_word' id='word_1_844' title='bbox 3095 3997 3201 4048; x_wconf 86' lang='lat' dir='ltr'><strong>seq.</strong></span> <span class='ocrx_word' id='word_1_845' title='bbox 3228 3983 3268 4052; x_wconf 89' lang='lat'><strong>),</strong></span> <span class='ocrx_word' id='word_1_846' title='bbox 3296 3991 3353 4037; x_wconf 85' lang='lat' dir='ltr'><strong>ut</strong></span> <span class='ocrx_word' id='word_1_847' title='bbox 3380 3985 3697 4042; x_wconf 85' lang='lat' dir='ltr'><strong>emendaret</strong></span> <span class='ocrx_word' id='word_1_848' title='bbox 3723 4003 3871 4044; x_wconf 89' lang='lat' dir='ltr'><strong>erro-</strong></span> 
     </span>
    </p>
   </div>
   <div class='ocr_carea' id='block_1_103' title="bbox 2280 4069 3405 4146">
    <p class='ocr_par' dir='ltr' id='par_1_103' title="bbox 2280 4069 3405 4146">
     <span class='ocr_line' id='line_1_103' title="bbox 2280 4069 3405 4146; baseline 0.011 -27"><span class='ocrx_word' id='word_1_849' title='bbox 2280 4081 2392 4120; x_wconf 89' lang='lat' dir='ltr'><strong>rem</strong></span> <span class='ocrx_word' id='word_1_850' title='bbox 2415 4083 2429 4132; x_wconf 90' lang='lat'><strong>;</strong></span> <span class='ocrx_word' id='word_1_851' title='bbox 2452 4069 2563 4137; x_wconf 89' lang='lat' dir='ltr'><strong>jam</strong></span> <span class='ocrx_word' id='word_1_852' title='bbox 2595 4069 2741 4124; x_wconf 92' lang='lat' dir='ltr'><strong>enim</strong></span> <span class='ocrx_word' id='word_1_853' title='bbox 2772 4070 2888 4127; x_wconf 88' lang='lat' dir='ltr'><strong>dies</strong></span> <span class='ocrx_word' id='word_1_854' title='bbox 2917 4074 3405 4146; x_wconf 82' lang='lat' dir='ltr'><strong>appmpinquabat.</strong></span> 
     </span>
    </p>
   </div>
   <div class='ocr_carea' id='block_1_104' title="bbox 2350 4159 3871 4238">
    <p class='ocr_par' dir='ltr' id='par_1_104' title="bbox 2350 4159 3871 4238">
     <span class='ocr_line' id='line_1_104' title="bbox 2350 4159 3871 4238; baseline 0.011 -24"><span class='ocrx_word' id='word_1_855' title='bbox 2350 4160 2404 4214; x_wconf 88' lang='lat'><strong>8.</strong></span> <span class='ocrx_word' id='word_1_856' title='bbox 2450 4159 2860 4231; x_wconf 87' lang='lat' dir='ltr'><strong>Interrogabant</strong></span> <span class='ocrx_word' id='word_1_857' title='bbox 2887 4163 3061 4220; x_wconf 71' lang='lat' dir='ltr'><strong>Judmi</strong></span> <span class='ocrx_word' id='word_1_858' title='bbox 3103 4183 3307 4224; x_wconf 64' lang='lat' dir='ltr'><strong>caecum</strong></span> <span class='ocrx_word' id='word_1_859' title='bbox 3343 4188 3356 4224; x_wconf 90' lang='lat'><strong>:</strong></span> <span class='ocrx_word' id='word_1_860' title='bbox 3403 4170 3669 4238; x_wconf 84' lang='lat' dir='ltr'><strong>Quomodo</strong></span> <span class='ocrx_word' id='word_1_861' title='bbox 3699 4175 3871 4232; x_wconf 79' lang='lat' dir='ltr'><strong>vidisti</strong></span> 
     </span>
    </p>
   </div>
   <div class='ocr_carea' id='block_1_105' title="bbox 2279 4252 3868 4340">
    <p class='ocr_par' dir='ltr' id='par_1_105' title="bbox 2279 4252 3868 4340">
     <span class='ocr_line' id='line_1_105' title="bbox 2279 4252 3868 4340; baseline 0.013 -34"><span class='ocrx_word' id='word_1_862' title='bbox 2279 4252 2462 4327; x_wconf 84' lang='lat' dir='ltr'><strong>(Joan.</strong></span> <span class='ocrx_word' id='word_1_863' title='bbox 2497 4271 2571 4321; x_wconf 71' lang='lat' dir='ltr'><strong>rx,</strong></span> <span class='ocrx_word' id='word_1_864' title='bbox 2592 4255 2717 4326; x_wconf 75' lang='lat'><strong>10)?</strong></span> <span class='ocrx_word' id='word_1_865' title='bbox 2741 4255 2974 4314; x_wconf 90' lang='lat' dir='ltr'><strong>Grandis</strong></span> <span class='ocrx_word' id='word_1_866' title='bbox 2993 4263 3263 4318; x_wconf 88' lang='lat' dir='ltr'><strong>amentia!</strong></span> <span class='ocrx_word' id='word_1_867' title='bbox 3295 4254 3707 4338; x_wconf 85' lang='lat' dir='ltr'><strong>interrogabant</strong></span> <span class='ocrx_word' id='word_1_868' title='bbox 3726 4273 3868 4340; x_wconf 89' lang='lat' dir='ltr'><strong>quod</strong></span> 
     </span>
    </p>
   </div>
   <div class='ocr_carea' id='block_1_106' title="bbox 2346 4407 3661 4487">
    <p class='ocr_par' dir='ltr' id='par_1_106' title="bbox 2346 4407 3661 4487">
     <span class='ocr_line' id='line_1_106' title="bbox 2346 4407 3661 4487; baseline 0.014 -27"><span class='ocrx_word' id='word_1_869' title='bbox 2346 4416 2369 4487; x_wconf 65' lang='grc' dir='ltr'><strong>τί</strong></span> <span class='ocrx_word' id='word_1_870' title='bbox 2409 4407 2542 4487; x_wconf 34' lang='grc' dir='ltr'><strong>δίει..⁸</strong></span> <span class='ocrx_word' id='word_1_871' title='bbox 2562 4407 2722 4487; x_wconf 84' lang='lat' dir='ltr'><strong>edit_.,</strong></span> <span class='ocrx_word' id='word_1_872' title='bbox 2755 4421 2972 4487; x_wconf 78' lang='lat' dir='ltr'><strong>possunt</strong></span> <span class='ocrx_word' id='word_1_873' title='bbox 3000 4415 3192 4487; x_wconf 70' lang='lat' dir='ltr'><strong>uidere,</strong></span> <span class='ocrx_word' id='word_1_874' title='bbox 3220 4419 3342 4487; x_wconf 89' lang='lat' dir='ltr'><strong>quia</strong></span> <span class='ocrx_word' id='word_1_875' title='bbox 3369 4423 3492 4476; x_wconf 69' lang='grc' dir='ltr'><strong>ιεωεὶ</strong></span> <span class='ocrx_word' id='word_1_876' title='bbox 3519 4436 3661 4480; x_wconf 81' lang='lat' dir='ltr'><strong>stmt.</strong></span> 
     </span>
    </p>
   </div>
   <div class='ocr_carea' id='block_1_107' title="bbox 2350 4476 3868 4567">
    <p class='ocr_par' dir='ltr' id='par_1_107' title="bbox 2350 4476 3868 4567">
     <span class='ocr_line' id='line_1_107' title="bbox 2350 4476 3868 4567; baseline 0.016 -36"><span class='ocrx_word' id='word_1_877' title='bbox 2350 4476 2369 4567; x_wconf 70' lang='grc' dir='ltr'><strong><em>ξ</em></strong></span> <span class='ocrx_word' id='word_1_878' title='bbox 2410 4479 2639 4567; x_wconf 75' lang='lat' dir='ltr'><strong>Codices</strong></span> <span class='ocrx_word' id='word_1_879' title='bbox 2658 4476 2860 4567; x_wconf 41' lang='lat' dir='ltr'><strong>pana”</strong></span> <span class='ocrx_word' id='word_1_880' title='bbox 2891 4485 3080 4553; x_wconf 86' lang='lat' dir='ltr'><strong>Corb.,</strong></span> <span class='ocrx_word' id='word_1_881' title='bbox 3113 4476 3324 4555; x_wconf 77' lang='lat' dir='ltr'><strong>Ge&#39;rin.,</strong></span> <span class='ocrx_word' id='word_1_882' title='bbox 3353 4490 3508 4549; x_wconf 90' lang='lat' dir='ltr'><strong>Colb.</strong></span> <span class='ocrx_word' id='word_1_883' title='bbox 3538 4476 3780 4567; x_wconf 55' lang='lat' dir='ltr'><strong>serui,</strong></span> <span class='ocrx_word' id='word_1_884' title='bbox 3811 4514 3868 4556; x_wconf 87' lang='lat' dir='ltr'><strong>ut</strong></span> 
     </span>
    </p>
   </div>
   <div class='ocr_carea' id='block_1_108' title="bbox 2272 4550 2806 4616">
    <p class='ocr_par' dir='ltr' id='par_1_108' title="bbox 2272 4550 2806 4616">
     <span class='ocr_line' id='line_1_108' title="bbox 2272 4550 2806 4616; baseline 0.007 -13"><span class='ocrx_word' id='word_1_885' title='bbox 2272 4550 2434 4604; x_wconf 85' lang='lat' dir='ltr'><strong>videri</strong></span> <span class='ocrx_word' id='word_1_886' title='bbox 2459 4552 2617 4616; x_wconf 87' lang='lat' dir='ltr'><strong>possit</strong></span> <span class='ocrx_word' id='word_1_887' title='bbox 2649 4551 2806 4607; x_wconf 84' lang='lat' dir='ltr'><strong>Deus.</strong></span> 
     </span>
    </p>
   </div>
   <div class='ocr_carea' id='block_1_109' title="bbox 2347 4621 3866 4744">
    <p class='ocr_par' dir='ltr' id='par_1_109' title="bbox 2347 4621 3866 4744">
     <span class='ocr_line' id='line_1_109' title="bbox 2347 4621 3866 4744; baseline 0.018 -74"><span class='ocrx_word' id='word_1_888' title='bbox 2347 4621 2543 4744; x_wconf 64' lang='lat' dir='ltr'><strong>Bless.</strong></span> <span class='ocrx_word' id='word_1_889' title='bbox 2579 4622 2803 4692; x_wconf 87' lang='lat' dir='ltr'><strong>aliquot,</strong></span> <span class='ocrx_word' id='word_1_890' title='bbox 2848 4626 3047 4683; x_wconf 86' lang='lat' dir='ltr'><strong>solutus</strong></span> <span class='ocrx_word' id='word_1_891' title='bbox 3069 4647 3090 4696; x_wconf 91' lang='lat'><strong><em>;</em></strong></span> <span class='ocrx_word' id='word_1_892' title='bbox 3115 4632 3379 4699; x_wconf 92' lang='lat' dir='ltr'><strong>nonnulli,</strong></span> <span class='ocrx_word' id='word_1_893' title='bbox 3409 4637 3595 4693; x_wconf 86' lang='lat' dir='ltr'><strong>solutis</strong></span> <span class='ocrx_word' id='word_1_894' title='bbox 3629 4645 3866 4700; x_wconf 87' lang='lat' dir='ltr'><strong>membris</strong></span> 
     </span>
     <span class='ocr_line' id='line_1_110' title="bbox 2347 4709 2491 4744; baseline 0.028 -4"><span class='ocrx_word' id='word_1_895' title='bbox 2347 4709 2384 4744; x_wconf 71' lang='grc' dir='ltr'><strong>τε</strong></span> <span class='ocrx_word' id='word_1_896' title='bbox 2419 4709 2448 4744; x_wconf 88' lang='lat' dir='ltr'><strong>a</strong></span> <span class='ocrx_word' id='word_1_897' title='bbox 2477 4734 2491 4744; x_wconf 92' lang='lat'><strong>.</strong></span> 
     </span>
    </p>
   </div>
   <div class='ocr_carea' id='block_1_110' title="bbox 2260 4695 2491 4764">
    <p class='ocr_par' dir='ltr' id='par_1_110' title="bbox 2260 4695 2491 4764">
     <span class='ocr_line' id='line_1_111' title="bbox 2260 4695 2491 4764; baseline 0.004 -18"><span class='ocrx_word' id='word_1_898' title='bbox 2260 4695 2491 4764; x_wconf 77' lang='lat' dir='ltr'><strong>jacebat.</strong></span> 
     </span>
    </p>
   </div>
   <div class='ocr_carea' id='block_1_111' title="bbox 2345 4761 3858 4842">
    <p class='ocr_par' dir='ltr' id='par_1_111' title="bbox 2345 4761 3858 4842">
     <span class='ocr_line' id='line_1_112' title="bbox 2345 4761 3858 4842; baseline 0.019 -30"><span class='ocrx_word' id='word_1_899' title='bbox 2345 4761 2372 4799; x_wconf 71' lang='grc' dir='ltr'>ιι</span> <span class='ocrx_word' id='word_1_900' title='bbox 2410 4762 2576 4818; x_wconf 75' lang='lat' dir='ltr'><strong>(lorb.</strong></span> <span class='ocrx_word' id='word_1_901' title='bbox 2610 4764 2924 4842; x_wconf 85' lang='lat' dir='ltr'><strong>codex,_qui</strong></span> <span class='ocrx_word' id='word_1_902' title='bbox 2963 4789 2995 4824; x_wconf 92' lang='lat' dir='ltr'><strong>a</strong></span> <span class='ocrx_word' id='word_1_903' title='bbox 3035 4771 3240 4830; x_wconf 85' lang='lat' dir='ltr'><strong>Christo</strong></span> <span class='ocrx_word' id='word_1_904' title='bbox 3279 4777 3560 4834; x_wconf 74' lang='lat' dir='ltr'><strong>inundatur</strong></span> <span class='ocrx_word' id='word_1_905' title='bbox 3599 4782 3653 4836; x_wconf 91' lang='lat' dir='ltr'><strong>in</strong></span> <span class='ocrx_word' id='word_1_906' title='bbox 3693 4788 3858 4842; x_wconf 84' lang='lat' dir='ltr'><strong>terris.</strong></span> 
     </span>
    </p>
   </div>
   <div class='ocr_carea' id='block_1_112' title="bbox 2271 4833 3864 4912">
    <p class='ocr_par' dir='ltr' id='par_1_112' title="bbox 2271 4833 3864 4912">
     <span class='ocr_line' id='line_1_113' title="bbox 2271 4833 3864 4912; baseline 0.016 -25"><span class='ocrx_word' id='word_1_907' title='bbox 2271 4833 2574 4912; x_wconf 57' lang='lat' dir='ltr'><strong>Qbservatu</strong></span> <span class='ocrx_word' id='word_1_908' title='bbox 2609 4833 3028 4908; x_wconf 18' lang='lat' dir='ltr'><strong>porro’dignntn</strong></span> <span class='ocrx_word' id='word_1_909' title='bbox 3069 4856 3154 4900; x_wconf 86' lang='lat' dir='ltr'><strong>est</strong></span> <span class='ocrx_word' id='word_1_910' title='bbox 3187 4849 3238 4901; x_wconf 91' lang='lat' dir='ltr'><strong>in</strong></span> <span class='ocrx_word' id='word_1_911' title='bbox 3271 4847 3370 4903; x_wconf 86' lang='lat' dir='ltr'><strong>hac</strong></span> <span class='ocrx_word' id='word_1_912' title='bbox 3394 4833 3523 4905; x_wconf 67' lang='grc' dir='ltr'><strong>θαιρί</strong></span> 
     </span>
    </p>
   </div>
   <div class='ocr_carea' id='block_1_113' title="bbox 2274 4905 3865 4994">
    <p class='ocr_par' dir='ltr' id='par_1_113' title="bbox 2274 4905 3865 4994">
     <span class='ocr_line' id='line_1_114' title="bbox 2274 4905 3865 4994; baseline 0.017 -38"><span class='ocrx_word' id='word_1_913' title='bbox 2274 4906 2421 4994; x_wconf 48' lang='grc' dir='ltr'>ξριιφ</span> <span class='ocrx_word' id='word_1_914' title='bbox 2467 4905 2975 4994; x_wconf 32' lang='lat' dir='ltr'><strong>Daltresoegregiam</strong></span> <span class='ocrx_word' id='word_1_915' title='bbox 3008 4915 3258 4994; x_wconf 79' lang='lat' dir='ltr'><strong>baptismi</strong></span> <span class='ocrx_word' id='word_1_916' title='bbox 3306 4919 3528 4994; x_wconf 83' lang='lat' dir='ltr'><strong>ﬁguram</strong></span> <span class='ocrx_word' id='word_1_917' title='bbox 3562 4905 3865 4994; x_wconf 71' lang='lat' dir='ltr'><strong>deprehen-</strong></span> 
     </span>
    </p>
   </div>
   <div class='ocr_carea' id='block_1_114' title="bbox 2270 4975 3863 5056">
    <p class='ocr_par' dir='ltr' id='par_1_114' title="bbox 2270 4975 3863 5056">
     <span class='ocr_line' id='line_1_115' title="bbox 2270 4975 3863 5056; baseline 0.018 -29"><span class='ocrx_word' id='word_1_918' title='bbox 2270 4975 2437 5056; x_wconf 82' lang='lat' dir='ltr'><strong>disse.</strong></span> <span class='ocrx_word' id='word_1_919' title='bbox 2461 4975 2815 5056; x_wconf 57' lang='lat' dir='ltr'><strong>Adisis__int&#39;_er</strong></span> <span class='ocrx_word' id='word_1_920' title='bbox 2835 4975 2978 5056; x_wconf 69' lang='lat' dir='ltr'><strong>alios</strong></span> <span class='ocrx_word' id='word_1_921' title='bbox 2999 4975 3370 5056; x_wconf 48' lang='lat' dir='ltr'><strong>Augustino&quot;?</strong></span> <span class='ocrx_word' id='word_1_922' title='bbox 3386 4992 3438 5044; x_wconf 92' lang='lat' dir='ltr'><strong>in</strong></span> <span class='ocrx_word' id='word_1_923' title='bbox 3469 4975 3863 5055; x_wconf 54' lang='lat' dir='ltr'><strong>tmtfc&#39;ibiﬁﬁis</strong></span> 
     </span>
    </p>
   </div>
   <div class='ocr_carea' id='block_1_115' title="bbox 2271 5047 3859 5140">
    <p class='ocr_par' dir='ltr' id='par_1_115' title="bbox 2271 5047 3859 5140">
     <span class='ocr_line' id='line_1_116' title="bbox 2271 5047 3859 5140; baseline 0.018 -41"><span class='ocrx_word' id='word_1_924' title='bbox 2271 5047 2483 5140; x_wconf 36' lang='lat' dir='ltr'><strong>locum,</strong></span> <span class='ocrx_word' id='word_1_925' title='bbox 2527 5058 2606 5140; x_wconf 44' lang='lat' dir='ltr'><strong>et‘</strong></span> <span class='ocrx_word' id='word_1_926' title='bbox 2630 5049 2953 5140; x_wconf 64' lang='lat' dir='ltr'><strong>discipulum</strong></span> <span class='ocrx_word' id='word_1_927' title='bbox 3015 5047 3363 5140; x_wconf 59' lang='lat' dir='ltr'><strong>prmccptoris</strong></span> <span class='ocrx_word' id='word_1_928' title='bbox 3415 5047 3859 5140; x_wconf 55' lang='lat' dir='ltr'><strong>vesi’igia&#39;iégéié</strong></span> 
     </span>
    </p>
   </div>
   <div class='ocr_carea' id='block_1_116' title="bbox 2269 5119 3856 5210">
    <p class='ocr_par' dir='ltr' id='par_1_116' title="bbox 2269 5119 3856 5210">
     <span class='ocr_line' id='line_1_117' title="bbox 2269 5119 3856 5210; baseline 0.018 -41"><span class='ocrx_word' id='word_1_929' title='bbox 2269 5119 2834 5210; x_wconf 31' lang='lat' dir='ltr'><strong>ini-inadverteshllic.</strong></span> <span class='ocrx_word' id='word_1_930' title='bbox 2851 5119 3412 5210; x_wconf 43' lang='lat' dir='ltr'><strong>etiamﬁunot&#39;andum</strong></span> <span class='ocrx_word' id='word_1_931' title='bbox 3443 5145 3528 5190; x_wconf 86' lang='lat' dir='ltr'><strong>est</strong></span> <span class='ocrx_word' id='word_1_932' title='bbox 3554 5119 3660 5194; x_wconf 65' lang='lat' dir='ltr'><strong>hoc</strong></span> <span class='ocrx_word' id='word_1_933' title='bbox 3682 5119 3856 5210; x_wconf 55' lang='lat' dir='ltr'><strong>ipsum</strong></span> 
     </span>
    </p>
   </div>
   <div class='ocr_carea' id='block_1_117' title="bbox 2271 5189 3859 5281">
    <p class='ocr_par' dir='ltr' id='par_1_117' title="bbox 2271 5189 3859 5281">
     <span class='ocr_line' id='line_1_118' title="bbox 2271 5189 3859 5281; baseline 0.018 -40"><span class='ocrx_word' id='word_1_934' title='bbox 2271 5189 2625 5281; x_wconf 70' lang='lat' dir='ltr'><strong>Evangelium</strong></span> <span class='ocrx_word' id='word_1_935' title='bbox 2664 5191 2875 5281; x_wconf 70' lang='lat' dir='ltr'><strong>olitnin</strong></span> <span class='ocrx_word' id='word_1_936' title='bbox 2898 5194 3138 5281; x_wconf 71' lang='lat' dir='ltr'><strong>Ecclesia</strong></span> <span class='ocrx_word' id='word_1_937' title='bbox 3168 5203 3268 5256; x_wconf 86' lang='lat' dir='ltr'><strong>sub</strong></span> <span class='ocrx_word' id='word_1_938' title='bbox 3307 5189 3859 5281; x_wconf 54' lang='lat' dir='ltr'><strong>e_xtretnainquadra:</strong></span> 
     </span>
    </p>
   </div>
   <div class='ocr_carea' id='block_1_118' title="bbox 2305 5262 3855 5343">
    <p class='ocr_par' dir='ltr' id='par_1_118' title="bbox 2305 5262 3855 5343">
     <span class='ocr_line' id='line_1_119' title="bbox 2305 5262 3855 5343; baseline 0.019 -31"><span class='ocrx_word' id='word_1_939' title='bbox 2305 5262 2681 5343; x_wconf 36' lang='lat' dir='ltr'><strong>esimar‘nllegi</strong></span> <span class='ocrx_word' id='word_1_940' title='bbox 2717 5264 2966 5334; x_wconf 89' lang='lat' dir='ltr'><strong>solitum,</strong></span> <span class='ocrx_word' id='word_1_941' title='bbox 2999 5278 3057 5323; x_wconf 91' lang='lat' dir='ltr'><strong>ut</strong></span> <span class='ocrx_word' id='word_1_942' title='bbox 3083 5269 3199 5343; x_wconf 69' lang='lat' dir='ltr'><strong>haec</strong></span> <span class='ocrx_word' id='word_1_943' title='bbox 3243 5275 3404 5328; x_wconf 87' lang='lat' dir='ltr'><strong>verba</strong></span> <span class='ocrx_word' id='word_1_944' title='bbox 3458 5262 3855 5341; x_wconf 44' lang='lat' dir='ltr'><strong>testiﬁcantur“:</strong></span> 
     </span>
    </p>
   </div>
   <div class='ocr_carea' id='block_1_119' title="bbox 2325 5331 3856 5422">
    <p class='ocr_par' dir='ltr' id='par_1_119' title="bbox 2325 5331 3856 5422">
     <span class='ocr_line' id='line_1_120' title="bbox 2325 5331 3856 5422; baseline 0.02 -42"><span class='ocrx_word' id='word_1_945' title='bbox 2325 5332 2412 5422; x_wconf 41' lang='lat' dir='ltr'><strong>eui.</strong></span> <span class='ocrx_word' id='word_1_946' title='bbox 2429 5331 2497 5422; x_wconf 74' lang='lat' dir='ltr'><strong>ad</strong></span> <span class='ocrx_word' id='word_1_947' title='bbox 2509 5411 2520 5422; x_wconf 41' lang='lat'><strong>‘</strong></span> <span class='ocrx_word' id='word_1_948' title='bbox 2533 5331 2883 5422; x_wconf 67' lang='lat' dir='ltr'><strong>baptismum,</strong></span> <span class='ocrx_word' id='word_1_949' title='bbox 2925 5331 3320 5422; x_wconf 57' lang='lat' dir='ltr'><strong>témpusjpsum</strong></span> <span class='ocrx_word' id='word_1_950' title='bbox 3337 5331 3536 5422; x_wconf 31' lang='lat' dir='ltr'><strong>adest:</strong></span> 
     </span>
    </p>
   </div>
   <div class='ocr_carea' id='block_1_120' title="bbox 2265 5403 3858 5483">
    <p class='ocr_par' dir='ltr' id='par_1_120' title="bbox 2265 5403 3858 5483">
     <span class='ocr_line' id='line_1_121' title="bbox 2265 5403 3858 5483; baseline 0.018 -28"><span class='ocrx_word' id='word_1_951' title='bbox 2265 5403 2443 5483; x_wconf 75' lang='lat' dir='ltr'><strong>verbis</strong></span> <span class='ocrx_word' id='word_1_952' title='bbox 2471 5403 2637 5483; x_wconf 68' lang='lat' dir='ltr'><strong>etiam</strong></span> <span class='ocrx_word' id='word_1_953' title='bbox 2675 5416 2891 5483; x_wconf 68' lang='lat' dir='ltr'><strong>consul</strong></span> <span class='ocrx_word' id='word_1_954' title='bbox 2917 5425 2946 5464; x_wconf 90' lang='lat' dir='ltr'><strong>e</strong></span> <span class='ocrx_word' id='word_1_955' title='bbox 2976 5403 3382 5471; x_wconf 76' lang='lat' dir='ltr'><strong>catechutneuis</strong></span> <span class='ocrx_word' id='word_1_956' title='bbox 3403 5403 3638 5476; x_wconf 77' lang='lat' dir='ltr'><strong>necdum</strong></span> <span class='ocrx_word' id='word_1_957' title='bbox 3670 5403 3858 5483; x_wconf 55' lang='lat' dir='ltr'><strong>ab};</strong></span> 
     </span>
    </p>
   </div>
   <div class='ocr_carea' id='block_1_121' title="bbox 2263 5472 2906 5532">
    <p class='ocr_par' dir='ltr' id='par_1_121' title="bbox 2263 5472 2906 5532">
     <span class='ocr_line' id='line_1_122' title="bbox 2263 5472 2906 5532; baseline 0.012 -8"><span class='ocrx_word' id='word_1_958' title='bbox 2263 5474 2400 5526; x_wconf 90' lang='lat' dir='ltr'><strong>sisse</strong></span> <span class='ocrx_word' id='word_1_959' title='bbox 2431 5472 2571 5526; x_wconf 90' lang='lat' dir='ltr'><strong>hunc</strong></span> <span class='ocrx_word' id='word_1_960' title='bbox 2598 5474 2906 5532; x_wconf 87' lang='lat' dir='ltr'><strong>Bellicium.</strong></span> 
     </span>
    </p>
   </div>
   <div class='ocr_carea' id='block_1_122' title="bbox 2341 5541 3857 5632">
    <p class='ocr_par' dir='ltr' id='par_1_122' title="bbox 2341 5541 3857 5632">
     <span class='ocr_line' id='line_1_123' title="bbox 2341 5541 3857 5632; baseline 0.017 -34"><span class='ocrx_word' id='word_1_961' title='bbox 2341 5541 2738 5632; x_wconf 31' lang='lat' dir='ltr'><strong>{hissiCorbq</strong></span> <span class='ocrx_word' id='word_1_962' title='bbox 2761 5545 2957 5617; x_wconf 83' lang='lat' dir='ltr'><strong>Laud.,</strong></span> <span class='ocrx_word' id='word_1_963' title='bbox 2990 5551 3170 5620; x_wconf 88' lang='lat' dir='ltr'><strong>C0lb.,</strong></span> <span class='ocrx_word' id='word_1_964' title='bbox 3195 5555 3380 5612; x_wconf 85' lang='lat' dir='ltr'><strong>Germ.</strong></span> <span class='ocrx_word' id='word_1_965' title='bbox 3410 5574 3476 5616; x_wconf 84' lang='lat' dir='ltr'><strong>ac</strong></span> <span class='ocrx_word' id='word_1_966' title='bbox 3506 5561 3653 5632; x_wconf 86' lang='lat' dir='ltr'><strong>Ful.,</strong></span> <span class='ocrx_word' id='word_1_967' title='bbox 3689 5565 3758 5622; x_wconf 87' lang='lat' dir='ltr'><strong>In</strong></span> <span class='ocrx_word' id='word_1_968' title='bbox 3787 5579 3857 5625; x_wconf 79' lang='lat' dir='ltr'><strong>tc-</strong></span> 
     </span>
    </p>
   </div>
   <div class='ocr_carea' id='block_1_123' title="bbox 2259 5612 2609 5668">
    <p class='ocr_par' dir='ltr' id='par_1_123' title="bbox 2259 5612 2609 5668">
     <span class='ocr_line' id='line_1_124' title="bbox 2259 5612 2609 5668; baseline 0.011 -4"><span class='ocrx_word' id='word_1_969' title='bbox 2259 5612 2428 5666; x_wconf 86' lang='lat' dir='ltr'><strong>nebris</strong></span> <span class='ocrx_word' id='word_1_970' title='bbox 2448 5629 2609 5668; x_wconf 84' lang='lat' dir='ltr'><strong>eram.</strong></span> 
     </span>
    </p>
   </div>
   <div class='ocr_carea' id='block_1_124' title="bbox 2333 5681 3858 5766">
    <p class='ocr_par' dir='ltr' id='par_1_124' title="bbox 2333 5681 3858 5766">
     <span class='ocr_line' id='line_1_125' title="bbox 2333 5681 3858 5766; baseline 0.023 -35"><span class='ocrx_word' id='word_1_971' title='bbox 2333 5683 2363 5766; x_wconf 71' lang='grc' dir='ltr'><strong>ιΔ</strong></span> <span class='ocrx_word' id='word_1_972' title='bbox 2396 5681 2562 5766; x_wconf 74' lang='lat' dir='ltr'><strong>lidem</strong></span> <span class='ocrx_word' id='word_1_973' title='bbox 2594 5699 2724 5766; x_wconf 86' lang='lat' dir='ltr'><strong>mss.</strong></span> <span class='ocrx_word' id='word_1_974' title='bbox 2751 5727 2768 5755; x_wconf 95' lang='lat'><strong>,</strong></span> <span class='ocrx_word' id='word_1_975' title='bbox 2797 5687 2924 5744; x_wconf 74' lang='lat' dir='ltr'><strong>Nox</strong></span> <span class='ocrx_word' id='word_1_976' title='bbox 2951 5700 3060 5746; x_wconf 82' lang='lat' dir='ltr'><strong>erat</strong></span> <span class='ocrx_word' id='word_1_977' title='bbox 3083 5736 3097 5760; x_wconf 93' lang='lat'><strong>,</strong></span> <span class='ocrx_word' id='word_1_978' title='bbox 3133 5696 3226 5750; x_wconf 89' lang='lat' dir='ltr'><strong>sed</strong></span> <span class='ocrx_word' id='word_1_979' title='bbox 3263 5699 3436 5756; x_wconf 84' lang='lat' dir='ltr'><strong>lumen</strong></span> <span class='ocrx_word' id='word_1_980' title='bbox 3476 5705 3700 5764; x_wconf 76' lang='lat' dir='ltr'><strong>videbat.</strong></span> <span class='ocrx_word' id='word_1_981' title='bbox 3736 5693 3858 5766; x_wconf 53' lang='lat' dir='ltr'><strong>Non</strong></span> 
     </span>
    </p>
   </div>
   <div class='ocr_carea' id='block_1_125' title="bbox 2255 5753 2670 5821">
    <p class='ocr_par' dir='ltr' id='par_1_125' title="bbox 2255 5753 2670 5821">
     <span class='ocr_line' id='line_1_126' title="bbox 2255 5753 2670 5821; baseline 0.002 -13"><span class='ocrx_word' id='word_1_982' title='bbox 2255 5762 2363 5808; x_wconf 86' lang='lat' dir='ltr'><strong>erat</strong></span> <span class='ocrx_word' id='word_1_983' title='bbox 2393 5753 2532 5821; x_wconf 85' lang='lat' dir='ltr'><strong>aliis,</strong></span> <span class='ocrx_word' id='word_1_984' title='bbox 2562 5762 2670 5810; x_wconf 87' lang='lat' dir='ltr'><strong>etc.</strong></span> 
     </span>
    </p>
   </div>
  </div>
