4092 6190
219 297 380 357 ηπ

1421 289 1908 350 EPISTOLARUM
1947 290 2230 350 CLASSIS
2270 293 2336 351 Il.

3405 285 3543 345 1274

214 413 503 471 videbant
538 430 550 469 :
593 411 1005 483 interrogabam
1041 422 1294 476 causam,
1336 422 1460 463 cum
1511 407 1712 463 factum
1754 408 1834 462 vi-
1859 411 1914 469 Α
1937 417 1985 463 et
2015 423 2118 464 non
2141 409 2414 480 operuistis
2439 424 2520 463 me
2542 405 2758 477 (Matth.
2783 417 2914 469 xxv,
2946 400 3065 473 45).
3089 399 3346 467 Laborat,
3375 410 3435 456 ιιι
3455 415 3545 457 me

218 508 461 564 derent.

304 601 363 655 9.
397 599 477 654 'Et
509 598 884 654 maledixerunt
909 597 986 663 ei,
1019 598 1242 651 dicentes
1272 612 1289 651 :
1316 594 1399 650 Tu
1433 596 1506 649 sis
1552 594 1838 666 discipulus

221 693 352 761 ejus
404 689 596 763 (Joan.
629 707 679 744 ιχ
699 732 713 754 ,
745 691 873 759 28).
914 699 939 726 ἰ
971 689 1283 746 Maledictio
1310 703 1499 744 eorum
1530 688 1839 744 benedictio

222 793 354 847 est;
387 785 510 853 quia
543 781 848 838 benedictio
877 796 1065 836 eorum
1095 824 1109 847 ,
1142 780 1451 836 maledictio
1481 790 1586 835 est.
1624 779 1701 834 Tu
1745 782 1836 847 sis,

226 875 518 946 inquiunt,
567 875 857 945 discipulus
905 876 1037 946 ejus.
1080 873 1236 929 Tunc
1279 883 1530 945 prosunt.
1562 873 1841 944 quandob

227 981 445 1023 nocere
467 980 528 1022 se
557 965 807 1021 credunt.
845 965 1004 1032 Vale,
1032 965 1131 1032 ﬁli,
1162 973 1218 1020 et
1246 979 1349 1020 nos
1372 964 1563 1036 dilige,
1591 973 1651 1018 ut
1675 965 1836 1029 facis;

225 1058 368 1131 quia
393 1075 496 1114 nos
525 1068 579 1115 te
604 1058 905 1131 diligimus.

732 1171 1070 1228 EPISTOLA
1111 1171 1353 1227 LXXXI.

235 1285 511 1354 Quosdam
574 1287 788 1342 clericos
845 1297 1053 1356 prapter
1105 1285 1332 1340 laborem
1375 1301 1436 1339 ac
1482 1285 1839 1355 difﬁcultatem

308 1382 484 1435 animo
516 1381 888 1452 despondentes
911 1423 927 1447 ,
961 1380 1124 1434 verbis
1154 1379 1324 1451 erigit,
1361 1380 1532 1449 eisque
1561 1397 1662 1434 non
1689 1382 1840 1434 modo

306 1476 543 1544 futuram
573 1475 856 1530 mercedem
886 1474 1028 1544 ponit
1055 1474 1117 1526 ob
1144 1475 1342 1542 oculos,
1374 1475 1463 1529 sed
1489 1476 1644 1529 etiam
1685 1492 1840 1546 para-

313 1578 427 1622 tum
459 1567 652 1622 Christi
689 1568 1010 1638 prtesidium.
1054 1567 1186 1621 Eam
1214 1570 1276 1623 ob
1302 1584 1409 1622 rem
1435 1569 1708 1638 explicatis
1743 1569 1841 1623 ali-

313 1674 440 1734 quot
470 1665 762 1734 Scriptum
791 1663 948 1732 locis,
993 1663 1232 1717 admonet
1277 1678 1339 1717 ne
1365 1678 1418 1717 se
1445 1662 1620 1716 divelli
1658 1662 1720 1715 ab
1750 1662 1840 1716 illo

312 1759 600 1823 patiantur.

820 1871 1128 1926 Aunuosws
1156 1869 1396 1926 clericis.

311 1990 365 2044 1.
407 1987 735 2059 Plerumque
775 1987 1032 2044 humanis
1063 1989 1282 2059 obrepit
1315 1989 1616 2057 mentibus,
1645 1997 1705 2043 ut
1737 1987 1838 2042 ali-

242 2097 354 2154 qua
381 2080 484 2137 levi
536 2081 827 2152 prestricti
871 2079 1180 2136 offensione
1206 2123 1222 2145 ,
1254 2081 1300 2135 si
1333 2095 1440 2134 non
1492 2080 1603 2135 illis
1642 2079 1840 2134 cedant

239 2188 348 2244 pro
372 2172 552 2228 studio
579 2170 915 2237 voluntaria,
940 2170 1122 2227 ofﬁcio
1147 2171 1416 2226 desistant
1443 2189 1457 2225 :
1484 2170 1708 2241 quodin
1731 2171 1839 2225 alio

243 2281 448 2337 genere
476 2265 757 2320 hominum
778 2264 1084 2327 tolerabile,
1106 2264 1157 2318 in
1181 2264 1246 2318 iis
1269 2278 1403 2318 vero
1428 2264 1521 2333 qui
1542 2264 1624 2318 rei
1642 2263 1838 2318 divinae

235 2359 552 2426 intendunt,
577 2359 797 2429 plenum
827 2357 1054 2412 doloris.

317 2454 372 2509 2.
419 2454 559 2510 Sunt
585 2454 731 2509 enim
777 2452 942 2522 aliqui
985 2452 1038 2506 in
1070 2449 1401 2506 clericorum
1430 2463 1655 2505 munere
1677 2491 1691 2515 ,
1723 2449 1843 2521 qui-

243 2548 348 2604 bus
375 2548 634 2602 inimicus
663 2547 934 2616 obrepere
973 2544 1192 2610 studet,
1231 2543 1276 2597 si
1307 2542 1444 2596 alias
1471 2558 1566 2597 eos
1597 2557 1702 2597 non
1748 2557 1845 2612 po-

241 2639 409 2696 tuerit
432 2638 827 2695 circumvenire
850 2679 864 2704 ,
890 2647 947 2692 ut
974 2637 1118 2692 tresis
1139 2635 1445 2707 hujusmodi
1476 2636 1688 2708 1098
1705 2636 1848 2690 inse-

244 2733 730 2803 ratcogitationes.
750 2730 889 2798 Quid
923 2729 1053 2783 mihi
1089 2730 1311 2800 prodest
1334 2729 1386 2782 in
1416 2728 1566 2784 clero
1594 2743 1841 2793 manere,

243 2825 431 2882 subire
461 2824 710 2894 injurias,
752 2825 966 2879 labores
994 2823 1228 2894 perpeti,
1267 2822 1425 2892 quasi
1473 2837 1582 2876 non
1624 2823 1798 2892 possit
1823 2835 1844 2862 ο

247 2932 379 2988 ager
401 2931 555 2974 meus
581 2931 669 2971 me
693 2931 940 2986 pascere,
972 2924 1065 2970 aut
1087 2915 1133 2969 si
1163 2929 1292 2984 ager
1317 2914 1481 2980 desit,
1512 2915 1667 2984 quasi
1688 2915 1848 2970 aliter

251 3013 514 3065 exercere
552 3020 827 3079 sumptum
872 3023 982 3064 non
1030 3009 1268 3079 queam?
1307 3007 1494 3077 Itaque
1535 3007 1844 3078 bujusmodi

246 3101 672 3172 cogitationibus
694 3103 856 3157 etiam
881 3101 1009 3156 boni
1039 3115 1218 3155 mores
1244 3098 1314 3154 ab
1340 3099 1522 3154 ofﬁcio
1555 3098 1846 3155 retrahun-

1935 499 2213 569 jacentem
2251 501 2448 572 erigat.

2011 591 2064 646 5.
2108 591 2263 649 Unde
2287 601 2344 649 et
2369 593 2422 649 in
2453 591 2652 648 Elisazo
2680 590 2848 662 ﬁgura
2872 588 3090 644 Domini
3118 586 3422 658 praecessit,
3446 586 3542 656 qui

1942 684 2171 756 projecit
2203 700 2283 752 se,
2327 694 2386 740 ut
2414 694 2685 741 mortuum
2724 679 3085 753 erigeretth
3118 679 3245 752 Reg.
3284 693 3357 742 tv.
3399 677 3534 749 54):

1943 777 1995 832 in
2027 791 2136 848 quo
2163 777 2473 849 symbolum
2505 786 2610 843 est,
2639 775 2782 848 quod
2813 775 2970 830 nobis
2995 772 3250 830 Christus
3276 784 3547 826 commor-

1943 876 2068 924 tuus
2094 868 2185 935 sit,
2217 879 2277 924 ut
2319 870 2480 925 nobis
2518 876 2854 940 resurgeret.
2887 865 3128 936 Projecit
3155 866 3338 935 itaque
3367 877 3428 918 se
3455 877 3544 918 us-

1942 973 2048 1030 que
2076 959 2144 1014 ad
2176 969 2417 1016 nostram
2457 959 2711 1016 Christus
2739 959 3109 1028 fragilitatem,
3149 964 3209 1011 ut
3239 968 3337 1011 nos
3366 954 3542 1024 erige-

1942 1062 2046 1108 ret.
2073 1053 2310 1124 Projecit
2348 1068 2409 1110 se
2429 1097 2444 1122 ,
2479 1068 2588 1109 non
2619 1051 2840 1119 cecidit,
2870 1050 2968 1108 sed
3001 1050 3176 1106 erexit
3203 1055 3539 1104 consortem.

1943 1149 2064 1220 Ipse
2090 1149 2234 1205 enim
2262 1158 2552 1206 consortes
2576 1162 2676 1204 nos
2701 1147 2804 1202 sibi
2836 1145 2964 1202 fecit
2982 1187 2998 1214 ,
3041 1153 3098 1199 ut
3126 1142 3391 1213 scriptum
3417 1150 3502 1196 est
3523 1183 3538 1204 ,

1943 1243 2069 1312 quia
2110 1254 2296 1298 unctus
2339 1251 2412 1298 est
2441 1241 2458 1281 ί
2491 1243 2602 1298 oleo
2635 1242 2856 1315 justitite
2919 1254 3029 1310 prie
3054 1236 3389 1310 consortibus
3439 1234 3546 1289 suis

1944 1333 2118 1403 (Psal.
2147 1351 2288 1402 xuv,
2313 1335 2392 1406 8).

2015 1427 2070 1482 6.
2111 1426 2268 1483 Unde
2315 1426 2544 1497 pulchre
2588 1425 2667 1480 ait
2709 1423 3110 1480 Ecclesiastes:
3147 1419 3406 1489 Quoniam
3453 1415 3542 1487 qui

1945 1520 2207 1584 ceciderit,
2238 1520 2390 1590 erigit
2417 1519 2613 1573 socium
2643 1534 2789 1572 suum
2820 1516 2840 1587 (
2875 1513 3077 1569 Eccles.
3113 1529 3187 1580 Iv,
3233 1511 3303 1567 10
3331 1510 3388 1580 ),
3436 1523 3544 1564 non

1946 1614 2064 1684 ipse
2109 1614 2373 1683 erigitur;
2411 1612 2664 1668 Christus
2701 1610 2850 1666 enim
2893 1623 3001 1664 non
3044 1607 3270 1663 alterius
3306 1601 3543 1664 auxilio,

1945 1717 2109 1780 atque
2135 1723 2240 1779 ope
2263 1715 2478 1765 erectus
2503 1717 2610 1772 est,
2638 1704 2734 1761 sed
2758 1706 2876 1775 ipse
2895 1718 2955 1759 se
2980 1699 3348 1758 resuscitavit.
3379 1695 3546 1752 Deni-

1873 1797 1920 1855 B
1945 1817 2051 1873 que
2077 1801 2279 1868 solvite,
2313 1800 2509 1870 inquit,
2539 1801 2633 1852 hoc
2660 1795 2928 1868 templum,
2957 1803 3005 1849 et
3026 1795 3079 1848 in
3105 1793 3274 1847 triduo
3304 1787 3438 1845 illud
3463 1803 3544 1842 re-

1941 1897 2218 1951 suscitabo.
2275 1893 2390 1949 Hoc
2438 1903 2610 1948 autem
2653 1891 2786 1946 dixit
2831 1890 2894 1945 de
2941 1887 3133 1958 templo
3181 1885 3414 1956 corporis
3466 1881 3548 1937 sui

1941 1989 2124 2060 (Joan.
2158 2003 2217 2052 ιι,
2245 1987 2358 2054 l9).
2394 1986 2506 2041 Nec
2537 1983 2812 2040 immerito
2840 1991 3063 2038 erectus
3086 1993 3194 2034 non
3215 1987 3296 2032 est
3322 1975 3392 2030 ab
3411 1973 3547 2040 alio,

1943 2083 2033 2152 qui
2066 2097 2173 2137 non
2211 2079 2445 2145 cedidit;
2476 2093 2600 2133 nam
2637 2085 2693 2132 et
2720 2076 2814 2131 ille
2843 2074 2936 2144 qui
2971 2087 3001 2127 a
3031 2069 3270 2128 secundo
3297 2066 3547 2138 erigitur,

1942 2172 2148 2229 cecidit
2183 2190 2195 2224 :
2240 2180 2295 2226 et
2326 2170 2419 2240 qui
2448 2168 2666 2234 cecidit,
2701 2166 2908 2235 indiget
2935 2163 3164 2223 auxilio.
3197 2169 3254 2216 ut
3280 2160 3545 2229 erigatur.

1943 2264 2098 2332 Quod
2128 2271 2184 2318 et
2203 2262 2444 2331 subjecta
2487 2260 2706 2326 docent,
2741 2257 2958 2312 dicente
2989 2253 3317 2322 Scriptura:
3357 2249 3444 2304 Va:
3467 2249 3550 2302 illi

1944 2358 2056 2422 uni,
2080 2371 2198 2411 cum
2226 2353 2492 2419 ceciderit,
2519 2360 2566 2406 et
2587 2367 2691 2404 non
2711 2359 2786 2404 est
2810 2347 3076 2404 secundus
3091 2345 3177 2415 qui
3203 2359 3320 2396 eum
3349 2338 3548 2411 erigat!

1943 2449 2065 2517 quia
2090 2455 2134 2500 et
2160 2445 2204 2500 si
2235 2445 2531 2498 dormierint
2562 2442 2686 2508 duo,
2711 2450 2783 2496 est
2812 2440 2955 2494 calor
2977 2437 3086 2492 illis
3117 2434 3286 2508 (Eccl.
3321 2448 3397 2499 tv,
3437 2433 3505 2488 10
3528 2471 3544 2498 ,

1947 2541 2060 2610 ll).
2090 2538 2432 2595 Commortui
2462 2537 2605 2592 enim
2639 2549 2825 2590 sumus
2855 2531 3096 2598 Christo,
3125 2541 3182 2587 et
3210 2528 3334 2584 ideo
3358 2527 3548 2584 convi-

1944 2634 2123 2688 vimus
2153 2633 2335 2704 (ltom.
2366 2646 2438 2696 vn,
2475 2628 2552 2701 8).
2584 2627 2833 2683 Christus
2861 2624 3020 2680 nobis
3041 2630 3416 2678 commortuus
3438 2626 3545 2682 est,

1946 2733 2006 2780 ut
2037 2739 2136 2780 nos
2165 2724 2512 2788 calefaceret,
2537 2720 2627 2791 qui
2649 2720 2727 2775 ait
2759 2737 2770 2772 :
2806 2716 2984 2789 Ignem
3004 2716 3118 2770 veni
3144 2714 3340 2768 mittere
3364 2713 3418 2766 in
3439 2720 3542 2765 ter-

1946 2835 2057 2872 ram
2086 2815 2238 2889 (Luc.
2272 2832 2368 2884 xu,
2403 2814 2520 2884 49).

2020 2913 2074 2964 7.
2116 2909 2360 2964 Mortuus
2388 2922 2560 2974 eram,
2585 2904 2678 2961 sed
2705 2903 2832 2976 quia
2856 2903 2909 2958 in
2932 2901 3256 2971 baptismate
3276 2909 3549 2952 commor-

1950 3017 2073 3062 tuus
2113 3004 2332 3060 Christo
2363 3017 2507 3069 sum,
2539 3001 2726 3069 accepi
2753 2999 2935 3052 lumen
2967 2997 3092 3049 vita:
3121 3010 3150 3049 a
3193 2991 3434 3046 Christo.
3482 2989 3549 3043 Et

1946 3099 2037 3170 qui
2053 3102 2104 3152 in
2132 3096 2352 3152 Christo
2367 3095 2615 3159 moritur,
2631 3108 2730 3164 per
2750 3090 3026 3146 Christum
3040 3085 3332 3142 calefactus
3344 3084 3470 3138 vita:
3487 3091 3543 3135 et

248 3202 336 3249 tur
368 3211 381 3248 :
416 3195 571 3265 quasi
621 3209 751 3249 vero
791 3195 898 3248 hoc
929 3193 1106 3247 solum
1138 3193 1209 3246 sit
1253 3193 1308 3246 in
1337 3193 1564 3259 clerico,
1599 3201 1655 3246 ut
1696 3206 1846 3246 sum-
1871 3191 1916 3252 C
1950 3188 2374 3247 resurrectionis
2390 3201 2652 3258 vaporem
2673 3184 2891 3270 a/ccipit.
2923 3180 3135 3252 1099
3167 3175 3420 3247 Frigidus
3435 3182 3554 3230 erat

250 3293 400 3358 ptum
453 3285 708 3355 expediat
734 3299 926 3350 suum,
959 3294 1013 3340 et
1052 3300 1156 3339 non
1189 3293 1246 3339 ut
1285 3284 1525 3339 divinum
1572 3285 1674 3339 sibi
1725 3294 1850 3354 post

251 3388 482 3434 mortem
515 3379 694 3447 potius
720 3377 1022 3432 subsidium
1052 3377 1230 3443 locet;
1257 3392 1583 3448 quamquam
1609 3377 1702 3432 ille
1726 3387 1848 3448 post

251 3476 483 3524 mortem
515 3468 798 3537 abundet,
831 3470 921 3540 qui
957 3477 1104 3524 tutus
1135 3470 1222 3524 hic
1268 3468 1505 3539 potuerit
1544 3469 1846 3526 decernere

252 3561 540 3616 adversum
575 3569 652 3615 tot
683 3560 1027 3616 inimicorum
1055 3560 1302 3616 insidias.

319 3655 373 3709 ‘5.
407 3651 563 3709 Unde
594 3653 959 3708 Ecclesiastes
985 3656 1097 3707 ait:
1135 3653 1332 3724 Optimi
1354 3654 1458 3708 duo
1483 3670 1637 3726 super
1662 3670 1840 3720 unum,

248 3747 429 3820 quibus
456 3758 528 3802 est
558 3764 750 3801 merces
767 3747 902 3801 bona
927 3747 980 3800 in
1005 3747 1177 3801 labore
1195 3749 1425 3818 ipsorum
1448 3765 1466 3813 ;
1495 3748 1742 3817 quoniam
1758 3743 1784 3783 ά
1802 3748 1846 3802 si

251 3839 509 3905 ceciderit,
536 3855 668 3894 unus
691 3839 842 3909 erigit
872 3840 1068 3893 socium
1092 3856 1238 3894 suum
1269 3838 1494 3907 (Eccles.
1531 3856 1607 3905 tv,
1637 3840 1694 3906 9,
1729 3839 1841 3909 10).

251 3931 352 3989 Ubi
377 3941 506 3986 sunt
532 3931 634 3985 duo
664 3932 846 4001 Optimi
881 3947 1040 3999 super
1066 3947 1223 3984 unum
1251 3972 1265 3994 ,
1318 3930 1418 3985 nisi
1467 3929 1557 3985 ubi
1593 3930 1846 3987 Christus

248 4033 350 4088 est,
382 4034 437 4078 et
483 4023 531 4078 is
557 4037 719 4092 quem
756 4023 1008 4078 Christus
1053 4021 1271 4077 tuetur?
1297 4021 1434 4089 Quia
1465 4023 1511 4076 si
1549 4022 1842 4089 ceciderit,

251 4118 339 4187 qui
369 4131 491 4172 cum
524 4116 756 4170 Domino
781 4123 866 4170 est
889 4114 1044 4180 Jesu,
1073 4115 1237 4186 erigit
1257 4129 1380 4169 eum
1409 4113 1592 4170 Jesus.

319 4211 371 4264 4.
417 4210 524 4266 Sed
551 4225 657 4280 qua
682 4209 894 4264 ratione
923 4208 1060 4264 dixit
1086 4227 1098 4264 :
1124 4207 1190 4263 In
1215 4209 1390 4263 labore
1410 4210 1674 4280 ipsorum?
1706 4210 1846 4278 Ergo

252 4312 306 4359 et
323 4303 572 4359 Christus
601 4301 844 4357 laborat?
866 4301 1057 4372 Utique
1083 4301 1314 4368 laborat,
1339 4303 1428 4372 qui
1453 4304 1527 4356 ait
1552 4320 1564 4354 :
1590 4302 1848 4357 Laboravi

254 4397 479 4452 clamans
503 4392 673 4468 (Psal.
709 4409 860 4462 Lvm,
884 4393 960 4464 4).
992 4393 1251 4460 Laborat,
1282 4404 1304 4430 ο
1329 4394 1424 4449 sed
1449 4395 1500 4449 in
1529 4395 1684 4450 nobis
1711 4413 1723 4449 :
1750 4395 1847 4450 de-

254 4490 411 4561 nique
439 4490 504 4545 ad
539 4501 762 4562 puteum
786 4491 1040 4562 fatigatus
1063 4491 1289 4546 sedebat
1317 4491 1497 4559 (Joan.
1529 4507 1599 4558 ιν,
1629 4489 1707 4562 6).
1739 4490 1846 4547 Sed

1951 3299 2107 3354 puer,
2138 3281 2386 3338 calefecit
2408 3295 2534 3335 eum
2559 3265 2788 3332 Elisteus
2811 3274 3005 3344 spiritu
3029 3288 3150 3337 suo,
3180 3267 3332 3324 dedit
3353 3266 3402 3321 ei
3425 3265 3551 3320 vita:

1950 3376 2188 3432 calorem
2220 3372 2312 3446 (IV
2348 3373 2478 3444 Reg.
2511 3387 2587 3438 tv,
2617 3369 2732 3440 54).
2782 3363 3160 3424 Condormivit
3186 3362 3235 3417 ei
3262 3403 3278 3426 ,
3322 3369 3377 3414 ut
3425 3371 3549 3412 eum

1949 3469 2100 3526 calor
2153 3467 2352 3539 quietis
2398 3466 2549 3535 ejus,
2591 3463 2682 3533 qui
2725 3463 2777 3516 in
2821 3457 3072 3530 symbolo
3115 3451 3471 3522 consepultus
3500 3450 3550 3504 ci

1951 3565 2149 3628 fuerat,
2181 3561 2469 3616 excitaret.
2499 3553 2756 3626 Frigidus
2779 3552 2966 3620 itaque
2994 3557 3100 3612 est,
3127 3545 3219 3616 qui
3254 3559 3359 3597 non
3388 3541 3554 3596 mori-

1950 3668 2038 3712 tur
2066 3657 2119 3710 in
2142 3653 2361 3710 Christo
2395 3667 2408 3704 :
2442 3646 2682 3704 caleﬁeri
2705 3657 2813 3698 non
2847 3649 3047 3711 poteSI,
3073 3637 3162 3692 cui
3194 3630 3555 3711 ignis'ardens

1951 3763 2058 3802 non
2089 3742 2497 3815 appmpinquat
2528 3755 2541 3790 :
2576 3746 2600 3782 8
2635 3734 2968 3790 incalescere
3000 3742 3105 3782 non
3140 3732 3318 3796 potest
3357 3722 3550 3785 alteri,

1947 3839 2042 3911 qui
2067 3850 2252 3892 secum
2287 3847 2394 3888 non
2427 3831 2592 3886 habet
2613 3827 2912 3882 Christum.

2020 3931 2072 3985 8.
2118 3930 2185 3983 Et
2213 3934 2271 3980 ut
2300 3935 2598 3994 cognoscas
2626 3915 2926 3974 secundum
2958 3907 3281 3982 mysterium
3310 3905 3519 3960 dictum
3542 3946 3556 3966 ,

1950 4041 2055 4083 non
2105 4020 2401 4079 secundum
2473 4027 2796 4076 numerum;
2843 4007 2967 4078 quia
3015 4002 3198 4074 optimi
3250 4001 3356 4054 duo
3400 4013 3555 4070 quam

1948 4137 2110 4185 unus,
2141 4115 2371 4186 subjecit
2413 4109 2699 4184 mysticum
2732 4123 2746 4160 :
2783 4103 2847 4158 Et
2877 4109 3108 4170 spartum
3145 4097 3368 4162 triplex;
3394 4093 3422 4131 ¹ι
3446 4110 3552 4186 non

1949 4184 2328 4280 corrumpetur.
2368 4203 2493 4260 Tria
2544 4199 2690 4255 enirn
2719 4239 2733 4262 ,
2764 4209 2885 4266 qum
2910 4207 3015 4246 non
3057 4197 3186 4243 sunt
3214 4184 3552 4280 composita,

1950 4321 2057 4362 non
2110 4274 2533 4366 corrumpuntur
2583 4309 2596 4345 :
2646 4288 2885 4344 Trinitas
2935 4285 3115 4352 itaque
3173 4274 3557 4346 incompositm

1951 4408 2158 4456 natura:
2202 4390 2477 4461 corrumpi
2525 4403 2631 4444 non
2685 4393 2896 4456 potest;
2927 4380 3051 4451 quia
3099 4377 3244 4432 Deus
3293 4385 3458 4426 unum
3499 4379 3555 4424 et

1948 4491 2180 4562 simplex
2199 4529 2215 4554 ,
2255 4495 2311 4542 et
2354 4478 2772 4551 incompositum
2800 4481 2923 4541 est,
2951 4469 3215 4542 quidquid
3241 4476 3327 4522 est
3358 4485 3371 4521 :
3403 4463 3548 4534 quod

254 4584 520 4654 quomodo
578 4585 821 4654 laboret,
877 4586 1064 4641 docuit
1111 4601 1213 4640 nos
1270 4586 1564 4654 Apostolus
1634 4585 1846 4641 minore
1872 4575 1926 4635 D
1952 4593 2135 4640 autem
2161 4588 2277 4645 est,
2311 4579 2629 4647 permanet,
2662 4585 2769 4626 non
2799 4567 3103 4636 subjicitur.

255 4678 525 4747 exemplo,
555 4678 741 4734 dicens
774 4697 787 4734 :
838 4679 967 4746 Quis
1000 4681 1318 4750 inﬁrmatur,
1349 4690 1398 4734 et
1425 4697 1516 4751 ego
1555 4696 1657 4734 non
1698 4679 1844 4747 inﬁr-

255 4782 363 4821 mor
397 4769 464 4838 (ll
509 4769 631 4825 Cor.
681 4786 762 4833 xt,
805 4771 932 4840 29)?
964 4772 1158 4828 Docuit
1194 4781 1250 4828 et
1293 4773 1409 4842 ipse
1439 4773 1707 4828 Dominus
1747 4786 1844 4826 sua

256 4871 384 4914 voce
415 4877 427 4912 :
462 4859 534 4912 ΑΞ
541 4877 628 4930 ger
646 4878 808 4928 eram,
839 4872 890 4916 et
917 4879 1019 4917 non
1046 4865 1291 4918 visitastis
1323 4881 1402 4918 me
1422 4881 1440 4918 :
1465 4865 1633 4919 nudus
1662 4881 1805 4919 eram
1828 4906 1842 4928 ,

327 5031 350 5058 ιι
393 5021 697 5096 Malediclio
725 5040 974 5078 eorum...
999 5027 1288 5090 discipulus
1317 5028 1449 5096 ejus,
1484 5028 1539 5079 in
1569 5040 1700 5080 mss.
1735 5042 1841 5080 non

259 5095 459 5176 pauc-is,
490 5102 545 5146 et
564 5095 702 5176 apud
724 5096 946 5176 limerb.
974 5098 1334 5176 desideratur.

326 5161 350 5200 ι)
393 5163 517 5218 Ητεο
556 5161 786 5233 epistola
816 5180 940 5220 cum
970 5182 1066 5233 ea,
1099 5181 1264 5236 quam
1292 5166 1363 5220 ‘26
1393 5166 1512 5220 loco
1551 5165 1841 5220 collocavi-

257 5249 395 5300 mus,
423 5249 526 5289 una
556 5237 696 5289 serie
725 5238 776 5306 in
806 5252 936 5291 mss.
965 5239 1171 5306 aliquot
1202 5239 1270 5290 ita
1311 5237 1671 5306 eolnpingitur
1700 5255 1713 5288 :
1745 5253 1840 5290 no-

259 5321 366 5360 cere
388 5321 441 5360 se
461 5306 700 5360 credunt.
726 5305 945 5375 Scruper
959 5305 1164 5375 quidem
1185 5308 1456 5360 decantata
1474 5305 1711 5376 quintio,
1732 5316 1840 5362 etc.

329 5387 348 5414 ο
393 5376 662 5430 Iudicatur
711 5376 814 5430 hoc
861 5376 982 5430 loco
1023 5378 1075 5430 in
1107 5376 1428 5431 clericorum
1475 5378 1666 5432 ordine
1710 5377 1846 5432 alios

259 5446 442 5510 fuisse,
487 5449 577 5516 qui
630 5446 913 5500 facultates
959 5446 1169 5515 aliquas
1201 5447 1563 5514 possiderent,
1593 5447 1727 5503 alios
1756 5448 1845 5514 qui

259 5519 616 5644 nllllatsiszua
653 5517 720 5572 de
755 5531 813 5572 re
843 5516 1079 5572 diximus
1111 5516 1178 5570 ad
1211 5517 1302 5572 lib.
1339 5519 1536 5574 tOfﬁc.
1584 5533 1703 5590 cap.
1737 5518 1808 5573 '56
1833 5559 1848 5584 ,

260 5605 402 5644 1111111.
541 5629 558 5644 .

260 5605 402 5644 1111111.
431 5605 558 5644 11M.

327 5657 354 5698 ἀ
397 5660 515 5715 Vet.
545 5657 677 5714 edit.
706 5656 818 5725 hic,
849 5665 906 5713 et
932 5670 1030 5712 nos
1051 5670 1173 5711 cum
1213 5656 1372 5712 Rom.
1408 5674 1470 5716 ac
1496 5673 1626 5714 mss.
1657 5659 1752 5714 lib.
1786 5658 1854 5714 de

264 5730 430 5787 InSIit.
473 5729 650 5801 Virg.,
691 5730 944 5802 capt“,
978 5728 1028 5802 si
1053 5727 1290 5802 ceciderit
1313 5745 1464 5802 unus,
1485 5731 1616 5784 alter
1655 5733 1811 5802 eriget
1834 5744 1853 5780 ε

265 5803 328 5860 de
352 5817 457 5872 qua
487 5797 722 5859 Iecilone
762 5797 962 5856 vidcsls
985 5798 1278 5855 Nobilium.
1335 5799 1450 5856 γει.
1502 5809 1680 5856 autem
1718 5797 1854 5853 edit.

2033 4676 2115 4731 10.
2155 4672 2366 4728 Bonum
2395 4679 2479 4722 εει
2505 4668 2686 4734 itaque
2713 4660 2992 4716 adhaerere
3018 4655 3198 4716 alteri,
3229 4660 3284 4708 et
3307 4650 3551 4706 inserere

1952 4767 2155 4824 collum
2205 4764 2260 4819 in
2309 4771 2528 4831 torques
2575 4757 2725 4826 ejus,
2755 4765 2807 4809 et
2835 4750 3106 4818 subjicere
3146 4747 3466 4808 humerum,
3496 4751 3552 4796 et

1953 4871 2171 4933 portare
2200 4857 2374 4923 illum,
2401 4867 2499 4909 nec
2526 4850 2748 4906 tacdiare
2770 4844 2836 4901 ad
2865 4842 3109 4905 vincula;
3139 4840 3262 4909 quia
3289 4838 3357 4894 de
3387 4837 3550 4891 domo

1952 5027 2116 5079 citato
2143 5019 2238 5074 lib.
2277 5017 2346 5072 de
2388 5014 2567 5069 Instit..
2595 5010 2749 5080 Virg.
2779 5017 2832 5063 et
2857 5007 3015 5080 Rom=
3050 5002 3168 5080 hic,
3217 4999 3260 5054 si
3302 4995 3546 5080 ceciderit

1945 5072 2110 5158 ιῖὶιῖἱὲζ
2131 5072 2309 5160 eriget.
2344 5087 2453 5142 Nos
2485 5097 2616 5160 vero
2656 5072 2779 5160 cum
2806 5092 2937 5132 mss.
2969 5072 3545 5160 νὶτρλιιιιιιιιῃιιιξῳιιι-ἰιι]ο

1947 5137 2667 5224 ἶιίἱὶξ’γὶᾧὲῗ’ὲιήἱιὶ,“θί⁷είιιο
2695 5152 2798 5206 illis
2830 5163 2926 5218 pro
2945 5137 3221 5224 ceciderit.
3239 5137 3343 5224 non
3372 5137 3540 5224 aude:

2093 5211 2452 5290 ii
2481 5224 2791 5294 ceciderint;
2819 5211 2961 5294 quod
2986 5229 3177 5294 tamen
3196 5211 3542 5294 Ambrosium

1950 5283 2241 5374 scripsisse
2253 5283 2594 5374 “conjicimus
2623 5311 2653 5349 e
2681 5283 2884 5349 Griecis
2922 5287 3101 5341 verbis
3127 5286 3214 5339 ἰὰν
3250 5283 3472 5345 πέσωσι,
3514 5283 3540 5333 ὁ

1954 5374 2023 5437 εἷς
2047 5373 2232 5450 ἕλγερεῖ,
2256 5373 2341 5450 νει
2374 5373 2703 5450 ἐγείρειοβιθ·
2747 5435 2758 5446 .

2027 5428 2230 5500 θ”ᾆιὲεί
2255 5428 2486 5511 aliqum;
2507 5428 2595 5511 sed
2617 5453 2715 5511 non
2741 5435 2794 5511 in
2824 5430 2987 5511 nobis.
3021 5428 3090 5481 At
3120 5437 3288 5497 pravo
3316 5435 3478 5478 sensu
3496 5459 3510 5474 .

2032 5515 2051 5553 ί
2096 5517 2256 5571 Rom.
2284 5503 2416 5568 ed'it.
2440 5503 2575 5573 sola,
2599 5509 2712 5561 oleo
2741 5503 2953 5560 twtitiw.
3452 5559 3486 5573 η

2031 5597 2055 5634 8
2694 5559 2852 5646 parte
2876 5586 3030 5636 mss.;
3060 5577 3172 5624 vet.
3200 5573 3377 5622 autem
3403 5559 3530 5617 edit.

1957 5673 2078 5714 eum
2101 5652 2824 5725 reliquis_mss.,_ittvalescet'e
2849 5659 2952 5698 non
2979 5650 3161 5725 potest.

2033 5712 2246 5783 hRom:
2279 5722 2409 5778 edit.
2440 5712 2574 5789 sola,
2609 5736 2711 5775 non
2743 5718 2840 5772 cito
2866 5712 3149 5785 rumpitur.
