4076 6172
536 272 679 328 ista
1898 260 2140 323 sanast
2181 255 2509 323 Αιιιιιιοειιι
3321 291 3329 298 -
3717 264 3887 320 12Ἶῖ

533 392 876 452 alligatorum
924 385 1126 450 exivit,
1161 386 1249 455 qui
1298 383 1521 455 regncl,
1557 397 1691 454 puer
1722 381 1814 438 ille
1839 384 1931 454 qui
1963 389 2128 452 super
2154 385 2208 444 Α
2302 383 2606 435 constitutas
2635 383 2700 435 sit
2722 382 2910 454 judex,
2942 387 2990 434 et
3022 393 3183 451 quare
3211 380 3355 433 illam
3394 379 3756 449 cognitionem
3793 380 3880 430 ita

538 499 720 552 regem
774 484 1044 534 seniorem
1092 487 1148 533 et
1197 479 1418 534 stultum
1459 489 1561 533 est.
1616 478 1847 548 Ideoque
1888 477 1979 545 qui
2006 489 2133 530 eutn
2311 477 2685 545 susceperit,ut
2718 475 3226 528 mulueritorbitrum
3258 489 3427 542 agere,
3453 480 3874 533 commemorat,

539 573 1085 644 sequuntur,alligsti
1113 573 1344 626 vinculis
1361 582 1504 626 sunt.
1533 573 1772 642 Denique
1796 571 1997 626 Paulus
2022 567 2138 624 vino
2310 561 2413 623 litis
2440 569 2648 638 exponit
2677 575 2888 630 statum,
2917 583 2978 620 ac
3012 565 3267 620 Marcello
3297 566 3544 618 damnant
3575 581 3682 618 non
3717 580 3878 633 srer

539 676 657 721 ctus
683 665 810 720 Jestl
841 664 1040 720 Christi
1075 665 1293 736 (Ephes.
1329 681 1410 730 ιιι,
1446 667 1518 731 I).
1560 665 1714 722 Unde
1740 674 1796 720 et
1837 666 1952 734 ipse
1979 663 2139 718 Iesus
2311 661 2583 728 ferendam
2615 661 2855 715 ostendit.
2888 659 3024 712 Hinc
3051 675 3167 713 eum
3194 659 3397 722 laudat,
3428 657 3566 726 quod
3596 657 3876 710 arbitrum

539 759 807 829 captivam
839 758 993 812 duxit
1020 759 1388 828 captivitatem
1417 757 1636 830 (Ephes.
1662 769 1735 823 tv,
1759 757 1836 828 8).
1864 755 1981 811 Non
2008 757 2140 811 satis
2313 773 2367 812 se
2395 759 2502 829 ipse
2545 757 2837 828 prcrstiterit
2865 756 3015 827 longe
3052 755 3422 824 tt'qttissimntn.
3456 750 3566 805 Cur
3599 762 3782 805 tamen
3815 752 3876 804 in

544 852 719 905 visum
763 858 847 906 est
894 849 947 905 ei
991 851 1206 906 Solvere
1249 851 1650 920 captivitatem,
1679 863 1841 920 quam
1892 848 2141 902 diabolus
2315 853 2427 921 ejus
2478 851 2690 904 arbitrio
2719 849 2958 902 nonnihil
2983 847 3284 910 tnnl'tveril,
3319 842 3465 898 doc'et
3494 861 3512 898 :
3539 863 3600 898 ac
3641 846 3875 898 demum

544 944 912 1013 imposuerat;
948 959 1017 998 ne
1052 944 1248 998 iterum
1281 952 1306 980 ι
1335 944 1538 998 liberos
1583 950 1950 1012 vagantesque
1993 942 2143 996 lnva-
2315 960 2416 1014 qua
2462 945 2661 996 ratione
2711 941 2902 1013 singuli
2937 943 3049 995 sine
3079 938 3331 994 Ecclesiw
3376 939 3569 992 domno
3609 940 3871 998 τίσει-ἔπι,

545 1033 697 1089 deret
745 1051 759 1087 :
806 1034 902 1090 sed
953 1034 1188 1104 perfecta
1244 1035 1516 1090 absolutio
1567 1035 1831 1089 testitttata
1900 1041 1983 1088 Est
2045 1034 2145 1088 sub
2317 1037 2564 1090 declarat.

546 1125 764 1181 Christo
800 1127 998 1196 degere
1023 1167 1039 1194 ,
1084 1137 1137 1182 et
1185 1125 1406 1196 injicere
1437 1128 1602 1198 pedes
1631 1128 1684 1182 In
1729 1127 2024 1198 compedes
2053 1139 2143 1181 sa-

549 1217 785 1287 pientia,
817 1217 984 1288 ipsius
1011 1217 1281 1286 captivum
1309 1231 1458 1282 esse.
1495 1228 1551 1272 ut
1577 1220 1652 1273 sis
1681 1218 1820 1272 liber
1853 1218 1924 1272 ab
1949 1217 2145 1272 adver-

547 1325 710 1364 sano.

2729 1128 3034 1182 Ausones
3061 1126 3375 1181 IIARCILLO.

2323 1223 2372 1276 I.
2419 1219 2572 1290 Apud
2606 1237 2689 1276 me
2720 1221 2980 1276 decursus
3011 1229 3093 1274 est
3126 1221 3199 1274 tui
3236 1228 3415 1273 textus
3449 1217 3677 1287 negotii,
3713 1218 3877 1288 quod

2250 1331 2359 1371 non
2403 1316 2650 1379 intulisti,
2683 1315 2775 1369 sed
2802 1313 3089 1384 recepisti;
3117 1314 3241 1383 quia
3273 1320 3395 1367 erat
3424 1323 3475 1366 et
3511 1311 3739 1380 pietatis
3768 1326 3877 1366 ne-

620 1404 707 1457 ll.
752 1402 919 1459 Recte
971 1418 1138 1474 puer,
1188 1403 1445 1474 quoniam
1510 1419 1637 1472 puer
1682 1413 1835 1458 natus
1879 1399 1954 1457 esi
2002 1404 2147 1459 nobis
2249 1409 2499 1475 cessitas,
2529 1417 2584 1462 et
2614 1406 2976 1477 probandzcin
3007 1419 3275 1476 pauperes
3299 1403 3642 1457 liberalitatis
3661 1401 3878 1455 volun-

549 1496 720 1566 (limi.
751 1510 804 1550 ιι
827 1536 841 1561 ,
871 1495 963 1566 6);
992 1506 1048 1552 et
1074 1512 1201 1552 vere
1247 1497 1482 1566 Optimus
1508 1509 1663 1567 puer,
1691 1497 1777 1551 cui
1823 1495 2031 1550 dictum
2065 1503 2150 1551 est
2253 1513 2357 1558 tas.
2389 1501 2630 1572 Cognovi
2662 1511 2842 1556 autem
2869 1497 2893 1534 ἀ
2928 1497 3223 1554 secundum
3253 1511 3424 1550 sacrae
3453 1494 3683 1550 formam
3715 1509 3874 1564 prm-

550 1604 578 1641 a
610 1588 766 1642 Patre
804 1588 955 1643 Deo:
993 1587 1241 1661 Magnum
1289 1590 1381 1643 tibi
1410 1600 1485 1644 est
1531 1591 1705 1644 vocari
1735 1603 1952 1657 puerum
1982 1601 2148 1644 nterim
2250 1595 2552 1664 ceptionis,
2582 1595 2631 1647 in
2677 1608 2836 1664 quam
2868 1607 2954 1647 me
2982 1591 3158 1646 induit
3188 1598 3241 1644 et
3275 1586 3573 1643 beatissimi
3605 1587 3874 1656 Apostoli

550 1679 721 1749 (liciti.
755 1696 897 1744 thx,
926 1683 1004 1751 5).
1032 1682 1265 1750 Sapiens
1294 1697 1539 1754 quoque,
1574 1694 1634 1737 ut
1669 1683 2016 1754 Evangelium
2047 1685 2148 1738 do-
2253 1687 2546 1740 auctoritas
2568 1728 2584 1753 ,
2614 1695 2669 1740 et
2697 1696 2799 1738 ture
2845 1685 3108 1738 doctrina:
3139 1698 3202 1736 ac
3243 1683 3365 1734 vit-.e
3405 1681 3577 1733 ΐειιιιιι
3609 1689 3664 1734 et
3697 1680 3874 1734 disci—

552 1783 676 1837 eet;
708 1775 831 1844 quia
879 1776 1180 1846 proﬁciebat
1206 1786 1420 1830 malest
1453 1777 1708 1848 sapientia
1733 1776 1892 1845 (Luc.
1929 1789 1996 1838 tt,-
2030 1776 2144 1847 ὅθ).
2181 1765 2228 1838 Β
2257 1779 2421 1848 plina.
2447 1777 2577 1831 Nam
2608 1794 2728 1830 ettnt
2759 1777 2874 1844 ipse
2896 1791 3183 1846 arguerem
3221 1773 3364 1843 quod
3393 1772 3570 1827 adhuc
3599 1773 3745 1825 inter
3767 1785 3875 1826 vos

552 1861 956 1921 Convenienler
1005 1869 1173 1922 etiarn
1222 1881 1426 1937 pauper
1460 1886 1471 1920 :
1500 1870 1624 1938 quia
1651 1884 1767 1921 cunt
1797 1870 1939 1922 dices
1984 1881 2150 1933 esset,
2257 1879 2503 1925 maneret
2534 1879 2877 1922 veternosum
2904 1867 3142 1936 jurgium
3163 1909 3176 1931 ,
3211 1863 3574 1935 cognoscendi
3606 1864 3742 1917 milii
3772 1878 3876 1917 ne-

557 1969 752 2026 pouper
799 1957 970 2024 [actas
1019 1967 1128 2022 est;
1157 1966 1213 2010 ιιι
1239 1973 1335 2011 nos
1361 1975 1457 2011 suo
1501 1960 1680 2026 inopia
1707 1958 1894 2012 ditaret
1921 1959 2003 2030 (II
2028 1959 2149 2014 Cor.

556 2063 671 2113 vnt,
700 2047 780 2120 9).
805 2049 868 2103 Et
896 2050 1018 2104 ideo
1043 2065 1147 2104 non
1177 2049 1387 2104 fastidit
1419 2052 1471 2105 in
1497 2066 1664 2122 regno
1693 2065 1792 2105 suo
1821 2065 2112 2122 pauperem
2136 2091 2153 2118 ,

556 2141 654 2194 sed
681 2141 901 2196 exaudit
928 2158 1052 2198 eunt
1074 2173 1092 2208 ,
1120 2152 1174 2196 et
1207 2142 1404 2198 liberat
1434 2159 1500 2198 ex
1527 2143 1780 2198 erunibus
1807 2143 2073 2214 angustiis
2101 2153 2158 2200 et

558 2234 846 2288 molestiis.
1614 2292 1620 2297 _

629 2325 719 2380 ti.
761 2324 873 2382 Sub
905 2325 1007 2383 hoc
1035 2342 1166 2398 ergo
1216 2329 1461 2385 vivamus
1483 2369 1497 2396 ,
1527 2341 1584 2384 ut
1612 2345 1707 2386 rex
1747 2329 1841 2385 ille
1886 2331 2073 2385 senior
2103 2340 2157 2386 et

557 2421 780 2486 stultus,
807 2419 834 2458 ι)
872 2423 1074 2476 nullam
1111 2422 1304 2478 habeat
1355 2431 1674 2494 potestatem
1705 2436 1868 2494 supra
1908 2437 2027 2479 nos.
2054 2425 2158 2492 Qui

557 2513 686 2568 dum
739 2515 854 2568 volt
904 2531 1132 2586 regnare
1177 2519 1332 2586 quasi
1383 2519 1680 2573 voluntatis
1708 2533 1821 2572 stite
1868 2518 2156 2586 dominus,

559 2621 656 2659 nec
685 2605 786 2661 sub
832 2608 1062 2662 vinculis
1101 2623 1222 2663 esse
1262 2608 1475 2663 Domini
1522 2609 1650 2664 Jesu
1676 2650 1691 2672 ,
1726 2610 2062 2664 lnveterotus
2105 2611 2158 2664 in

560 2699 795 2766 peccatis
819 2738 836 2765 ,
865 2700 1107 2754 stultitia:
1155 2699 1345 2755 incidit
1388 2700 1811 2756 deformitatem.
1845 2701 1983 2769 Quid
2013 2702 2158 2754 enim

560 2791 778 2844 Sillilllla
826 2807 1023 2860 quant,
1057 2793 1265 2846 relictis
1303 2791 1655 2858 ctelestibus,
1705 2793 1772 2846 ad
1821 2800 2032 2846 terrena
2074 2792 2159 2846 ini

564 2882 807 2937 tendisse
830 2924 843 2946 ,
877 2895 929 2937 et
978 2883 1303 2952 posthabitis
1333 2887 1645 2955 perpetuis,
1679 2886 1910 2956 elegisse
1940 2899 2000 2939 ca
2041 2887 2162 2957 qum

562 2976 765 3028 caduca
797 2985 923 3029 sunt
951 2985 1005 3030 et
1033 2974 1288 3044 fragilia?

638 3069 727 3123 I5.
768 3067 938 3123 Nemo
967 3083 1098 3138 ergo
1141 3068 1286 3122 dicat
1315 3086 1328 3120 :
1361 3069 1479 3124 Non
1510 3079 1596 3125 est
1640 3070 1798 3125 nobis
1827 3081 1848 3107 ε
1898 3069 2078 3139 portio
2109 3069 2161 3125 in

2254 1963 2563 2019 cessitatem
2597 1971 2777 2030 partes
2809 1961 3211 2028 imposuerunt.

2326 2055 2379 2108 Ξ.
2424 2052 2627 2108 Erubui
2659 2061 2945 2116 recusare,
2989 2050 3198 2115 fateor,
3228 2062 3352 2102 cum
3388 2047 3685 2118 prasertlm
3713 2055 3735 2083 ε
3781 2053 3872 2101 ιο-

2254 2148 2360 2217 ςειιί
2393 2147 2673 2215 utriusque
2720 2148 2889 2212 partis
2916 2145 3152 2198 invicent
3183 2158 3243 2197 se
3273 2142 3644 2204 lacesserent,
3677 2140 3877 2195 dicen-

2260 2250 2340 2294 tes
2368 2251 2423 2294 ut
2454 2254 2575 2294 meo
2615 2240 2720 2294 sub
2749 2240 3002 2293 examine
3034 2236 3304 2306 liqueret,
3337 2238 3423 2290 cui
3469 2237 3604 2305 parti
3652 2236 3874 2304 majora

2254 2331 2392 2402 juris
2421 2330 2746 2399 vcljustitia:
2777 2329 3030 2400 Sotiragia
3061 2329 3260 2384 l'orent.
3317 2328 3454 2396 Quid
3501 2328 3691 2395 plura?
3731 2327 3876 2382 Cum

2256 2432 2366 2501 ja'm
2397 2429 2640 2485 conclusi
2673 2437 2859 2484 essent
2887 2426 3036 2491 dies,
3067 2434 3121 2480 et
3158 2439 3448 2495 paucarum
3482 2423 3742 2479 horarum
3775 2440 3874 2478 su-

2259 2531 2506 2596 peresset
2555 2522 2822 2590 spatium,
2854 2519 3052 2588 quibus
3104 2527 3286 2572 tamen
3318 2517 3419 2570 alia
3468 2517 3680 2569 audiret
3728 2532 3876 2585 pra-—

2261 2617 2434 2670 lectus
2482 2617 2727 2684 negotia;
2775 2613 3049 2681 petierunt
3098 2626 3278 2663 causae
3327 2609 3533 2679 patroni
3583 2609 3873 2678 preroguri

2263 2721 2558 2778 paucorum
2591 2707 2803 2761 dierum
2838 2712 3110 2774 tempora,
3144 2712 3199 2757 ut
3231 2717 3332 2771 ego
3356 2700 3652 2756 resltlerem
3684 2700 3875 2767 cogni—

2266 2805 2370 2854 to’r.
2405 2800 2612 2855 Tantus
2633 2799 2797 2853 ardor
2818 2807 2936 2852 erat
2959 2796 3273 2850 ebriatiauis
3303 2795 3454 2859 viris,
3488 2803 3553 2846 ne
3577 2794 3877 2863 praefectus

2264 2893 2333 2948 de
2363 2893 2602 2961 episcopi
2631 2892 2902 2960 judicaret
2933 2888 3178 2959 negotio.
3215 2887 3444 2941 Aiebant
3480 2896 3744 2955 praeterea
3779 2895 3874 2939 ne-

2265 2985 2381 3040 scio
2412 2995 2532 3053 qua:
2560 2992 2707 3053 gesta
2757 2983 3046 3048 indecore,
3080 2990 3135 3036 et
3166 2990 3261 3051 pro
3293 2993 3393 3035 suo
3423 2978 3656 3049 quisque
3686 2977 3874 3032 studio

2261 3079 2522 3150 iactabat,
2553 3093 2674 3148 quae
2698 3077 2958 3147 episcopo
2985 3076 3162 3146 potius
3189 3073 3394 3144 judice,
3425 3085 3585 3142 quam
3611 3070 3874 3142 phel’ccto

563 3158 755 3225 Jacob,
789 3174 964 3226 neque
995 3159 1286 3214 literedltas
1335 3161 1388 3213 in
1418 3161 1581 3215 Israel
1612 3160 1718 3230 (Ill
1749 3161 1878 3231 Reg.
1913 3175 2017 3225 ιιι,
2050 3163 2158 3231 I6).
2195 3165 2240 3229 ο
2273 3170 2575 3226 “mnium
2605 3177 2904 3239 oporteret.

565 3251 736 3306 Nemo
765 3252 912 3306 dicat
937 3269 950 3304 :
979 3250 1096 3306 Non
1136 3267 1252 3305 sum
1285 3251 1340 3306 in
1370 3253 1553 3318 clero;
1584 3253 1707 3321 quia
1738 3255 2000 3323 scriptum
2029 3265 2113 3310 est
2147 3272 2161 3310 :

570 3341 702 3396 Date
754 3341 875 3396 Lcoi
902 3343 1065 3397 cteros
1108 3344 1220 3414 ejus
1260 3341 1443 3414 (Deut.
1489 3343 1798 3416 xxxttt,8).
1853 3345 1916 3400 Et
1965 3345 2165 3401 iterum

572 3435 742 3488 David
775 3437 848 3489 ait
884 3454 896 3488 :
929 3436 1067 3502 Quia
1099 3437 1143 3490 is
1167 3438 1256 3505 qui
1287 3436 1430 3490 inter
1455 3438 1633 3492 cleros
1661 3437 1801 3492 duos
1827 3438 2037 3493 medius
2076 3453 2165 3494 re-

567 3526 840 3596 quiescit,
900 3527 1015 3598 ipse
1055 3528 1120 3582 ad
1168 3543 1406 3598 superna
1455 3529 1559 3584 alis
1624 3531 1806 3585 eVoIat
1833 3531 2169 3600 spiritalibus

567 3620 741 3692 (Ptol.
794 3637 972 3686 mn,
1009 3624 1116 3693 li).
1151 3621 1266 3678 Non
1316 3623 1466 3679 dicas
1513 3622 1582 3679 de
1630 3624 1744 3678 Deo
1796 3635 1937 3679 tuo:
1985 3623 2169 3678 Gravis

568 3712 694 3766 nti/ti
723 3723 796 3767 est
827 3713 983 3785 (Sap.
1017 3729 1087 3780 ιι,
1124 3715 1252 3784 12);
1288 3731 1386 3770 nec
1431 3716 1501 3771 de
1532 3717 1653 3771 loco
1681 3725 1774 3770 tuo
1807 3733 1820 3768 :
1855 3714 2069 3771 Inutilis
2095 3727 2169 3771 est

568 3808 731 3872 mihi;
762 3810 883 3878 quin
917 3812 1175 3879 scriptum
1197 3820 1284 3865 est
1316 3827 1329 3864 :
1355 3810 1552 3864 Locum
1573 3821 1717 3865 tuum
1745 3812 1853 3866 noli
1882 3813 2172 3882 relinquere

569 3899 792 3969 (Ecclcs.
825 3917 879 3968 x,
907 3901 984 3972 4).
1021 3903 1147 3958 Vult
1173 3905 1318 3959 enim
1363 3904 1580 3962 auferre
1607 3920 1734 3960 eunt
1779 3906 2129 3962 adversarius
2154 3948 2170 3974 ,

571 3995 687 4047 vult
721 4005 772 4048 te
818 3995 1128 4063 abducere;
1183 3999 1310 4070 quia
1367 3999 1572 4055 invidet
1625 4003 1740 4072 spei
1795 4011 1929 4066 tute,
1965 4002 2174 4057 invidet

573 4089 810 4141 tttlltteri.

647 4179 735 4235 ιι.
778 4179 884 4236 Sed
913 4189 967 4236 tu
997 4183 1324 4255 quicumque
1352 4186 1404 4240 in
1433 4185 1662 4242 cleroes
1686 4185 1934 4252 Domini,
1963 4187 2178 4259 1100

576 4275 756 4342 portio
792 4277 913 4345 ejus
951 4289 1006 4331 et
1050 4279 1348 4348 possessio,
1379 4279 1488 4334 noli
1541 4281 1802 4336 recedere
1845 4280 1914 4335 de
1956 4282 2172 4337 Domini

576 4370 944 4440 possessione,
971 4379 1031 4425 ut
1051 4372 1203 4427 dicas
1224 4373 1454 4428 Domino
1481 4392 1494 4428 :
1525 4373 1807 4429 Possedissi
1831 4389 1976 4428 renes
1998 4390 2138 4429 meos
2157 4390 2177 4430 :

574 4463 845 4531 suscepisti
876 4476 958 4516 me
1001 4479 1064 4516 ea:
1109 4472 1254 4518 utero
1300 4465 1482 4518 matris
1527 4480 1652 4519 mea
1679 4464 1867 4536 (Psal.
1899 4477 2173 4529 cxxxvnt,

2337 3263 2392 3318 5.
2437 3263 2529 3318 liis
2554 3261 2834 3326 confusus,
2863 3260 3022 3316 simul
3053 3258 3361 3314 admonitus
3385 3257 3712 3328 Apostolicn‘
3736 3269 3874 3326 pra:-

2267 3358 2550 3428 eeptionis,
2582 3369 2705 3428 qua:
2733 3356 2932 3425 arguit,
2965 3354 3186 3408 dicens:
3216 3353 3408 3406 Nonne
3435 3353 3498 3406 tle
3524 3352 3588 3404 iis
3616 3351 3705 3420 qui
3732 3349 3872 3402 intus

2268 3459 2386 3504 sunt
2408 3490 2423 3514 ,
2457 3461 2546 3503 ros
2564 3449 2823 3522 jndicnlls
2857 3449 2896 3504 tl
2928 3446 3050 3499 Cur.
3083 3449 3134 3513 τ,
3171 3445 3298 3518 I2)?
3326 3444 3390 3499 Et
3424 3446 3614 3498 iterum
3644 3461 3658 3497 :
3693 3443 3874 3497 δίει-ιι-

2270 3543 2401 3597 laria
2428 3542 2587 3613 igitur
2595 3542 2798 3614 judicio
2819 3542 2864 3594 si
2886 3539 3190 3605 lmbtterilis,
3219 3533 3622 3605 contemptibiles
3641 3535 3731 3604 qni
3752 3543 3871 3589 sunt

2271 3635 2325 3686 in
2354 3632 2610 3697 Ecclesia,
2643 3634 2761 3687 illos
2787 3633 3084 3686 constituite
3113 3632 3183 3684 ad
3205 3629 3568 3702 jadicnndnnt.
3602 3626 3684 3680 Ad
3731 3643 3870 3680 vere-

2271 3728 2513 3782 cundiam
2560 3732 2780 3781 vestram
2807 3726 2944 3780 dico.
2976 3724 3067 3781 Sic
3110 3740 3212 3777 non
3252 3733 3325 3776 est
3363 3723 3496 3774 inter
3525 3735 3614 3773 vos
3659 3717 3871 3788 sapiens

2272 3821 2561 3892 quisquam,
2593 3820 2680 3881 qui
2708 3819 2867 3886 ponit
2889 3819 3134 3888 judicare
3161 3817 3295 3869 inter
3316 3816 3530 3887 frntrcin
3563 3827 3708 3865 suum
3739 3827 3756 3864 :
3783 3811 3870 3864 sed

2274 3917 2440 3984 frater
2470 3929 2584 3967 cum
2617 3917 2778 3982 fratre
2810 3913 3018 3986 judicio
3044 3911 3336 3975 contendit,
3368 3917 3414 3962 ct
3445 3909 3540 3960 hoc
3580 3903 3723 3974 apud
3750 3903 3869 3972 inti.

2275 4009 2415 4061 aletes
2441 4006 2483 4079 (l
2517 4007 2633 4061 Cor.
2662 4023 2736 4070 Vl,
2770 4003 2864 4076 4);
2898 4005 3080 4076 recepi
3128 4002 3495 4075 cognitimtcm
3522 4043 3534 4061 .
3591 4001 3661 4054 ita
3697 4007 3870 4053 tamen

2276 4109 2335 4153 ut
2362 4099 2774 4168 compositionis
2803 4105 2982 4154 essem
3015 4099 3239 4152 arbiter.
3271 4094 3535 4150 Videbam
3564 4091 3707 4147 enim
3733 4090 3869 4162 quod

2278 4191 2322 4245 si
2354 4199 2451 4260 pro
2483 4190 2589 4244 tnis
2628 4190 2928 4260 jndicarem
2964 4189 3240 4259 partibus,
3290 4195 3472 4257 posset
3505 4184 3595 4238 illc
3628 4197 3731 4235 non
3779 4193 3868 4234 ac-

2277 4285 2560 4354 quieseere
2593 4301 2603 4334 :
2635 4283 2679 4336 si
2711 4293 2809 4351 pro
2841 4283 2934 4336 illo
2979 4281 3217 4335 fet-retur
3259 4280 3530 4334 sententia
3560 4319 3574 4342 ,
3630 4272 3870 4329 obedire!

2281 4383 2370 4428 tua
2398 4383 2451 4428 et
2477 4381 2681 4428 sant-tce
2711 4373 2918 4429 sororis
2944 4373 3212 4428 defensio.
3248 4371 3381 4424 Erat
3406 4377 3544 4438 ergo
3570 4367 3751 4435 iniqua
3780 4362 3869 4418 de-

2278 4467 2536 4522 cernendi
2564 4466 2822 4520 conditio.
2866 4465 3056 4520 Posset
3081 4464 3243 4519 etiam
3278 4461 3386 4515 illis
3415 4459 3592 4514 videri
3623 4464 3868 4526 suspecta

576 4551 709 4620 23);
740 4563 794 4608 et
825 4556 912 4609 ille
943 4555 1038 4609 tibi
1066 4557 1221 4626 quasi
1261 4556 1404 4610 bono
1435 4569 1601 4612 scr-vo
1626 4558 1768 4612 dicat
1799 4573 1812 4612 :
1848 4557 2064 4626 Transi,
2097 4575 2178 4614 η-
2203 4549 2258 4614 D
2285 4558 2700 4614 necessitudinis
2727 4557 3082 4612 sacerdotalis
3111 4555 3306 4625 gratia.
3336 4549 3570 4620 Quando
3609 4548 3750 4602 enim
3798 4547 3871 4600 si-

578 4648 755 4702 cumbe
781 4647 931 4717 (Luc.
964 4663 1092 4714 xvn,
1123 4653 1200 4719 7).
1229 4649 1437 4719 Valete,
1469 4652 1588 4720 lilii,
1611 4664 1662 4708 et
1684 4654 1894 4709 servits
1923 4651 2171 4721 Domino;

577 4738 704 4809 quia
730 4741 906 4795 bonus
934 4740 1212 4796 llotninus.

1064 4833 1401 4892 EPISTOLA
1445 4836 1705 4894 LXXXII.

583 4926 856 4992 Quomodo
879 4931 932 4984 in
961 4930 1262 4997 ΜΛιιοειιι,
1285 4931 1414 4986 ιωιὶ
1435 4945 1484 4987 et
1503 4933 1770 4989 amborum
1801 4935 1992 4990 sororis
2021 4952 2176 4990 causa

651 5075 675 5104 ⁸
704 5067 907 5124 Omnes
952 5068 1082 5125 edit.
1132 5086 1195 5126 ac
1239 5085 1371 5124 mss.
1407 5070 1690 5136 nonnulli,
1739 5069 1925 5125 liberos
1985 5086 2177 5125 vacan-

577 5149 786 5206 tesoue;
818 5141 908 5194 alii
940 5141 1141 5207 plures.
1173 5152 1228 5196 et
1257 5155 1400 5195 none
1429 5142 1699 5207 ntelioris,
1734 5142 1954 5202 liberos.
1985 5158 2180 5210 vagan-

578 5222 769 5277 tesque.
820 5212 883 5266 Et
941 5211 1042 5267 hoc
1093 5215 1273 5279 aptius
1321 5215 1614 5280 opponitur
1658 5213 2014 5284 sequentibus
2059 5215 2175 5280 his,

577 5283 790 5353 injicere
814 5285 965 5350 pelles
996 5286 1047 5336 in
1075 5284 1344 5352 compedes
1369 5284 1653 5346 sapientior.

617 5353 675 5478 ab
711 5354 850 5409 Edit.
888 5355 1043 5408 Rom.
1081 5357 1168 5410 ltic
1195 5355 1460 5422 inseruit,
1487 5356 1576 5424 qui
1605 5370 1706 5410 non
1734 5357 1872 5410 novit
1895 5369 2182 5426 precarer:

660 5441 740 5478 ra.

577 5435 740 5479 ultra.

650 5510 670 5536 θ
707 5497 905 5569 Eodem
934 5498 1065 5569 edit.
1113 5498 1258 5562 sola,
1292 5499 1461 5569 portio
1497 5497 1549 5550 in
1585 5495 1783 5564 David,
1809 5513 1970 5568 neque
2013 5495 2173 5551 itere-

577 5569 711 5622 ditas
739 5571 789 5622 in
813 5567 923 5638 filio
947 5568 1117 5624 Jessc.

651 5639 678 5680 ἀ
713 5637 967 5695 Formam
1019 5655 1190 5696 sacra:
1237 5639 1626 5711 przeceptionis
1660 5649 1816 5694 vocat
1855 5637 2179 5711 Ambrosius

586 5715 734 5780 leges
767 5713 1107 5780 imperiales,
1147 5725 1200 5766 ιιι
1241 5710 1575 5768 τιιειιιηεθε.
1602 5710 1825 5778 Diseipl.
1858 5710 2002 5764 Eccl.
2037 5724 2088 5776 p.
2122 5725 2174 5772 t,

588 5784 625 5836 Ι.
662 5797 720 5846 ιι,
752 5797 801 5834 c.
835 5780 926 5846 ὀὶ,
957 5784 1142 5837 tradit.
1178 5783 1287 5840 Nec
1316 5784 1454 5839 forte
1485 5784 1589 5840 alia
1621 5780 1942 5836 constitutio
1981 5780 2065 5835 ltic
2099 5781 2181 5836 in-

2282 4661 2401 4708 ctus
2445 4650 2696 4721 quemvis
2744 4650 2908 4703 alium
2955 4663 3120 4718 quam
3147 4661 3206 4701 se
3251 4644 3549 4711 aequiorem
3590 4640 3774 4710 putat?
3808 4637 3870 4691 Et

2283 4744 2425 4816 quod
2481 4757 2666 4797 verum
2720 4750 2837 4804 est,
2887 4750 3042 4796 erant
3087 4737 3282 4793 vetusti
3317 4735 3482 4806 jurgii
3516 4730 3868 4788 intolerabilia

2283 4838 2497 4907 utrique
2544 4836 2683 4906 parti
2731 4832 3051 4904 dispendia;
3106 4832 3153 4886 si
3202 4830 3327 4884 linis
3378 4827 3497 4898 ejus
3541 4833 3631 4880 aut
3674 4822 3868 4895 1101

2290 4930 2307 4968 ί
2343 4931 2514 4984 fructu
2541 4937 2777 4991 careret,
2806 4935 2898 4979 aut
2931 4923 3274 4979 liberalitatis
3303 4919 3518 4975 solatio.

2281 5069 2514 5130 dicatur,
2544 5065 2648 5120 nisi
2680 5063 2916 5119 celebris
2939 5061 3027 5114 illa
3056 5058 3215 5126 cujus
3245 5053 3660 5130 artionstantino
3687 5063 3872 5130 magno

2283 5121 2637 5212 protnulitatm
2661 5135 2907 5212 meminit
2923 5121 3262 5212 Stratitnettus
3407 5141 3422 5178 t
3446 5121 3867 5212 llistor.ueap.__'d..

2359 5221 2382 5248 θ
2410 5197 2634 5280 Τοέιιιίί,
2669 5208 2744 5260 ait
2795 5205 3075 5280 Nannius,
3103 5217 3167 5280 es
3219 5199 3404 5251 ltabilu
3453 5197 3871 5280 {Elllill‘iii‘fsi‘ll'ff

2283 5262 2768 5348 catisas‘agebant,
2799 5277 3012 5347 patroni
3045 5262 3222 5327 litium
3242 5279 3296 5324 et
3326 5267 3587 5323 causidici
3619 5262 3869 5334 appellari

2284 5354 2449 5408 creati
2482 5360 2628 5405 sunt.

2362 5367 2724 5478 et"giti‘iiiilnes
2748 5418 2879 5472 edit.
2905 5432 2968 5472 ac
2991 5430 3124 5469 mss.
3151 5413 3359 5484 aliquot
3388 5427 3402 5461 :
3432 5409 3524 5484 alii
3549 5415 3735 5484 autem
3764 5403 3871 5484 plu-

2287 5509 2406 5556 res,
2432 5477 2726 5564 furti_.:nret
2747 5531 2760 5550 ,
2796 5491 2880 5564 vel
2909 5495 3104 5564 careret
3127 5503 3145 5548 ,'
3170 5477 3394 5564 quidam
3425 5477 3874 5564 ,ειίεξιιηίξιιειιξς

2284 5548 2453 5628 caret}
2485 5561 2628 5614 unde
2658 5548 2762 5612 non
2813 5559 3049 5613 absurde
3093 5548 3211 5622 quis
3239 5552 3498 5628 conjiciat
3535 5548 3872 5628 Ambrosium

2286 5622 2574 5698 scripsisse
2620 5631 2776 5699 fructi
2815 5639 3010 5683 careret
3043 5643 3072 5699 :_
3093 5641 3214 5679 nam
3247 5622 3406 5699 fructi
3450 5623 3502 5674 itt
3532 5622 3770 5690 genitivo
3800 5622 3874 5669 usi

2288 5695 2417 5762 sunt
2457 5695 2747 5757 Terentius
2793 5711 2958 5770 atque
3003 5695 3305 5771 alii._Qttod
3358 5704 3544 5771 autem
3584 5703 3753 5771 supra
3779 5703 3874 5771 non

2287 5759 2480 5843 semel,
2507 5783 2560 5829 et
2591 5772 2730 5828 intra
2757 5759 2972 5843 quoque
3001 5770 3121 5824 loco
3139 5759 3251 5821 litis
3278 5779 3466 5820 vocem
3483 5759 3878 5836 jargit‘adbibct
