4076 6172
481 197 628 266 .279
1851 196 2100 254 SANCTI
2140 195 2464 254 AMBROSII
3659 195 3838 257 1280

477 319 589 369 tem
612 312 666 370 ei
694 327 801 370 non
831 309 1004 367 solum
1035 308 1386 378 apostolicos,
1415 309 1514 366 sed
1540 311 1705 366 etiam
1735 309 2084 380 evangelicos
2110 312 2162 371 Α
2191 308 2520 374 inconsulto,
2558 321 2779 362 uxorem
2817 316 3121 380 acceperat,
3152 308 3343 379 pietati
3371 308 3543 381 magis
3590 310 3828 376 tribuo,

483 403 731 472 fructus;
761 401 1019 459 Dominus
1046 399 1191 454 enim
1224 399 1358 456 dixit
1388 419 1399 454 :
1433 400 1611 456 Facite
1647 401 1789 456 vobis
1812 403 2004 456 amicos
2033 401 2096 455 de
2195 418 2355 474 quam
2401 411 2590 458 nostro
2616 402 2818 467 amori;
2854 403 2975 473 plus
3018 411 3103 458 est
3144 403 3293 458 enim
3324 403 3582 474 pietatem
3625 404 3831 475 ipsam

486 497 666 563 iniquo
695 499 987 550 mammona
1017 487 1168 561 (Luc.
1198 507 1308 558 xvi,
1340 491 1419 565 9).
1451 491 1651 548 Fecisti
1687 502 1743 548 et
1777 503 1835 548 tu
1865 494 2092 560 amicos,

488 600 546 649 et
573 590 717 662 quod
744 591 991 647 mirabile
1019 599 1139 657 est,
1167 604 1233 645 ex
1264 586 1674 644 dissidentibus.
1707 587 1906 644 Fecisti
1935 587 1988 643 in
2006 589 2096 658 jus

490 682 871 754 germanitatis
895 681 1078 738 redire
1106 681 1328 746 fratres,
1358 679 1534 735 fecisti
1557 694 1652 734 eos
1677 678 1778 734 hac
1805 679 2094 744 charitate,

491 774 596 830 hac
620 775 790 845 gratia
821 790 1045 833 securos
1072 790 1216 843 esse,
1245 773 1390 846 quod
1417 773 1785 845 suscipiantur
1807 774 1863 828 in
1891 782 2096 830 :cterna

497 867 871 925 tabernacula.

569 962 657 1017 11.
699 960 920 1019 Christo
949 963 1110 1035 igitur
1142 971 1366 1018 auctore
1414 971 1470 1018 et
1500 961 1713 1018 duobus
1755 959 1973 1016 arbitris
2017 975 2100 1015 sa-

497 1055 833 1122 cerdotibus,
864 1065 919 1113 te
946 1057 1037 1127 qui
1064 1056 1293 1111 formam
1325 1055 1475 1126 prior
1496 1055 1718 1121 dedisti,
1743 1070 1829 1111 me
1859 1055 1949 1126 qui
1977 1070 2103 1110 sen-

500 1149 725 1206 tentiam
757 1150 1037 1222 prompsi,
1068 1150 1204 1204 facta
1234 1163 1333 1219 pax
1367 1165 1473 1204 non
1500 1147 1860 1212 claudicabit;
1886 1146 2103 1218 quando

503 1251 652 1297 tanta
700 1241 824 1298 fidei
856 1250 1252 1310 _convenerunt
1294 1240 1584 1310 suffragia,
1629 1247 1688 1293 ut
1733 1237 1952 1308 perﬁdia
1997 1252 2102 1293 non

504 1335 680 1406 possit
709 1347 830 1390 esse
857 1334 977 1389 sine
1007 1347 1186 1403 poena.

502 1483 510 1492 ,
539 1498 552 1508 ,
576 1427 668 1483 12.
709 1428 900 1482 Arabit
927 1427 1109 1483 Laetus
1138 1427 1337 1492 sorori,
1360 1427 1447 1482 cui
1478 1434 1638 1483 antea
1665 1426 1876 1481 alienos
1904 1425 2107 1481 invide-

502 1524 597 1576 bat
627 1518 846 1576 labores
876 1537 890 1572 :
919 1534 1154 1576 messem
1182 1519 1366 1574 Laetus
1393 1521 1566 1574 sorori
1612 1518 1864 1590 colliget,
1898 1519 2106 1590 1103

504 1612 559 1668 in
589 1627 694 1683 qua
725 1621 849 1668 ante
890 1611 1035 1668 ferre
1079 1626 1188 1667 non
1211 1621 1427 1682 poterat
1472 1612 1676 1667 alienas
1707 1611 2062 1682 .donaliones
2092 1629 2104 1662 :

2196 495 2264 550 de
2321 505 2373 550 te
2427 494 2833 565 impetravisse,
2878 494 2905 532 ι)
2934 511 3095 566 quam
3142 496 3406 566 cujusque
3453 497 3830 567 petitionem.

2197 585 2358 642 Certe
2387 586 2642 643 sacerdos
2671 596 2798 641 tunc
2823 588 2991 658 magis
3017 588 3293 655 impetrat,
3318 603 3442 643 cum
3466 590 3639 644 virtus
3667 605 3840 660 pra:-

2197 677 2372 741 valct;
2406 676 2706 733 sacerdotis
2736 679 2880 732 enim
2927 678 3115 748 petitio
3147 677 3393 733 doctrina
3436 680 3651 750 pietatis
3699 689 3833 736 est.

2200 769 2514 840 lmpetravit
2535 770 2700 840 igitur
2731 778 2942 837 natura,
2974 771 3283 840 impetravit
3309 770 3451 826 filius
3479 786 3546 827 eo
3567 773 3830 842 plenius,

2202 863 2326 931 quia
2369 862 2625 931 postulati
2664 862 3052 932 contemplatio
3095 862 3417 933 temporalis
3459 863 3600 918 solet
3633 877 3765 918 esse
3812 880 3829 916 :

2202 953 2419 1007 virtutis
2450 963 2629 1009 autem
2661 954 2950 1009 diuturnus
2982 953 3222 1023 habitus,
3273 964 3330 1009 et
3364 954 3509 1025 jugis
3544 966 3564 994 ε
3598 957 3836 1010 animo-

2205 1060 2325 1100 rum
2352 1045 2617 1101 inductio.

2275 1138 2332 1191 2.
2376 1137 2604 1194 Pulchre
2653 1141 2835 1210 itaque
2879 1149 3124 1214 gestum,
3177 1151 3236 1198 ut
3291 1151 3344 1198 te
3389 1150 3596 1213 patrem
3648 1157 3829 1199 reco-

2207 1246 2500 1303 gnosceres
2530 1251 2542 1284 :
2578 1234 2734 1288 simul
2777 1237 2899 1304 quia
2939 1236 3086 1304 justa
3137 1236 3437 1308 indignatio
3487 1237 3614 1304 fuit;
3665 1238 3831 1294 malo

2206 1324 2353 1378 enim
2385 1325 2596 1394 culpam
2639 1328 2813 1393 lateri,
2847 1336 2906 1383 nt
2941 1329 3059 1398 plus
3095 1329 3343 1384 laudetur
3374 1338 3596 1400 paterna
3630 1329 3832 1384 indul-

2207 1417 2387 1487 gentia
2418 1434 2430 1470 :
2460 1417 2558 1474 sed
2587 1426 2641 1474 et
2671 1419 2786 1489 ipsa
2833 1428 3052 1489 paterna
3096 1419 3326 1476 offensio
3359 1422 3477 1487 fuit,
3505 1419 3532 1459 ά
3554 1422 3827 1492 quoniam

2213 1517 2494 1564 venturam
2527 1511 2580 1564 in
2609 1511 2786 1566 locum
2817 1511 2940 1566 filia:
2971 1521 3062 1567 tuo
3093 1512 3324 1568 debuisti
3351 1513 3556 1584 eligere
3582 1513 3823 1584 judicio,

2210 1599 2298 1654 cui
2329 1599 2488 1656 ﬁeres
2531 1609 2703 1672 pater.
2739 1601 2984 1672 Namque
3024 1612 3116 1657 aut
3159 1611 3347 1658 natura
3392 1604 3531 1659 ﬁlios
3576 1605 3826 1675 suscipi-

505 1704 720 1761 δθτθηι
766 1704 978 1760 "uenis
1019 1704 1090 1760 ad
1138 1705 1344 1759 sororis
1389 1704 1583 1759 horrea
1605 1745 1620 1771 ν
1652 1711 1708 1758 ει
1752 1704 1858 1757 ι,οο
1877 1711 1902 1739 a
1951 1703 2108 1757 ιωωε
2137 1709 2185 1769 Β
2213 1704 2354 1757 mus,
2379 1703 2470 1746 aut
2492 1694 2788 1760 electione;
2811 1704 2833 1730 ο
2860 1695 2912 1748 in
2941 1703 3129 1749 natura
3153 1709 3314 1751 casus
3336 1705 3441 1762 est,
3468 1695 3522 1750 in
3544 1695 3830 1752 electione

508 1796 708 1865 faciet,
741 1805 959 1867 recepta
989 1797 1151 1852 etiam
1173 1796 1287 1865 jam
1321 1795 1555 1850 nominis
1582 1795 1664 1850 sui
1691 1795 2046 1865 proprietate.

589 1889 676 1945 l3.
719 1888 796 1944 Tu
827 1887 1037 1943 interea
1067 1887 1439 1942 conformatus
1463 1887 1516 1942 in
1545 1887 1852 1958 apostolum
1882 1885 2109 1952 Christi,

508 1993 794 2036 assumens
823 1979 1194 2050 propheticam
1214 1979 1614 2045 auctoritatem,
1647 1978 1800 2034 dices
1831 1977 1898 2032 ad
1932 1977 2113 2034 Domi-

511 2087 641 2128 num
667 2088 680 2125 :
709 2069 994 2126 Possedisti
1017 2087 1164 2125 renes
1194 2086 1330 2124 meos
1357 2068 1530 2142 (Psal.
1554 2085 1812 2136 cxxxvm,
1848 2069 1958 2140 15).
1991 2070 2115 2126 Haec

513 2163 709 2219 melius
737 2165 1011 2234 possessio
1039 2160 1314 2218 Christum
1345 2164 1527 2227 decet;
1573 2172 1631 2227 ut
1671 2162 1904 2218 virtutes
1933 2177 2113 2217 sacer-

512 2255 656 2310 dotis
689 2254 961 2324 possideat
984 2255 1091 2320 sui,
1120 2253 1220 2308 hos
1247 2252 1451 2309 fructus
1473 2253 1673 2322 capiat,
1702 2254 1794 2324 qui
1825 2262 1950 2307 sunt
1977 2253 2115 2308 inte-

510 2347 727 2418 gritatis
772 2354 827 2401 et
863 2345 1237 2410 continentiae,
1278 2345 1504 2415 etquod
1543 2353 1626 2400 est
1651 2345 1905 2415 amplius,
1938 2344 2117 2400 chari-

513 2439 642 2497 tatis
669 2449 724 2495 et
754 2439 1174 2511 tranquillitatis.
1221 2438 1376 2507 Vale,
1409 2448 1465 2495 et
1491 2453 1591 2494 nos
1620 2437 1819 2509 dilige;
1853 2439 1976 2508 quia
2015 2455 2114 2494 nos

515 2542 571 2588 te
600 2531 894 2603 diligimus.

987 2623 1319 2681 EPISTOLA
1361 2621 1656 2679 LXXXIII.

511 2714 786 2773 Stsmuluu
809 2726 1017 2788 prapter
1037 2718 1234 2772 veniam
1255 2716 1387 2786 ﬁlio,
1413 2717 1499 2780 qui
1519 2732 1572 2770 se
1591 2717 1881 2771 inconsulto
1903 2734 2116 2773 uxorem

585 2809 826 2875 duxerat,
850 2809 1026 2862 datam
1049 2806 1407 2871 commendat;
1429 2815 1475 2860 et
1505 2807 1782 2860 commodis
1809 2807 2118 2878 quibusdam

583 2916 699 2972 qua:
735 2901 824 2956 ille
862 2915 926 2954 ea:
965 2916 1023 2954 eo
1063 2899 1317 2953 relaturus
1353 2908 1481 2962 erat,
1527 2899 1837 2964 memoratis,
1884 2900 2116 2954 eumdem

585 2992 683 3046 hac
711 2991 1008 3061 ignoscendi
1030 2991 1280 3061 facilitate
1302 3000 1594 3044 sanctorum
1617 2992 1841 3062 vestigiis
1868 2992 2117 3049 institisse

590 3085 833 3140 ostendit.

1017 3180 1320 3234 Annaosms
1358 3178 1607 3236 SlSINNlO.

587 3272 640 3327 1.
684 3271 840 3337 Quod
872 3271 984 3328 ﬁlio
1010 3285 1196 3327 nostro
1229 3273 1483 3328 remisisti
1512 3289 1632 3329 meo
1659 3283 1871 3345 rogatu,
1905 3275 2030 3345 quia
2061 3285 2111 3330 te

589 3398 614 3425 ⁸
656 3387 772 3444 Hoc
801 3395 908 3454 est,
948 3387 1121 3457 inquit
1149 3387 1412 3455 Nannius,
1442 3389 1629 3445 hilaris
1671 3389 1722 3444 id
1769 3388 1954 3448 faciet,
1987 3404 2114 3458 pro-

507 3460 844 3531 prietatique
864 3468 919 3514 et
939 3460 1397 3532 etymologitesui
1408 3461 1675 3532 nominis,
1699 3460 1844 3530 quod
1869 3460 2111 3532 luititiam

511 3529 697 3595 sonat,
728 3529 1100 3595 respondebit.
1141 3531 1216 3584 Ita
1249 3531 1363 3586 ille.
1395 3529 1666 3586 Caeterum
1693 3529 1987 3584 Ambrosio
2018 3533 2116 3584 hu-

507 3600 752 3670 jusmodi
782 3601 1077 3656 allusioncs
1109 3617 1218 3656 non
1260 3601 1603 3672 displicuisse
1644 3616 1711 3655 ex
1743 3602 2002 3672 epistolis
2047 3602 2113 3655 ad

515 3673 840 3738 Paternum,
883 3672 1147 3728 [remeam
1189 3681 1246 3727 et
1296 3671 1536 3726 Priscum
1582 3671 1952 3740 intelligimus.
2007 3672 2114 3728 Sed

515 3745 620 3798 hoc
641 3744 816 3815 ipsum
849 3744 923 3797 illi
950 3758 1240 3815 commune
1263 3753 1345 3815 est
1374 3758 1495 3797 cum
1523 3742 1647 3797 aliis
1679 3745 1862 3815 multis
1882 3744 2117 3799 auctori-

515 3817 640 3878 bus,
663 3812 903 3885 ‘qnorum
942 3814 1234 3869 nonnullos
1264 3812 1622 3870 Casaubonus
1661 3815 1712 3868 in
1746 3814 2113 3884 Lampridium

517 3900 667 3940 num.
723 3885 796 3940 25
844 3895 1142 3950 memorat,
1188 3886 1277 3940 ubi
1321 3885 1437 3940 haec
1480 3887 1592 3955 ipsa
1643 3885 1892 3941 Doctoris
1942 3887 2117 3941 nostri

516 3955 682 4011 verba
709 3955 1045 4023 duriuscula,
1076 3959 1190 4026 ipse
1220 3957 1450 4012 forsitan
1473 3956 1574 4011 hoc
1594 3956 1698 4012 loci
1729 3957 1888 4026 paulo
1915 3956 2119 4012 delica-

515 4028 644 4090 tior,
673 4026 971 4081 existimat.

591 4096 618 4135 ι’
661 4096 816 4151 Erus.
865 4107 919 4151 et
959 4112 1076 4168 seq.
1119 4097 1274 4165 edit.,
1313 4115 1470 4170 quant
1510 4101 1848 4170 cujusquam;
1892 4098 2113 4153 Anterb.

518 4182 644 4222 cum
673 4182 832 4234 mss.,
860 4185 1015 4241 quam
1053 4172 1285 4241 cujusce.
1321 4169 1428 4225 Sed
1457 4169 1548 4223 hic
1572 4169 1928 4241 exceptorum
1962 4184 2119 4225 error

517 4249 602 4294 est
625 4248 778 4295 ortus
807 4255 839 4294 e
873 4239 994 4294 soni
1020 4239 1402 4306 similitudine,
1429 4255 1532 4310 qua
1559 4239 1750 4293 eodem
1779 4239 1940 4294 modo
1963 4251 2116 4294 vete-

521 4324 610 4366 res
643 4311 1078 4381 pronuntiabant_
1094 4310 1314 4378 cuiusce
1345 4319 1400 4366 ct
1429 4310 1714 4379 cujusque,
1745 4325 1876 4381 coce
1905 4320 1959 4365 et
1987 4325 2117 4380 quo-

517 4378 655 4452 que;
687 4381 828 4436 unde
857 4390 1026 4452 notus
1043 4379 1323 4436 Ciceronis
1345 4381 1504 4452 jocus
1541 4378 1617 4452 in;
1639 4381 1808 4435 filium
1836 4378 1962 4435 Coei
1991 4378 2120 4452 can-

516 4449 802 4508 didatum:
835 4452 946 4522 Ego
976 4451 1096 4517 tibi,
1130 4465 1284 4516 coce,
1319 4451 1528 4506 favebo.
1561 4449 1662 4507 Hic
1689 4453 1833 4507 enim
1862 4452 1916 4506 in
1949 4451 2120 4506 ambi-

513 4539 621 4594 gua
650 4523 1094 4593 pronuntiatione
1117 4537 1345 4577 acumen
1370 4532 1509 4594 erat.

598 4607 620 4632 ε
651 4591 1020 4670 edaci-omina
1047 4594 1335 4664 significat.
1372 4593 1543 4663 inquit
1567 4591 1832 4670 Nannius,
1863 4591 2116 4670 nimirum

520 4680 641 4721 eam
683 4664 1134 4735 propensionem,
1183 4679 1285 4734 qua
1328 4673 1579 4733 parentes
1610 4664 1871 4720 adversus
1919 4665 2120 4720 liberos

520 4753 650 4792 suos
681 4745 910 4804 vergunt
937 4755 950 4791 :
979 4736 1210 4790 allnsutn
1243 4736 1513 4802 nonnihil,
1554 4735 1702 4804 quod,
1737 4752 1804 4790 ex
1844 4737 2120 4804 sequenti-

523 4809 624 4863 bus
676 4806 1112 4890 magis_patebit,
1139 4805 1390 4890 .adOillud
1430 4807 1712 4890 Terentii}
1745 4806 1851 4862 Pro
1897 4817 2116 4877 peccato

523 4894 719 4948 magno
753 4878 968 4947 paulum
995 4878 1245 4947 supplicii
1277 4878 1414 4932 satis
1445 4888 1529 4934 est
1560 4879 1718 4949 patri.

594 4947 620 4987 ἀ
664 4947 983 5006 Utrttmnam
1009 4951 1412 5003 matrimonium
1435 4967 1463 5002 ει
1487 4949 1674 5005 liberis
1695 4949 1906 5012 initum,
1934 4948 2116 5002 insciis

524 5037 626 5076 nec
665 5022 1085 5076 assentientibus
1117 5022 1450 5088 parentibus,
1477 5031 1653 5075 ratum
1690 5035 1753 5074 ac
1782 5022 1992 5072 firmum
2023 5020 2114 5072 ha-

526 5093 762 5148 bendum
794 5093 882 5153 sit.
915 5091 1247 5160 disceptatur
1283 5107 1310 5144 a
1358 5091 1643 5159 theologis.
1685 5090 1786 5157 Qui
1825 5100 2112 5157 negantem

525 5173 733 5234 partem
761 5163 1081 5234 defendunt,
1116 5162 1492 5218 auctoritatem
1531 5161 1801 5234 Ambrosii
1836 5161 2117 5234 proferunt

526 5232 621 5290 lib.
661 5251 674 5288 ι
705 5235 772 5289 de
798 5233 1068 5288 Abraham
1111 5249 1229 5302 cap.
1263 5234 1318 5294 9,
1352 5249 1503 5288 Itum.
1540 5234 1626 5298 91,
1660 5232 1968 5300 lmjusmodi
1997 5248 2114 5286 ma-

524 5305 778 5360 tritnOnia
821 5320 927 5360 non
966 5306 1018 5359 in
1059 5305 1184 5358 filiis
1211 5303 1444 5359 familias
1479 5312 1704 5368 tantum,
1733 5303 1828 5358 sed
1856 5303 2016 5358 etiam
2059 5305 2112 5357 in

517 5377 830 5447 junioribus
853 5375 1026 5447 viduis
1045 5374 1474 5447 condemnantis.
1498 5374 1650 5442 Quod
1669 5383 1846 5428 autem
1871 5374 2116 5447 adlocos

525 5445 557 5503 ε
580 5449 674 5504 lib.
703 5446 809 5503 Ide
837 5445 1042 5517 Virgin.
1068 5460 1189 5515 cap.
1225 5446 1312 5512 10,
1345 5462 1494 5502 num.
1519 5447 1573 5513 5,
1599 5459 1697 5517 nec
1729 5459 1837 5498 non
1866 5460 1896 5500 e
1925 5445 2017 5500 lib.
2048 5445 2116 5517 de

531 5517 777 5592 Virginit.
832 5515 953 5587 cap;
1009 5516 1074 5592 5,Δ
1121 5517 1414 5592 nunt.___25_,
1463 5519 1552 5586 qui
1594 5515 1769 5584 primo
1806 5515 2116 5592 testimonio

529 5584 780 5646 vidéntur
814 5584 1106 5654 contrarii,
1139 5601 1234 5643 eos
1273 5589 1348 5642 illi
1382 5584 1492 5644 hoc
1522 5602 1686 5642 sensu
1726 5584 2027 5653 explicant,
2061 5594 2118 5638 ut

528 5662 724 5726 puella:
751 5659 818 5716 ad
846 5658 1153 5731 nubendum
1183 5658 1365 5731 invita:
1391 5658 1512 5731 cogi
1527 5655 1900 5731 nonpossint,
1925 5655 1970 5710 si
1996 5670 2119 5725 pro-

530 5722 624 5782 Eos
654 5744 683 5782 a
715 5728 1027 5799 parentibus
1057 5730 1366 5797 propositos
1388 5722 1490 5784 illis
1511 5722 1802 5797 displicere
1828 5726 1967 5781 forte
1988 5722 2118 5782 conn

2148 4702 2202 4762 D

2209 1785 2510 1854 judicium:
2544 1788 2823 1858 magisque
2867 1789 2922 1843 in
2967 1788 3239 1859 ad0ptatis
3268 1790 3615 1857 offendimus,
3653 1806 3827 1862 quam

2214 1877 2266 1931 in
2299 1879 2625 1948 genitalibus
2657 1879 2821 1947 ﬁliis;
2858 1881 2981 1951 quia
3019 1881 3284 1952 genitales
3315 1881 3453 1939 ﬁlios
3491 1899 3613 1940 esse
3641 1886 3829 1955 dege-

2215 1983 2393 2036 neres,
2421 1970 2488 2024 ad
2531 1981 2775 2025 naturam
2823 1970 3098 2029 refertur:
3125 1973 3363 2029 adscitos
3401 1976 3489 2031 vel
3520 1975 3824 2046 ad0ptione

2215 2065 2301 2120 vel
2331 2065 2525 2134 ecpnla
2560 2065 2855 2122 dedecores
2903 2082 3027 2123 esse
3065 2078 3252 2123 nostro
3283 2069 3455 2125 errori
3501 2069 3826 2146 ascribitur.

2219 2155 2341 2212 Fuit
2389 2174 2520 2229 ergo
2567 2159 2711 2230 quod
2758 2175 3114 2216 succenseres
3164 2161 3296 2230 ﬁlio,
3330 2161 3430 2218 sed
3461 2161 3561 2224 fuit
3609 2162 3830 2235 non.

2217 2251 2380 2306 etiam
2431 2253 2574 2322 quod
2627 2253 2970 2319 remitteres;
3024 2255 3147 2325 quia
3198 2255 3302 2310 sibi
3357 2270 3580 2310 uxorem
3632 2257 3824 2327 elegit.

2217 2343 2511 2415 Acquisisti
2548 2347 2711 2401 ﬁliam
2754 2347 2874 2404 sine
2910 2348 3196 2405 electionis
3235 2348 3500 2419 periculo.
3533 2347 3589 2405 Si
3622 2349 3826 2405 bonam

2217 2435 2393 2503 duxit,
2429 2438 2522 2492 tibi
2555 2439 2846 2508 acquisivit
2878 2441 3108 2510 gratiam
3137 2458 3149 2494 :
3181 2440 3228 2494 si
3256 2441 3476 2507 erravit,
3508 2440 3826 2512 recipiendo

2218 2529 2474 2583 meliores
2500 2529 2685 2599 facies,
2719 2531 3006 2588 refutando
3028 2532 3355 2590 deteriores.

2289 2622 2342 2676 5.
2387 2621 2679 2678 Maturiore
2711 2623 2930 2695 quidem
2968 2625 3203 2680 consilio
3244 2621 3422 2696 puella
3465 2626 3574 2681 ﬁlio
3603 2641 3633 2681 a
3667 2634 3827 2696 patre

2219 2716 2487 2771 traditur:
2521 2717 2614 2772 sed
2659 2719 2864 2788 majore
2908 2719 3154 2791 obsequii
3203 2720 3480 2790 proposito
3523 2735 3553 2776 a
3596 2719 3708 2775 ﬁlio
3754 2721 3824 2775 ad

2218 2818 2429 2880 patrem
2457 2799 2690 2873 ducitur,
2719 2819 2773 2865 ct
2803 2826 2830 2864 a
2861 2811 2978 2865 viro
3004 2813 3140 2866 lecta
3170 2812 3469 2884 ingreditur
3507 2813 3680 2867 soceri
3719 2811 3824 2867 do-

2222 2918 2398 2967 mum;
2424 2903 2551 2957 dttm
2583 2905 2776 2958 metuit
2797 2913 2850 2958 et
2875 2904 3015 2959 filius
3038 2904 3332 2975 displicere
3354 2906 3616 2977 judicium
3639 2923 3820 2974 suum,

2221 3005 2277 3050 et
2306 3011 2475 3051 nurus
2496 2997 2883 3051 ministerium.
2915 2997 3066 3052 Illam
3101 3007 3342 3068 paterna:
3367 2999 3654 3055 electionis
3686 3015 3824 3069 prm-

2137 3089 2182 3152 C
2217 3088 2461 3159 rogativa
2488 3088 2686 3143 attollit
2725 3097 2888 3159 atque
2923 3092 3111 3161 erigit;
3154 3092 3313 3146 istam
3353 3091 3670 3147 offensionis
3717 3092 3820 3146 hu-

2219 3183 2394 3237 miliat
2416 3190 2612 3249 metus,
2637 3183 2864 3238 inclinat
2889 3186 3238 3241 verecundia.
3264 3186 3382 3242 Non
3408 3187 3628 3242 habebit
3655 3186 3840 3252 lilius,‘

2217 3275 2362 3347 quod
2393 3276 2446 3331 in
2477 3290 2701 3332 uxOrem
2732 3277 2956 3344 referat,
2983 3280 3140 3349 quasi
3170 3293 3359 3334 exsors
3389 3280 3585 3350 culpae,
3617 3282 3660 3334 si
3688 3280 3819 3351 quid

2219 3390 2406 3463 tingat.
2427 3391 2624 3446 Contra
2647 3406 2782 3446 vero
2809 3392 2901 3462 qni
2924 3407 3252 3449 consensum
3279 3402 3561 3463 parentum
3590 3393 3655 3448 ad
3685 3394 3821 3448 vali-

2217 3459 2445 3533 ditatem
2479 3463 2714 3533 conjugii
2746 3459 3084 3519 contendunt
3127 3480 3230 3517 non
3267 3459 3388 3518 esse
3421 3466 3813 3530 necessarium,

2221 3532 2253 3605 ii
2289 3533 2576 3605 Ductorem
2603 3532 2846 3588 uestrum
2871 3535 2922 3588 in
2949 3536 3097 3588 libris
3120 3535 3185 3589 de
3217 3534 3526 3605 Virginibus
3551 3535 3602 3605 id
3627 3547 3817 3605 aperte

2219 3601 2448 3658 delinire
2478 3604 2775 3676 affirmant,
2817 3605 2870 3658 in
2917 3605 3052 3660 libro
3094 3601 3374 3676 autem_de
3406 3601 3682 3676 Abraham
3726 3623 3819 3675 pa-

2222 3685 2435 3729 rentum
2464 3675 2800 3732 voluntatem
2827 3677 3120 3746 requirere.
3149 3691 3256 3731 non
3287 3675 3428 3745 quod
3456 3676 3526 3729 sit
3551 3675 3816 3730 ahsolutm

2222 3746 2594 3808 necessitatis,
2644 3747 2739 3802 sed
2791 3755 3000 3802 tantum
3055 3748 3354 3802 honestatis
3402 3755 3562 3816 atque
3609 3746 3812 3803 decori.

2221 3816 2628 3871 Advertcndnm
2654 3828 2735 3872 est
2757 3829 2938 3873 autem
2981 3817 3324 3884 Gratianum,
3359 3819 3418 3873 Ρ.
3455 3817 3814 3874 Lotnbardnm

2220 3901 2284 3940 ac
2313 3888 2375 3959 VD.
2408 3887 2698 3959 Thomam,
2735 3891 2824 3956 qui
2866 3890 3023 3959 hujus
3052 3890 3324 3959 opinionis
3352 3890 3517 3944 duces
3548 3887 3719 3955 fuere,
3750 3905 3812 3944 ex

2220 3958 2324 4012 aevi
2353 3963 2436 4029 sui
2466 3958 2750 4028 disciplina
2796 3971 3029 4015 mentem
3059 3958 3328 4016 Ambrosii
3349 3975 3470 4016 esse
3495 3959 3816 4029 interpreta-

2223 4041 2327 4083 tos.
2360 4027 2587 4083 Consmt
2611 4027 2876 4097 Siquidem
2904 4047 3094 4086 eorum
3124 4033 3459 4097 temporibus
3483 4027 3812 4086 clandestina

2223 4100 2566 4172 matrimonia
2601 4101 2680 4172 ab
2723 4101 2966 4155 Ecclesia
3009 4117 3105 4171 pro
3148 4103 3402 4172 legitimis
3453 4103 3629 4158 habita
3672 4116 3807 4172 esse,

2225 4182 2280 4224 ut
2309 4185 2338 4223 a
2369 4171 2699 4226 Tridentinis
2729 4187 2943 4242 quoque
2980 4171 3230 4228 Patribus
3255 4173 3539 4228 deﬁnitum
3583 4183 3684 4228 est.
3715 4171 3813 4228 Ve-

2223 4256 2342 4294 rum
2369 4257 2476 4295 non
2509 4242 2579 4296 ita
2611 4243 2891 4298 obtinebat
2923 4253 3086 4299 aetate
3117 4244 3415 4300 Ambrosii.
3460 4244 3672 4298 Etenim
3703 4259 3814 4298 am-

2225 4311 2411 4384 bigere
2459 4327 2563 4367 non
2612 4313 2757 4380 licet,
2801 4315 2930 4384 quin
2981 4315 3221 4370 Eccle~ia
3270 4314 3610 4384 disciplinam
3661 4330 3810 4370 suam

2223 4382 2558 4452 principum,
2609 4382 2836 4451 quorum
2883 4394 2968 4440 est
3017 4385 3363 4441 conditiones
3402 4382 3468 4438 ad
3516 4385 3809 4453 legitimum

2222 4462 2560 4508 contractum
2621 4457 2960 4510 necessarias
3009 4460 3372 4522 constituere,
3425 4455 3630 4524 legibus
3681 4466 3804 4512 tunc

2225 4525 2488 4598 temporis
2521 4526 3033 4598 accmnmodavcrit.
3066 4530 3204 4583 Cum
3243 4528 3404 4598 igitur
3443 4530 3625 4581 mulae
3670 4527 3811 4596 leges

2225 4593 2558 4668 imperiales,
2592 4611 2726 4668 quas
2756 4606 2813 4651 et
2841 4598 2892 4650 in
2918 4596 3120 4654 Codice
3151 4610 3205 4654 et
3233 4593 3372 4668 apud
3405 4597 3473 4652 cl.
3501 4593 3808 4668 Spenczeitm

2228 4665 2280 4737 in
2324 4675 2554 4720 tractatu
2595 4668 2662 4720 de
2710 4667 2809 4720 hac
2847 4670 3070 4722 materia
3103 4670 3247 4722 edito
3270 4665 3668 4737 'reperire'est,
3713 4667 3806 4722 lm-

2223 4735 2463 4806 jusmodi
2499 4736 2697 4791 furtiva
2728 4739 2996 4793 connubia
3033 4735 3473 4809 proscripserint,
3508 4740 3630 4794 hinc
3667 4741 3809 4794 colli-

2225 4809 2401 4874 gimus
2431 4809 2620 4862 eadem
2650 4809 2742 4863 illa
2771 4818 2930 4863 artare
2960 4824 3057 4863 nec
3091 4811 3160 4863 ab
3196 4811 3432 4865 Ecclesia
3467 4825 3565 4864 nec
3593 4809 3662 4866 ab
3689 4810 3809 4865 Am-

2224 4878 2404 4933 bI'OSiO
2426 4879 2664 4932 admissa
2688 4895 2828 4935 esse.
2853 4881 3014 4934 Certe
3041 4881 3261 4948 quidem
3287 4882 3470 4935 multis
3493 4890 3641 4935 retro
3661 4883 3807 4936 annis

2227 4949 2366 5003 ﬁlios
2409 4949 2857 5024 SillOJ)3l‘P.f_lllllll
2907 4965 3180 5024 consensu
3214 4952 3326 5024 rite
3370 4963 3415 5007 et
3449 4955 3571 5024 jure
3600 4954 3805 5024 nubere

2225 5028 2517 5089 negaverat
2542 5020 2910 5075 Tertullianus
2937 5021 3028 5077 lib.
3052 5039 3086 5075 ll
3121 5025 3185 5076 ad
3213 5020 3481 5086 Uxorem}
3509 5039 3560 5076 c.
3590 5023 3642 5077 9.
3676 5023 3806 5091 Qua-

2225 5101 2444 5162 propter
2488 5091 2637 5144 locos
2680 5093 2776 5147 lib.
2808 5093 2876 5148 de
2909 5092 3119 5162 Virgin.
3166 5095 3240 5148 ita
3277 5096 3628 5162 exponimus,
3671 5110 3730 5147 ac
3765 5097 3803 5148 si

2222 5159 2471 5228 legatur:
2502 5163 2865 5229 Quamobrem
2897 5159 3036 5218 ﬁlias
3061 5177 3273 5220 vestras
3302 5159 3626 5219 a'sei'vanda
3661 5163 3808 5231 virgi-

2219 5231 2388 5286 nitate
2425 5232 2716 5301 prohibere
2767 5237 3018 5296 tentatis,
3062 5251 3182 5303 qua:
3232 5236 3350 5289 illas
3392 5236 3458 5289 ad
3504 5234 3802 5289 nubendum

2225 5317 2331 5356 non
2378 5304 2604 5373 potestis
2643 5319 2876 5374 cogere,
2921 5305 3024 5360 nisi
3067 5306 3274 5360 eisdem
3315 5319 3421 5360 non
3465 5305 3690 5372 invisos,
3719 5305 3802 5361 sed

2221 5385 2570 5444 quosamare
2597 5374 2786 5439 velint,
2824 5390 3014 5444 procos
3041 5375 3303 5431 offeratis.

2298 5451 2320 5478 θ
2363 5443 2460 5496 Ms.
2505 5443 2712 5499 'l‘huan.
2755 5443 3054 5512 et’Carol.,
3084 5449 3138 5500 in
3171 5457 3357 5500 natura
3382 5463 3538 5500 causa
3567 5456 3661 5500 est.
3694 5445 3801 5501 NOII

2224 5522 2391 5570 recte.
2444 5512 2612 5585 Porro
2668 5518 2860 5572 eodem
2911 5519 3072 5584 plane
3125 5531 3289 5572 sensu
3333 5517 3400 5571 de
3447 5519 3802 5585 generationis

2222 5594 2382 5658 atque
2413 5582 2719 5658 adoptionis
2744 5582 3074 5658 discrimine
3116 5587 3351 5658 loquitur
3389 5582 3592 5643 Plinius
3628 5589 3802 5657 junior

2224 5657 2278 5728 in
2308 5653 2666 5728 Panegyrico,
2703 5657 2795 5713 ubi
2835 5657 2902 5713 de
2949 5653 3249 5728 Trajano'a
3278 5657 3448 5714 Nerva
3483 5653 3801 5728 imperatore

2225 5727 2276 5780 in
2302 5723 2467 5778 filium
2491 5725 2684 5782 allecto
2706 5737 3016 5784 sermonem
3047 5723 3230 5784 habet.
