4076 6172
247 303 378 371 ltiti

1431 299 1920 364 EPISTOLARL‘M
1957 295 2242 358 CLASSIS
2282 295 2347 357 ll.

240 414 475 472 fortasse
520 416 785 473 offensum
817 416 906 483 sit,
941 386 1085 487 quod
1119 419 1281 474 habet
1309 434 1471 486 usus;
1517 420 1683 475 immo
1733 435 1845 474 am.
1875 425 1926 486 Α
1952 411 2302 468 hibernatnra
2354 423 2461 466 non
2503 410 2680 467 solum
2726 411 2782 467 in
2824 409 3102 481 hospitio,
3142 411 3237 467 sed
3282 411 3445 468 etiam
3495 414 3549 472 in

243 508 388 577 plius
412 508 735 574 elaborabit,
764 519 824 566 ut
859 511 912 566 in
949 519 1180 584 utroque
1204 529 1361 569 suum
1393 513 1566 583 possit
1599 515 1835 586 probari,

242 607 301 653 et
329 598 379 652 in
406 615 577 655 uxore
599 600 886 670 judicium,
919 612 974 657 et
1006 603 1061 677 iq
1089 618 1149 660 se
1175 603 1544 674 obsequium.‘

317 692 371 746 ι.
414 691 614 748 Fecisti
666 692 830 765 igitur
882 695 1030 766 quod
1085 696 1214 752 boni
1270 707 1560 767 parentes,
1615 707 1673 753 ut
1732 698 1842 753 cito

244 785 578 854 ignosceres,
619 786 714 840 sed
753 786 1102 853 obsecratus;
1132 804 1256 844 nam
1295 799 1582 860 antequam
1622 804 1843 860 rogare-

245 878 344 944 ris,
377 893 483 933 non
511 887 632 933 erat
658 878 961 950 ignoscere,
989 880 1087 937 sed
1120 881 1317 936 factum
1352 882 1601 947 probare.
1639 881 1844 938 Deinde

245 971 455 1026 diutius
479 971 702 1029 diﬂ'erre
728 973 965 1041 veniam,
995 985 1050 1030 et
1078 975 1174 1030 tibi
1203 976 1478 1039 acerbum,
1512 985 1568 1032 et
1593 975 1700 1032 illis
1725 976 1844 1030 inu-

245 1062 368 1127 tile;
403 1079 578 1135 neque
625 1065 768 1120 enim
817 1073 1040 1135 paterna
1091 1066 1300 1122 viscera
1350 1067 1552 1124 diutius
1605 1067 1843 1124 tolerare

247 1165 489 1226 possent.

321 1247 354 1301 3
403 1257 450 1301 et
497 1249 551 1304 6.
595 1248 834 1305 Summa:
893 1249 1200 1306 devotionis
1245 1252 1524 1322 proposito
1569 1253 1839 1308 Abraham

249 1338 421 1393 lilium
452 1354 608 1395 suum
631 1341 932 1396 secundum
955 1343 1236 1397 oraculum
1263 1342 1355 1398 Dei
1380 1343 1640 1398 olfcrehat
1668 1344 1720 1398 in
1745 1343 1845 1399 ho-

247 1431 546 1489 locaustum
566 1448 581 1497 ;
601 1439 657 1487 et
671 1433 828 1504 quasi
847 1449 1038 1489 exsors
1055 1444 1282 1500 naturte,
1304 1437 1561 1491 exercbat
1580 1436 1841 1506 gladium,

247 1539 316 1580 ne
363 1541 514 1580 mora
554 1527 883 1582 sacriﬁcium
921 1527 1291 1594 decoloraret;
1328 1539 1506 1586 tamen
1546 1531 1635 1587 ubi
1678 1531 1846 1587 absti-

249 1633 382 1672 nere
409 1634 437 1672 a
468 1617 578 1673 ﬁlio
602 1619 786 1688 jussus
808 1630 912 1684 est,
937 1621 1176 1692 gladium
1210 1623 1440 1679 libenter
1475 1627 1759 1680 recondit:
1790 1633 1847 1682 et

249 1713 341 1781 qui
375 1711 660 1768 immolare
692 1713 1052 1783 unigenitum,
1079 1714 1202 1771 ﬁdei
1238 1716 1543 1774 intentione
1585 1725 1845 1789 propera-

1945 501 2143 558 aﬁ‘ectu
2188 509 2446 572 paterno,
2491 516 2616 556 cum
2658 501 2772 573 jam
2817 501 3147 558 successerit
3192 501 3551 574 indignationi

1945 597 2117 666 gratia
2147 594 2624 666 :quandoquidem
2663 604 2721 650 ut
2759 596 2917 665 plene
2945 603 2998 652 te
3030 593 3101 650 ad
3136 594 3551 650 similitudinem

1944 699 2109 759 atque
2152 687 2512 743 imitationem
2550 696 2864 744 sanctorum
2909 687 3171 754 referres,
3200 703 3298 743 eos
3329 701 3551 743 accusa-

1945 782 2092 849 visti,
2119 781 2209 852 qui
2236 781 2556 852 compositis
2588 780 2892 838 mendaciis
2913 782 3150 837 animum
3180 788 3329 836 tuum
3352 780 3548 837 adver-

1945 889 2065 930 sum
2111 873 2252 930 ﬁlios
2299 873 2646 930 excitandum
2691 873 2937 930 arbitrati
2967 883 3112 931 sunt.
3160 873 3314 942 Vale,
3347 883 3404 930 et
3451 887 3550 930 nos

1948 970 2142 1041 dilige;
2177 969 2302 1040 quia
2330 983 2429 1025 nos
2458 982 2509 1024 te
2534 968 2832 1039 diligimus.

2418 1060 2757 1118 EPISTOLA
2800 1057 3090 1119 LXXXIV.

2114 1153 2392 1211 Cmsotuu
2422 1157 2487 1211 de
2515 1156 2893 1212 consultatione
2919 1175 3015 1212 sua
3043 1158 3383 1216 commendat.

2423 1250 2732 1305 Alanosws
2756 1245 2784 1286 ἀ
2813 1246 3070 1308 Cvttsoto.

2023 1340 2072 1393 1.
2117 1339 2286 1408 Quam
2330 1341 2568 1414 ingenuo
2611 1341 3008 1398 commendasti
3056 1343 3285 1415 pudore,
3328 1341 3452 1414 quia
3482 1341 3554 1398 de

1948 1445 2015 1485 eo
2056 1433 2394 1501 consuleres,
2429 1434 2576 1505 quod
2608 1449 2714 1490 non
2755 1434 3043 1506 probares,
3079 1435 3178 1492 sed
3218 1449 3424 1491 morem
3453 1450 3556 1506 ge-

1948 1536 2100 1578 reres
2128 1524 2366 1592 parenti;
2393 1533 2450 1580 ut
2474 1525 2728 1595 pietatem
2759 1541 2864 1581 non
2890 1525 3141 1595 laederes,
3167 1542 3390 1584 securus
3411 1524 3556 1599 quod

1949 1630 2057 1668 non
2105 1614 2249 1670 aliud
2302 1630 2334 1669 a
2372 1632 2458 1671 me
2515 1625 2700 1687 posset
2752 1617 2967 1684 referri,
3019 1619 3122 1675 nisi
3166 1619 3311 1691 quod
3341 1627 3559 1676 sanctas

1948 1704 2168 1761 deceret
2191 1708 2648 1765 necessitudines.

249 1803 364 1870 bat,
399 1810 607 1875 majore
637 1806 851 1873 pietatis
872 1807 1054 1862 studio
1077 1807 1347 1864 festinavit
1368 1825 1522 1865 ovem
1545 1810 1844 1880 subrogare
1872 1817 1920 1878 Β
2018 1799 2070 1854 2ο
2116 1800 2232 1872 Εςο
2261 1816 2393 1857 νθτο
2431 1801 2668 1859 "belli"
2700 1811 2790 1858 Wa
2824 1803 2878 1858 ίιι
2905 1820 2994 1859 ωε
3022 1819 3188 1860 onem
3229 1805 3470 1875 suscepi.
3503 1811 3562 1862 ει

249 1897 520 1952 Sacriﬁcio
547 1895 702 1969 (Gen.
741 1913 877 1956 xx".
907 1898 940 1954 6
971 1909 1018 1954 et
1045 1902 1202 1970 seq.).

326 1987 379 2040 7.
422 1987 625 2057 .loseph
649 2004 865 2061 quoque
896 1988 1053 2063 (Gen.
1094 2007 1238 2059 xmv,
1272 1994 1339 2048 15
1370 2005 1414 2048 et
1443 1993 1598 2066 seq.),
1636 2004 1694 2050 ut
1737 1996 1849 2051 fra-

255 2089 392 2135 trem
439 2079 710 2149 juniorem
756 2091 1003 2150 teneret,
1046 2084 1337 2141 simulabat
1381 2088 1711 2144 iracundiam
1745 2089 1854 2144 fra-

255 2174 451 2239 tribus,
499 2175 992 2244 etacompositam
1045 2175 1174 2231 furti
1223 2176 1498 2245 fraudem;
1544 2181 1854 2251 indignatus

259 2274 462 2328 tamen,
486 2281 609 2320 cum
642 2266 1032 2322 advolveretur
1061 2268 1126 2322 ad
1157 2283 1330 2338 genua
1355 2271 1468 2339 ejus
1495 2287 1633 2326 unus
1661 2288 1727 2326 ex
1750 2273 1856 2326 fra-

229 2359 431 2414 .tribus
458 2358 649 2425 Judas,
679 2359 878 2416 ﬁerent
913 2361 1025 2429 alii,
1057 2361 1298 2416 fraterno
1329 2363 1501 2418 victus
1532 2373 1587 2419 et
1610 2379 1859 2434 compas-

260 2467 355 2506 sus
385 2450 601 2519 atl‘ectu,
627 2451 833 2507 diutius
863 2463 1050 2509 tenere
1079 2469 1188 2508 non
1231 2456 1407 2525 potuit
1455 2456 1858 2512 simulationem

263 2547 573 2600 severitatis
618 2563 631 2600 :
672 2550 1004 2614 remotisque
1053 2546 1302 2615 arbitris,
1343 2549 1554 2618 aperuit
1604 2547 1862 2604 fratribus

262 2639 406 2709 quod
433 2639 676 2709 germani
701 2641 783 2694 sui
811 2649 1021 2706 essent,
1052 2649 1106 2695 ct
1136 2642 1251 2710 ipse
1277 2649 1426 2697 esset
1449 2641 1672 2711 Joseph,
1700 2657 1862 2712 quem

266 2735 646 2790 vendidissent
672 2752 684 2785 :
716 2749 816 2790 nec
839 2749 901 2790 se
927 2749 1224 2790 memorem
1256 2750 1366 2790 sum
1395 2749 1516 2789 esse
1546 2734 1780 2804 injuriaa,
1809 2744 1866 2791 et

271 2827 526 2883 fraterna:
553 2815 885 2883 venditionis
909 2827 1258 2884 acerbitatem
1297 2829 1534 2883 fraterne
1577 2842 1864 2895 excusare,

271 2929 434 2991 atque
467 2920 518 2974 id
549 2918 579 2958 ι’
609 2920 753 2992 quod
793 2929 980 2992 posset
1007 2936 1234 2992 arguere
1257 2962 1270 2988 ,
1303 2921 1368 2974 ad
1411 2922 1633 2976 altiores
1673 2935 1868 2976 causas

273 3017 513 3083 referre;
558 3033 625 3073 eo
667 3019 810 3089 quod
858 3020 932 3073 ita
977 3020 1311 3089 oportuisset
1356 3017 1495 3084 ﬁeri,
1546 3025 1870 3087 procurante

275 3111 424 3175 Deo;
461 3119 520 3165 ut
553 3111 762 3184 1105
791 3112 1046 3168 transiret
1083 3112 1137 3166 in
1174 3111 1492 3182 Egyptum,
1521 3112 1612 3180 qui
1655 3121 1869 3181 gentem

1951 1906 2053 1948 avo
2089 1903 2335 1963 neptem,
2379 1903 2438 1950 ut
2475 1895 2690 1966 opinor,
2722 1895 2918 1953 refudi.
2959 1896 3133 1966 Quam
3172 1896 3358 1954 nescio
3399 1898 3560 1968 plane

1953 2000 2056 2054 qua
2099 1985 2360 2055 opinione
2399 2003 2596 2042 nurum
2627 1988 2732 2043 sibi
2765 1990 2880 2044 ﬁeri
2916 1989 3282 2056 desiderabat,
3313 1999 3370 2046 ut
3397 2006 3560 2048 avum

1956 2092 2148 2133 socero
2192 2088 2444 2134 tnutaret.
2479 2081 2641 2134 Plura
2673 2097 2780 2136 non
2808 2096 2944 2151 Opus
2975 2093 3082 2150 est,
3114 2099 3184 2140 ne
3215 2084 3318 2140 hoc
3347 2099 3566 2157 quoque

1957 2170 2181 2224 accedat
2209 2170 2279 2224 ad
2327 2172 2732 2227 verecundiam.
2786 2173 2935 2240 Vale,
2979 2175 3078 2240 fili,
3128 2185 3183 2233 et
3224 2191 3324 2232 nos
3367 2176 3565 2250 dilige;

1958 2260 2082 2331 quia
2113 2275 2215 2316 nos
2239 2276 2459 2331 quoque
2489 2273 2541 2317 te
2565 2262 2865 2332 diligimus.

2439 2355 2780 2413 EPISTOLA
2819 2356 3083 2414 LXXXV.

1963 2448 2178 2504 Svmcno
2221 2448 2404 2519 gratiis
2445 2451 2595 2518 actis,
2629 2451 2770 2520 quod
2809 2453 3008 2507 litteras
3037 2454 3106 2507 ad
3144 2469 3199 2508 se
3240 2452 3438 2509 miserit
3477 2470 3568 2526 per

2036 2541 2230 2612 Syrum
2259 2543 2633 2614 presbyterum,
2666 2546 2881 2601 celerem
2911 2547 3068 2617 hujus
3108 2547 3332 2602 reditum
3363 2549 3570 2620 laudat,

2037 2643 2084 2687 et
2113 2634 2178 2686 de
2206 2634 2462 2703 sequendo
2489 2634 2697 2691 Christo
2725 2639 2962 2708 quwdam
2991 2639 3277 2712 subiungit.

2477 2727 2780 2786 Auanosws
2819 2732 3052 2788 Svmcso.

2043 2817 2092 2870 1.
2133 2817 2473 2875 (ἓωιιιωτθει
2503 2822 2636 2876 mihi
2667 2838 2792 2879 cum
2834 2825 3047 2882 litteras
3084 2826 3294 2897 accipio
3329 2834 3469 2884 tuas.
3502 2831 3578 2889 At

1970 2922 2094 2964 cum
2127 2911 2195 2966 de
2217 2913 2549 2970 conservitio
2578 2926 2765 2973 nostro
2799 2921 3012 2992 1106
3037 2922 3250 2995 aliquos
3276 2926 3485 2999 dirigis,
3515 2935 3579 2986 ut

1974 2999 2195 3056 fratrem
2233 3013 2478 3059 nostrum
2521 3017 2573 3062 et
2601 3011 3107 3082 compresbyterum
3145 3017 3344 3089 Syrum
3377 3020 3485 3075 tuis
3517 3036 3580 3076 es

1976 3104 2298 3161 prosccutus
2345 3096 2577 3164 litteris,
2622 3101 2928 3171 geminatur
2963 3105 3167 3162 laetitia.
3215 3108 3324 3167 Sed
3371 3111 3581 3170 utinam

275 3217 428 3258 suam
470 3203 639 3272 frugis
679 3211 918 3258 externae
954 3215 1206 3272 egentem
1256 3211 1524 3269 pasceret,
1569 3211 1627 3256 ,η
1674 3203 1874 3258 sum“-
1902 3205 1947 3267 ρ
1978 3183 2186 3242 fructus
2217 3187 2411 3244 fuisset
2444 3189 2546 3246 iste
2571 3191 2908 3250 diuturnior!
2941 3195 3076 3253 Nam
3105 3201 3288 3257 statim
3319 3211 3377 3258 ut
3406 3204 3588 3276 venit,

276 3296 402 3351 tatis
436 3305 682 3364 tempore
712 3294 921 3349 alendis
953 3295 1094 3364 patri
1131 3304 1188 3350 et
1217 3295 1338 3349 ﬁliis
1368 3295 1610 3350 subsidio
1641 3295 1801 3352 foret.

351 3391 406 3444 8.
449 3388 591 3456 Quid
619 3397 800 3443 autem
829 3388 898 3443 de
924 3398 1116 3443 sancto
1147 3388 1312 3442 David
1344 3389 1556 3458 loquar,
1588 3389 1677 3460 qui
1711 3390 1877 3462 dege-

279 3497 469 3539 nerem
522 3480 716 3547 ﬁlium,
764 3493 786 3520 ο
829 3490 883 3536 ct
926 3482 1166 3537 fraterno
1215 3482 1440 3537 oblitum
1483 3483 1765 3552 sanguine,
1811 3483 1880 3539 ad

281 3576 446 3632 unius
475 3574 722 3630 mulieris
762 3574 1080 3646 petitionem
1124 3577 1366 3646 paternis
1398 3575 1697 3633 visceribus
1726 3593 1882 3634 men-

284 3675 392 3724 tem
415 3667 690 3724 emollitus
712 3667 874 3723 domo
897 3669 1106 3737 recepit
1126 3668 1191 3740 (ll
1219 3667 1346 3740 Reg.
1367 3685 1475 3736 xlv,
1504 3667 1637 3740 12)?

358 3761 412 3815 9.
468 3759 590 3831 ipse
639 3761 731 3817 ille
782 3760 1142 3831 Evangelicus
1189 3770 1344 3829 pater
1393 3760 1884 3816 adolescentiorem

289 3851 492 3918 lilium,
525 3853 614 3923 qui
649 3851 974 3922 prodegerat
1012 3863 1228 3908 omnem
1268 3852 1624 3906 substantiam
1665 3867 1694 3906 a
1733 3861 1887 3922 patre

289 3957 569 4015 acceptam
623 3945 856 4000 vivendo
902 3944 1212 4010 luxuriose,
1255 3945 1655 4016 regredientem
1705 3953 1886 4000 tamen

289 4037 451 4093 unius
472 4038 742 4093 sermonis
773 4037 1008 4093 inﬂexus
1033 4037 1360 4103 humilitate,
1391 4035 1534 4107 quod
1582 4035 1635 4091 in
1678 4045 1888 4106 patrem

291 4145 547 4202 peccasse
567 4145 627 4187 se
648 4130 939 4196 fatebatur,
962 4145 1189 4186 occursu
1214 4131 1302 4200 pio
1321 4128 1476 4194 fovit,
1506 4144 1665 4198 supra
1690 4127 1888 4184 collum

292 4223 412 4298 ejus
448 4224 666 4289 cecidit,
697 4223 928 4293 primam
957 4221 1032 4277 illi
1062 4222 1282 4290 stolam,
1307 4221 1566 4277 annulum
1593 4229 1648 4277 et
1681 4221 1893 4277 calcea-

294 4325 478 4372 menta
517 4315 716 4372 deferri
754 4315 945 4387 jussit;
989 4325 1151 4384 atque
1186 4314 1509 4370 honoratum
1545 4314 1756 4382 osculo,
1795 4313 1894 4369 do-

294 4417 482 4466 natum
528 4424 781 4477 munere,
817 4408 1128 4465 admirabili
1171 4409 1412 4480 suscepit
1451 4408 1702 4465 convivio
1741 4407 1891 4479 (Luc.

295 4517 389 4570 xv,
415 4502 530 4573 22).

371 4595 458 4651 10.
501 4594 705 4652 Horum
729 4604 781 4650 te
802 4593 1134 4650 imitatorem
1164 4594 1443 4665 prtebuisti
1470 4594 1674 4664 pietate
1702 4593 1899 4664 patria,
1927 4601 1979 4661 1)

299 4701 406 4757 qua
461 4689 708 4757 proxime
760 4686 828 4741 ad
885 4686 1056 4742 Deum
1113 4687 1457 4751 accedimus;
1515 4695 1569 4741 et
1623 4684 1747 4742 ideo
1799 4698 1901 4755 ego

303 4787 554 4850 prompte
595 4778 758 4833 ﬁliam
798 4789 1042 4834 nostram
1085 4777 1404 4834 adhortatus
1442 4793 1595 4846 sum,
1643 4785 1700 4832 ut
1737 4779 1898 4834 etiam

303 4871 523 4927 hiemali
548 4881 799 4943 tempore
825 4871 927 4928 via:
956 4871 1200 4929 laborem
1234 4872 1530 4943 exciperet,
1566 4870 1904 4928 commodius

381 5063 408 5090 ⁸
446 5053 603 5109 Rom.
643 5055 803 5122 edit.,
832 5059 1117 5129 composita
1146 5073 1178 5110 a
1207 5075 1260 5112 se
1290 5059 1416 5130 furti
1444 5057 1630 5130 fraude
1663 5058 1904 5129 indigna-

309 5135 394 5198 tus
412 5134 530 5198 es_t_:
551 5135 683 5189 vct.,
701 5128 1035 5198 compositam
1051 5146 1084 5182 a
1103 5128 1334 5194 se,’etc;;
1356 5128 1488 5183 mss.
1510 5128 1813 5198 omittuﬁnta
1829 5145 1900 5182 se.

382 5194 410 5234 ι)
444 5195 578 5270 Mss.
615 5211 722 5251 non
766 5194 947 5268 pauci,
985 5200 1124 5269 quod
1168 5201 1519 5270 oportuisset;
1551 5197 1739 5269 aliqui,
1769 5199 1908 5268 quod

1980 3279 2372 3335 recurrentium
2437 3283 2645 3353 putaiit
2697 3303 2708 3337 :
2768 3287 2912 3358 quod
2970 3291 3190 3362 quidem
3249 3293 3581 3354 desiderium

1982 3385 2161 3426 meum
2208 3371 2502 3442 plurimum
2554 3376 2786 3446 minuit,
2826 3381 2892 3437 ad
2943 3382 3028 3439 sui
3073 3386 3304 3456 gratiam
3352 3390 3584 3450 multum

1983 3464 2211 3521 addidit.

2055 3560 2110 3612 2.
2152 3560 2287 3616 Nam
2315 3578 2416 3633 ego
2452 3564 2619 3637 diligo
2656 3582 2753 3623 eos
2780 3579 2803 3606 θ
2828 3570 2915 3626 vel
2955 3572 3308 3647 presbyteros
3344 3578 3428 3633 vel
3471 3578 3591 3636 dia-

1986 3668 2178 3724 conos,
2206 3657 2298 3726 qui
2345 3671 2468 3713 cum
2511 3659 2695 3730 aliquo
2736 3664 3127 3732 processerint,
3155 3677 3591 3739 nequaquam'se

1988 3746 2321 3814 patiuntura
2349 3764 2450 3804 suo
2491 3749 2699 3806 diutius
2737 3753 2932 3810 abesse
2973 3771 3219 3814 munere.
3252 3759 3401 3816 Dicit
3442 3763 3588 3821 enim

1989 3837 2255 3908 prOpheta
2301 3856 2314 3892 :
2355 3840 2482 3896 Non
2543 3844 2775 3899 laboravi
2828 3864 3046 3916 sequens
3098 3861 3214 3920 post
3265 3862 3313 3908 te
3371 3853 3585 3926 (Jerem.

1990 3944 2121 3995 xvn,
2149 3928 2262 4000 16).
2287 3929 2421 3998 Quis
2441 3942 2620 3989 autem
2645 3945 2822 4004 potest
2842 3937 3093 3998 laborare
3115 3956 3353 4014 sequens
3376 3945 3588 4020 Jesum;

1991 4037 2112 4077 cum
2142 4024 2260 4092 ipse
2284 4023 2458 4080 dicat:
2499 4024 2675 4082 Venite
2696 4029 2766 4082 ad
2796 4047 2894 4098 me,
2928 4047 3100 4089 omnes
3129 4038 3218 4102 qui
3247 4038 3518 4110 laboratis,
3549 4053 3598 4100 et

1993 4116 2191 4170 onerati
2219 4118 2362 4182 estis,
2395 4127 2443 4172 et
2470 4134 2565 4188 ego
2599 4134 2690 4176 vos
2719 4122 2952 4191 reﬁciam
2982 4125 3201 4197 (Matth.
3232 4146 3305 4199 xi,
3334 4131 3471 4206 28)?
3498 4135 3598 4193 Se-

1994 4225 2222 4281 quamur
2246 4226 2377 4282 ergo
2406 4210 2590 4270 Jesum
2623 4227 2870 4286 semper,
2918 4234 3020 4275 nec
3061 4221 3398 4282 desinamus.
3442 4228 3599 4297 Quod

1997 4304 2041 4359 si
2069 4319 2290 4375 semper
2317 4320 2635 4376 sequamur,
2663 4323 2957 4381 numquam
2990 4312 3305 4382 deﬁcimus;
3332 4317 3428 4374 dat
3450 4321 3598 4379 enim

1997 4399 2140 4453 vires
2183 4399 2538 4470 sequentibus
2583 4415 2665 4458 se.
2715 4402 2906 4475 Itaque
2963 4421 3072 4478 quo
3141 4410 3362 4482 prepior
3412 4413 3601 4472 virtuti

2001 4493 2190 4562 fueris,
2220 4510 2286 4550 eo
2316 4493 2511 4551 fortior
2539 4497 2672 4552 eris.

2075 4590 2129 4643 5.
2172 4589 2500 4661 Plerumque
2545 4605 2668 4646 cum
2707 4593 3020 4664 sequimur,
3074 4597 3274 4654 dicitur
3323 4599 3484 4656 nobis
3534 4601 3606 4660 ab

2006 4680 2336 4738 adversariis
2364 4703 2376 4738 :
2409 4681 2511 4738 Ubi
2549 4695 2625 4739 est
2654 4685 2864 4740 uerbum
2883 4684 3144 4744 Domini?
3170 4690 3353 4747 Veniat
3381 4693 3601 4766 (Jerem.

2008 4788 2138 4838 xvu,
2183 4771 2294 4843 15).
2348 4772 2457 4829 Sed
2510 4788 2612 4830 nos
2657 4790 2767 4831 non
2815 4776 3106 4850 fatigemus
3154 4785 3464 4855 sequendo,
3497 4803 3606 4847 non

2009 4874 2321 4923 avertamur
2380 4865 2627 4924 subdola:
2689 4869 3134 4944 interrogationis
3198 4875 3607 4948 impedimento.

2011 5055 2086 5136 illi
2126 5052 2470 5136 subjungitur
2508 5054 2560 5109 in
2591 5065 2706 5136 an_t.
2735 5057 2869 5136 edit.
2899 5075 2966 5116 ac
3001 5077 3144 5136 pene
3169 5065 3425 5124 omnibus
3451 5084 3609 5136 mss;

2012 5126 2285 5199 adquem
2327 5125 2576 5182 ordinem
2620 5127 2667 5182 si
2704 5132 2825 5199 quis
2863 5146 2984 5188 eam
3001 5125 3080 5190 'in
3120 5133 3222 5192 hac
3264 5139 3428 5193 etiam
3454 5125 3616 5198 redit'.

2014 5198 2287 5323 redactggn
2317 5199 2628 5266 oportuisse
2655 5198 3020 5272 contenderit,
3053 5219 3164 5263 non
3194 5207 3485 5268 admodum
3527 5227 3617 5272 re.

2014 5284 2190 5323 Dlllma
2234 5283 2394 5322 unus.

2013 5283 2394 5339 pugnannnus.

2092 5349 2114 5376 ε
2157 5340 2245 5422 Εξ
2260 5339 2346 5422 his
2371 5340 2574 5422 verbis,
2599 5356 2700 5398 nec
2724 5357 2833 5399 non
2859 5345 3015 5401 exiis
3039 5348 3236 5422 quibus
3258 5351 3493 5420 epistola
3524 5355 3612 5422 η,

2020 5409 2270 5488 ηυφη7,
2318 5409 2639 5488 Ambrosius
2680 5423 2785 5468 tam
2829 5430 2931 5488 suo
2967 5409 3131 5488 quam
3169 5409 3401 5480 aliorum
3448 5409 3617 5483 Italiae

2021 5481 2321 5564 mitistitum
2354 5483 2575 5564 nomine
2618 5481 3355 5564 imperatoribusgutlegatos
3381 5510 3412 5550 a
3445 5511 3507 5552 se
3548 5481 3620 5554 ad

2024 5550 2978 5637 C_omilatum_d.esti.na-t_o_s'maturins
3005 5550 3300 5637 dimittant,
3330 5550 3620 5637 supplicat:

2027 5622 2449 5709 atqueexnaliis
2469 5626 2748 5709 similibus
2783 5627 2917 5709 locis
2961 5622 3313 5709 intelligitur,
3357 5622 3517 5709 quam
3547 5622 3623 5697 ab

312 5267 584 5340 potuisset,
619 5267 852 5338 urguere.

389 5335 772 5412 {Complures
800 5355 959 5405 mss.,
993 5344 1276 5412 fraternum
1318 5341 1531 5395 oblitum
1566 5341 1910 5410 sanguinem;

311 5407 512 5483 melius
540 5407 716 5483 tamen
742 5412 857 5478 alii,
881 5423 935 5467 et
957 5407 1150 5466 omnes
1174 5413 1329 5480 edit.,
1354 5416 1606 5483 fraterno,
1635 5407 1740 5466 etc.

386 5477 421 5554 ἀ,
456 5479 573 5554 Vel.
609 5482 738 5536 edit.
777 5477 847 5554 ac
878 5497 1010 5537 mss.
1047 5477 1323 5550 nonnulli,
1354 5477 1615 5554 Duinegio
1649 5497 1746 5540 seu
1783 5483 1912 5550 Qui-

314 5552 498 5626 nigio_:
531 5553 686 5626 Rom.
720 5553 852 5626 edit.
887 5562 942 5626 et
969 5569 1099 5626 mss.
1128 5558 1333 5622 caeteri,
1364 5552 1608 5626 Cynegio.
1643 5555 1794 5609 llunc
1819 5570 1916 5608 au-

315 5623 425 5679 tem
453 5623 670 5679 Patet-ni
702 5625 868 5679 ﬁlium
898 5625 1050 5680 illum
1080 5625 1270 5692 fuisse,
1307 5623 1466 5696 quem
1506 5623 1554 5682 is
1597 5643 1718 5681 cum
1759 5635 1924 5695 nepte

312 5696 543 5767 jungere
586 5698 936 5781 matrimonio
979 5696 1272 5781 cogitabat,
1307 5693 1753 5781 hujus-epistola:
1800 5693 1922 5752 cum
2026 5693 2400 5781 ecclesiasﬁco
2429 5695 2610 5779 ofﬁcio
2646 5701 2816 5754 sancti
2856 5703 3118 5781 prtesules
3136 5693 3625 5781 alienum'judica:

319 5781 382 5824 ea
411 5767 628 5846 quaead
675 5769 930 5824 eumdem
949 5841 961 5846 _
983 5767 1268 5846 Paternum
1316 5767 1628 5824 inscribitur
1648 5812 1661 5834 ,
1708 5783 1925 5846 compa-
2029 5767 2209 5846 verint
2234 5780 2416 5819 sacros
2447 5771 2723 5826 ministros
2753 5787 2780 5824 ιι
2809 5767 2924 5832 suis
2965 5775 3186 5839 sedibus
3210 5793 3274 5838 ac
3299 5767 3627 5845 stationibus

321 5835 464 5899 ratio
509 5839 724 5898 videtur
769 5841 1083 5900 ostendere.
1127 5842 1280 5900 Adde
1321 5849 1584 5912 prmterca
1629 5841 1773 5911 quod
1811 5835 1929 5896 limo
2030 5836 2123 5892 diu
2153 5835 2364 5892 abesse.
