4092 6190
179 283 320 339 1289
1085 295 1175 352 DE
1214 297 1528 358 EXCESSU
1573 301 1870 358 FRA'I'IUS
1911 304 2022 361 SUI
2063 304 2320 361 SATYRI
2359 305 2490 362 LIB.
2535 307 2575 361 l.
3343 311 3485 367 1290

178 395 441 493 barbaros
469 401 660 472 quales
696 405 878 475 priore
909 405 1050 462 libro
1084 409 1347 468 describit
1386 423 1608 469 sanctus
1640 415 1842 472 Pracsul
1863 458 1876 481 ,
1909 432 2095 474 secum
2127 418 2420 476 adduxisse
2456 434 2684 488 usquam
2726 419 3012 491 leguntur;
3039 422 3314 493 quomodo
3343 424 3489 482 idem

176 487 500 586 Ambrosius
527 505 617 549 aut
644 497 976 554 mentionem
1003 510 1110 554 tam
1143 503 1383 586 recentis
1410 505 1620 562 doloris
1648 509 2122 578 praetermisisset,
2157 520 2248 565 aut
2279 523 2384 565 tam
2415 487 2646 567 fidenter
2677 511 2730 567 in
2762 487 2987 567 domum
3017 487 3196 579 suam,
3224 515 3488 586 quidquid

179 583 471 644 timebatur
495 590 774 658 omnibus,
799 590 1038 649 fraterna
1071 583 1247 652 morte
1276 612 1602 655 conversum
1631 615 1753 656 esse
1782 611 1949 673 atque
1975 603 2250 674 eXpiatum
2280 605 2723 675 pronuntiasset?
2746 605 2974 662 Accedit
2995 606 3140 677 quod
3159 583 3282 662 cum
3311 583 3490 678 Satyri

178 681 578 754 navigationem
606 685 950 744 Ambrosiani
978 690 1326 759 pontificatus
1353 692 1510 749 initio
1541 705 1850 767 susceptam
1873 711 1996 752 esse
2027 697 2158 752 illud
2197 699 2446 765 suadeat,
2476 699 2622 770 quod
2650 699 2703 754 in
2733 701 3079 755 occasionem
3107 716 3214 756 non
3243 701 3490 760 solvendi

176 775 352 833 debiti
388 779 636 836 eamdem
672 781 950 838 Ambrosii
987 782 1306 853 dignitatem
1350 785 1601 844 trahebat
1636 788 1873 860 Prosper
1896 830 1910 855 ,
1951 805 2187 862 cumque
2221 791 2478 863 Satyrum
2520 793 2574 848 in
2615 793 2734 864 ipso
2769 795 2947 849 artatis
2997 793 3132 850 ﬂore
3167 795 3492 854 Ambrosius

177 867 453 926 sublatum
483 882 674 930 narret
702 872 856 946 (Lib.
888 891 928 942 ι,
958 893 1012 931 n.
1043 876 1107 931 51
1132 875 1184 950 );
1215 893 1283 934 ex
1316 879 1400 935 his
1423 879 1633 936 clarum
1663 881 1720 936 fit
1747 881 1975 938 bellicos
2004 883 2126 939 illos
2153 893 2333 940 motus
2354 900 2419 941 ac
2446 885 2812 942 Barbarorum
2841 889 3020 943 minas
3044 903 3165 943 cum
3194 890 3360 946 exitio
3387 889 3494 946 Va-

175 961 706 1036 lentisimperatoris
735 983 882 1024 anno
907 969 1035 1038 578,
1065 987 1115 1026 tv
1138 969 1249 1026 kal.
1280 971 1434 1043 Sept.
1469 973 1521 1028 in
1547 975 1760 1044 tugurio
1787 974 2086 1042 combusti,
2106 977 2276 1046 magis
2306 977 2607 1048 quadrare;
2644 979 2745 1035 hac
2771 980 2916 1036 enim
2947 989 3268 1050 tempestate
3299 981 3492 1054 ingens

175 1074 206 1114 a
239 1058 492 1117 Barbaris
524 1071 703 1119 metus
729 1063 937 1121 italiam
969 1081 1032 1122 ac
1064 1066 1272 1124 vicinas
1297 1068 1610 1138 provincias
1642 1069 1862 1125 invasit.
1893 1071 2237 1143 Quapropter
2267 1083 2555 1146 utrumque
2584 1075 2729 1132 hunc
2758 1076 2957 1132 librum
2984 1091 3129 1132 anno
3160 1077 3492 1148 insequenti.

178 1153 283 1210 hoc
325 1164 440 1224 est,
471 1156 577 1213 579
617 1159 885 1230 scriptum
928 1175 1052 1218 esse
1095 1162 1226 1218 nulli
1265 1161 1613 1228 dubitamus;
1649 1162 1813 1232 idque
1857 1164 1960 1220 sub
2001 1167 2211 1222 aestatis
2255 1166 2469 1222 initium
2509 1169 2806 1239 contigisse
2846 1178 3170 1239 argumento
3201 1179 3320 1236 est,
3349 1168 3494 1238 quod

176 1247 499 1306 Ambrosius
547 1250 768 1307 fratrem
817 1260 874 1308 et
919 1267 1015 1322 per
1069 1253 1296 1310 hiberna
1338 1254 1542 1324 frigora
1594 1255 1917 1326 navigasse,
1951 1265 2005 1312 et
2039 1257 2223 1326 paucis
2252 1271 2283 1312 a
2315 1256 2493 1314 reditu
2540 1258 2823 1315 mensibus
2869 1259 3185 1330 exspirasse
3234 1267 3491 1314 testatum

179 1337 330 1395 facit.

253 1433 478 1505 Antiqui
509 1436 681 1493 moris
711 1437 811 1495 fuit
837 1439 978 1510 apud
1009 1439 1377 1498 Athenienses
1403 1484 1417 1508 ,
1450 1452 1510 1498 ut
1539 1443 1632 1514 qui
1664 1460 1762 1515 pro
1794 1445 1967 1515 patria
2006 1447 2219 1502 fortiter
2246 1448 2558 1506 dimicando
2600 1449 3027 1515 occubuissent,
3060 1448 3276 1518 publica
3309 1447 3497 1502 lauda-

181 1524 332 1580 tione
363 1525 798 1597 honorarentur,
830 1531 1288 1601 quemadmodum
1317 1531 1471 1588 Plato
1501 1546 1691 1590 auctor
1720 1545 1804 1600 est
1833 1535 1885 1590 in
1917 1535 2206 1592 Menexeno
2228 1555 2245 1591 :
2269 1537 2498 1592 Romani
2529 1553 2662 1594 vero
2693 1538 2938 1594 illustres
2971 1538 3118 1592 viros
3147 1549 3310 1608 atque
3340 1534 3496 1590 femi-

184 1633 284 1672 nas
309 1619 504 1675 eodem
541 1620 750 1678 honore
775 1623 1272 1695 prosequebantur,
1303 1640 1469 1696 quam
1495 1626 1954 1683 consuetudinem
1985 1644 2014 1683 a
2044 1628 2104 1683 P.
2136 1627 2257 1684 Val.
2287 1630 2567 1686 Publicola
2591 1631 2837 1698 consule,
2870 1631 2961 1701 qui
2981 1629 3202 1685 Junium
3233 1629 3496 1699 collegam

185 1709 402 1780 publice
427 1710 700 1778 laudavit,
735 1723 980 1770 exortam
1012 1730 1136 1772 esse
1163 1715 1456 1772 observant
1488 1715 1755 1773 historici.
1791 1716 1899 1774 Sed
1935 1720 2242 1790 antiquiora
2276 1719 2456 1775 adhuc
2486 1721 2732 1790 ejusdem
2766 1721 2904 1776 ritus
2935 1719 3163 1791 vestigia
3196 1726 3419 1775 exstant
3449 1717 3504 1773 in

181 1802 340 1861 libris
366 1808 558 1862 sacris.
591 1805 726 1862 Nam
757 1809 843 1865 vel
873 1809 1096 1866 Davidis
1125 1811 1377 1881 planctus
1405 1825 1570 1881 super
1600 1810 1764 1866 Saule
1789 1826 1853 1866 ac
1882 1810 2140 1876 Jonatha,
2169 1813 2261 1882 qui
2291 1811 2434 1869 libro
2455 1811 2500 1867 ll
2533 1811 2742 1884 Regum
2773 1814 2994 1882 capitei
3026 1810 3352 1867 describitur
3381 1825 3392 1861 :
3421 1809 3507 1865 vel

181 1897 437 1957 Jeremiae
463 1901 702 1959 lamenta
735 1919 902 1975 super
931 1903 1078 1961 Josia
1106 1921 1255 1977 rege,
1284 1905 1353 1961 de
1380 1905 1580 1976 quibus
1612 1906 1754 1961 libro
1785 1905 1828 1961 ll
1853 1904 2349 1976 Paralipomenon,
2380 1904 2510 1976 quid
2538 1907 2683 1961 aliud
2716 1915 2861 1973 sunt,
2892 1905 2996 1961 nisi
3032 1904 3288 1960 funebres
3317 1901 3510 1957 lauda-

187 1993 402 2049 tiones?
429 1993 547 2051 Non
580 1995 744 2066 igitttr
771 1995 968 2051 mirum
999 1996 1171 2052 videri
1213 1997 1376 2053 debet
1403 2038 1417 2062 ,
1451 1999 1496 2053 si
1543 2006 1623 2052 tot
1667 1996 1943 2052 orationes
1972 1997 2026 2051 in
2057 1997 2272 2052 laudem
2303 2011 2493 2052 eorum
2513 2039 2526 2063 ,
2556 1998 2672 2052 sive
2703 1998 2794 2067 qui
2824 2013 2922 2068 pro
2949 1995 3150 2051 Christi
3183 1995 3288 2050 (ide
3318 2010 3382 2049 ac
3412 2008 3512 2048 no—

185 2087 333 2142 mine
361 2087 682 2158 sanguinem
728 2086 1120 2157 profudiSsent,
1151 2089 1267 2144 sive
1297 2090 1388 2159 qui
1421 2090 1684 2145 virtutum
1713 2089 2073 2161 singularium
2119 2087 2410 2158 splendore
2438 2089 2796 2145 christianum
2827 2105 3024 2144 nomen
3059 2089 3510 2152 illustravissent,

186 2180 389 2238 habitae
417 2181 763 2251 reperiantur
783 2181 926 2252 apud
949 2182 1139 2238 Patres
1161 2182 1424 2238 Ecclesia:
1446 2181 1650 2239 Graecae
1674 2199 1738 2238 ac
1760 2183 1968 2238 Latinae
1989 2197 2003 2246 ;
2024 2181 2119 2236 sed
2143 2181 2275 2236 illud
2305 2181 2447 2238 forte
2473 2182 2747 2237 videbitur
2778 2183 3124 2248 insolentius,
3148 2181 3294 2250 quod
3327 2181 3511 2235 fratris

186 2275 378 2334 laudes
409 2274 578 2332 frater
607 2275 724 2346 ipse
753 2275 1040 2332 celebrare
1071 2291 1360 2348 aggressus
1391 2276 1575 2332 fuerit.
1613 2277 1812 2332 Verum
1835 2275 2138 2332 clarissima
2171 2275 2421 2345 exempla
2453 2275 2617 2331 habet
2637 2275 2980 2343 Ambrosius,
3009 2275 3204 2345 quibus
3233 2289 3292 2329 se
3321 2272 3513 2329 defen-

185 2373 301 2430 dat.
336 2371 581 2444 Namque
613 2379 672 2427 ut
697 2374 1014 2428 omittamus
1041 2371 1176 2428 illud
1209 2371 1457 2443 profanis
1487 2386 1586 2426 usu
1617 2374 1857 2438 venisse,
1888 2379 1948 2426 ut
1975 2371 2154 2442 magni
2185 2371 2286 2425 viri
2318 2380 2664 2426 mortuorum
2693 2371 2797 2426 sibi
2825 2371 3134 2426 arctissimo
3159 2369 3508 2439 conjunctio-

189 2465 276 2520 nis
322 2478 466 2520 nexu
497 2464 878 2534 copulatorum
907 2465 1278 2520 encomiastas
1307 2478 1368 2519 se
1411 2463 1767 2534 praebuerint,
1795 2463 1940 2535 quod
1972 2463 2176 2517 factum
2205 2463 2403 2533 legitur
2431 2478 2462 2517 a
2487 2462 2635 2518 Julio
2662 2461 2878 2518 Caesare
2899 2505 2914 2530 ,
2943 2463 3035 2534 qui
3062 2462 3261 2518 Juliam
3291 2464 3514 2518 amitam

193 2568 251 2615 ct
278 2557 587 2613 Corneliam
618 2571 844 2614 uxorem
873 2557 1108 2612 laudavit
1133 2573 1160 2611 e
1189 2572 1328 2611 utare
1354 2573 1448 2630 pro
1473 2557 1675 2623 rostris,
1709 2565 1766 2611 ut
1792 2556 1869 2612 ait
1888 2556 2183 2611 Suetonius
2207 2557 2262 2610 in
2287 2556 2408 2627 ejus
2437 2554 2588 2622 Vita;
2625 2571 2762 2611 unus
2789 2556 3086 2627 Gregorius
3119 2556 3512 2622 Nazianzenus.

193 2648 350 2719 cujus
375 2650 658 2706 orationes
688 2650 742 2706 in
771 2651 965 2721 patris,
998 2647 1183 2705 fratris
1211 2665 1275 2706 ac
1303 2650 1515 2705 sororis
1541 2647 1826 2705 funeribus
1851 2647 2013 2704 dictae
2039 2657 2363 2718 supersunt,
2398 2647 2690 2703 Ambrosio
2734 2646 2988 2703 sufficere
3018 2655 3202 2717 posset
3230 2645 3296 2702 ad
3330 2655 3515 2718 patro-

195 2741 402 2798 cinium
433 2759 446 2795 :
473 2753 662 2812 postea
694 2756 826 2798 vero
851 2752 907 2797 et
935 2741 1258 2813 Gregorium
1283 2751 1342 2798 et
1364 2741 1714 2798 Ambrosium
1746 2740 2058 2796 Bernardus
2090 2741 2144 2795 in
2177 2740 2451 2796 laudando
2473 2740 2705 2797 Girardo
2734 2739 2901 2797 fratre
2927 2742 3168 2797 imitatus
3197 2750 3301 2797 est.

272 2835 733 2901 Admonebimus,
768 2844 1061 2906 antequam
1086 2834 1154 2891 de
1185 2835 1367 2891 tabula
1408 2851 1600 2891 manus
1631 2835 1875 2902 tollatur,
1909 2832 2215 2902 Dungalum
2241 2849 2273 2888 a
2302 2833 2541 2890 librariis
2571 2833 2895 2904 quibusdam
2917 2875 2931 2898 ,
2964 2835 3054 2904 qui
3085 2837 3154 2890 ob
3184 2833 3508 2890 nonnullam

199 2927 504 2998 argumenti
542 2926 864 2984 affinitatem
894 2926 1092 2983 librum
1125 2927 1195 2984 de
1217 2927 1478 2983 Paradiso
1505 2925 1591 2983 his
1617 2925 1833 2982 duobus
1861 2925 2016 2982 libris
2052 2941 2161 2981 una
2205 2925 2648 2996 descripserunt,
2682 2925 3004 2997 deceptum,
3037 2927 3286 2984 eumdem
3317 2926 3517 2982 librum

201 3029 474 3091 tamquam
515 3019 736 3076 tertium
773 3017 842 3075 de
881 3018 1056 3076 Morte
1085 3019 1266 3092 Satyri
1302 3018 1655 3091 allegavisse,
1699 3018 1751 3072 in
1793 3033 1902 3090 quo
1943 3018 2120 3088 ipsum
2148 3018 2389 3089 graviter
2434 3018 2765 3074 allucinasse
2797 3035 2958 3076 nemo
3000 3037 3107 3078 non
3133 3021 3336 3078 videat.
3363 3021 3519 3086 Quod
3576 3093 3581 3097 _

199 3118 381 3193 autem
421 3109 489 3166 ad
518 3108 857 3182 epitaphium
887 3108 958 3166 ab
985 3123 1054 3166 eo
1095 3118 1458 3167 memoratum
1480 3151 1496 3177 ,
1539 3108 1657 3165 haec
1685 3107 1803 3180 ejus
1831 3110 1994 3165 verba
2024 3119 2152 3163 sunt
2181 3108 2474 3165 Ambrosio
2506 3115 2695 3165 nostro
2721 3107 2878 3178 (Lac.
2907 3127 3023 3181 sup.
3058 3110 3189 3182 cit.)
3219 3126 3328 3168 non
3357 3111 3519 3182 plane

204 3199 426 3236 ιιιλίηη..
464 3220 476 3232 .

227 3202 429 3273 "digna
465 3242 476 3256 ⁸
1140 3270 1318 3322 Uranio
1343 3273 1517 3346 Satyro
1539 3283 1825 3334 supremum
1859 3269 2012 3344 frater
2031 3271 2268 3346 honorem

1201 3335 1227 3364 ⁸
1248 3333 1470 3384 Martyris
1489 3333 1548 3382 ad
1571 3333 1741 3383 laevam
1764 3332 1946 3383 detulit
1963 3333 2268 3384 Ambrosius.

1201 3335 1227 3364 ⁸
1248 3332 1470 3396 Martyris
1489 3333 1548 3382 ad
1571 3332 1741 3383 laevam
1764 3332 1946 3383 detulit
1963 3333 2268 3384 Ambrosius.

1137 3395 1257 3446 Haec
1279 3397 1445 3446 meriti
1468 3409 1684 3457 merces,
1710 3400 1766 3444 ut
1787 3396 1912 3457 sacri
1930 3397 2184 3457 sanguinis
2201 3395 2376 3448 humor

1201 3457 1459 3509 Finitimas
1483 3456 1752 3522 penetrans
1773 3456 1924 3507 alluat
1948 3456 2168 3510 exuvias.

297 3593 326 3622 ⁸
361 3590 525 3642 Sancti
548 3587 761 3641 Victoris
787 3588 1038 3640 videlicet.

3094 3695 3164 3716 ,οοέ
3189 3697 3213 3716 .Ε
3247 3695 3485 3716 -ο-ψνν-νΊΙΙ

2317 3694 2380 3704 ...-
2425 3693 3213 3706 -r--—-—~'——..__~-‘..——-..‘--
3247 3695 3278 3703 -ο

654 3887 1624 4052 SANCTI
1785 3886 3118 4050 AMBROSII

1351 4159 1998 4222 MEDIOLANENSIS
2040 4157 2407 4220 EPISCOPI‘

775 4347 918 4497 DE
1027 4340 1521 4499 EXGESSU
1625 4341 2128 4497 FRATRIS
2237 4341 2424 4496 SUI
2533 4339 2958 4496 SATYRI

1551 4637 1850 4710 LIBRI
1914 4637 2203 4735 ouo“.

1420 4967 1762 5050 LIBER
1834 4968 2310 5052 PRIMUS.

417 3699 2268 3712 ..ι-..Μῄῂ
2302 3699 2359 3704 --
2496 3699 2515 3700 7
2536 3699 2740 3706 ‘7..._
2937 3699 3138 3706 -_____-_
3189 3699 3192 3701 _
3248 3699 3426 3704 ,,_,_,.

1916 4799 2384 4834 μ

1327 4805 1799 4838 ————‘=

1673 5120 2106 5153 ...ι-ς..-

296 5254 582 5332 11131.
613 5251 1813 5339 Deduxinius,fratresdilectissimi,hostiam
1921 5265 2174 5322 centem,
2220 5255 2248 5295 δ
2303 5257 2562 5314 domuum
2617 5267 2674 5312 et
2723 5258 2944 5315 fratrem
3001 5278 3179 5320 meum
3241 5267 3520 5342 Satyrum.

217 5367 423 5417 meam,
464 5347 698 5403 hostiam
747 5345 1261 5411 incontaminatam,
1296 5345 1527 5403 hostiam
1561 5346 1672 5403 Deo
1700 5346 1819 5416 pla-
1925 5349 2276 5406 Memineram
2337 5366 2461 5408 esse
2519 5351 2848 5420 mortalem,
2908 5369 3008 5410 nec
3072 5357 3268 5416 fefellit
3314 5367 3522 5436 opinio,

295 5507 320 5534 ιι
360 5491 559 5559 Scripti
586 5503 732 5562 anno
754 5487 880 5543 379.
1364 5557 1374 5562 Α
1467 5559 1477 5562 Α
1729 5560 1737 5562 4
1929 5500 2081 5551 esse,
2116 5499 2216 5540 nec
2246 5500 2310 5540 ea
2334 5489 2558 5562 salutari
2603 5489 2840 5562 voluisse
2873 5491 3172 5559 Augustum
3204 5496 3478 5559 Caesarem
3510 5524 3528 5562 :

292 5567 320 5604 ιι
360 5556 563 5621 Omnes
593 5560 734 5634 edit._
756 5575 819 5613 ac
851 5571 982 5613 mss.
1037 5556 1307 5634 nonnulli.
1339 5557 1607 5634 dominum
1633 5566 1683 5611 et
1712 5560 1820 5626 fra-
1930 5567 2119 5627 postea
2173 5567 2354 5611 autem
2385 5573 2413 5611 a
2442 5561 2804 5634 scriptoribus
2825 5603 2839 5622 ,
2874 5571 2931 5615 ut
2958 5556 3235 5622 humiliori
3267 5556 3529 5634 vocab’n'ld

219 5651 386 5702 trem;
415 5635 505 5690 alii
537 5631 868 5700 mss.plures
896 5638 950 5702 et
980 5625 1505 5702 potiores,¢_lomnum
1521 5625 1815 5702 atri-utrem.
1930 5625 2212 5683 uterentur
2233 5668 2247 5690 ,
2273 5643 2342 5682 ex
2377 5638 2468 5686 τοῦ
2511 5625 2752 5686 dominus
2785 5633 2978 5688 factam
3009 5650 3131 5693 esse
3162 5625 3529 5702 vocemﬂd—o—m:

219 5698 491 5790 9'33"“!
516 5698 1821 5790 “meaemeae-"isserat:19925593
1925 5715 2027 5790 res
2059 5703 2676 5790 PP'.f!.'F,‘;‘lP£’E'.-,.Q“9d
2701 5703 2800 5790 libi
2822 5707 3100 5790 ςμειηριξθ
3122 5725 3153 5765 e
3183 5698 3531 5790 Sey._suiiii.

220 5784 282 5841 S.
308 5776 514 5838 Bened.
543 5788 729 5831 vocem
761 5772 1044 5828 Dominum
1083 5768 1287 5838 regiam
1317 5779 1372 5827 et
1403 5768 1813 5841 imperatoriam
1925 5771 2021 5836 tio,
2054 5777 2109 5824 et
2149 5768 2367 5825 aliunde
2392 5770 2577 5840 petitis
2624 5774 2897 5843 probavit,
2959 5768 3109 5834 addit
3133 5783 3274 5852 apud
3306 5768 3530 5850 σῖ-ᾧῖόε

469 5872 748 5936 Ρηιιοι.
795 5865 968 5929 XVI.

3019 5871 3090 5934 ῐι1
