  <div class='ocr_page' id='page_1' title='image "/cluster/home/n/w/nwhite01/storage/ocr_20150623/16/uva.x000826550/653.png"; bbox 0 0 4076 6172; ppageno 0'>
   <div class='ocr_carea' id='block_1_1' title="bbox 587 297 816 404">
    <p class='ocr_par' dir='ltr' id='par_1_1' title="bbox 587 297 816 404">
     <span class='ocr_line' id='line_1_1' title="bbox 587 297 816 404; baseline -0.009 0"><span class='ocrx_word' id='word_1_1' title='bbox 587 349 724 404; x_wconf 71' lang='grc'><strong>1291</strong></span> <span class='ocrx_word' id='word_1_2' title='bbox 797 297 816 313; x_wconf 47' lang='grc'><strong>⁸</strong></span> 
     </span>
    </p>
   </div>
   <div class='ocr_carea' id='block_1_2' title="bbox 1919 332 2533 392">
    <p class='ocr_par' dir='ltr' id='par_1_2' title="bbox 1919 332 2533 392">
     <span class='ocr_line' id='line_1_2' title="bbox 1919 332 2533 392; baseline -0.003 0"><span class='ocrx_word' id='word_1_3' title='bbox 1919 333 2166 392; x_wconf 81' lang='lat' dir='ltr'><strong>SANCTI</strong></span> <span class='ocrx_word' id='word_1_4' title='bbox 2205 332 2533 392; x_wconf 80' lang='lat' dir='ltr'><strong>AMBROSII</strong></span> 
     </span>
    </p>
   </div>
   <div class='ocr_carea' id='block_1_3' title="bbox 3760 332 3923 390">
    <p class='ocr_par' dir='ltr' id='par_1_3' title="bbox 3760 332 3923 390">
     <span class='ocr_line' id='line_1_3' title="bbox 3760 332 3923 390; baseline -0.025 0"><span class='ocrx_word' id='word_1_5' title='bbox 3760 332 3923 390; x_wconf 72' lang='grc'><strong>⁸1292</strong></span> 
     </span>
    </p>
   </div>
   <div class='ocr_carea' id='block_1_4' title="bbox 592 446 3920 534">
    <p class='ocr_par' dir='ltr' id='par_1_4' title="bbox 592 446 3920 534">
     <span class='ocr_line' id='line_1_4' title="bbox 592 446 3920 534; baseline -0.006 -13"><span class='ocrx_word' id='word_1_6' title='bbox 592 480 616 505; x_wconf 69' lang='grc' dir='ltr'><strong>δ</strong></span> <span class='ocrx_word' id='word_1_7' title='bbox 648 468 743 523; x_wconf 87' lang='lat' dir='ltr'><strong>sed</strong></span> <span class='ocrx_word' id='word_1_8' title='bbox 767 458 1230 534; x_wconf 79' lang='lat' dir='ltr'><strong>superabundavit</strong></span> <span class='ocrx_word' id='word_1_9' title='bbox 1257 457 1453 530; x_wconf 85' lang='lat' dir='ltr'><strong>gratia.</strong></span> <span class='ocrx_word' id='word_1_10' title='bbox 1479 457 1663 526; x_wconf 87' lang='lat' dir='ltr'><strong>Itaque</strong></span> <span class='ocrx_word' id='word_1_11' title='bbox 1693 453 1829 509; x_wconf 81' lang='lat' dir='ltr'><strong>nihil</strong></span> <span class='ocrx_word' id='word_1_12' title='bbox 1853 452 2025 507; x_wconf 81' lang='lat' dir='ltr'><strong>habeo</strong></span> <span class='ocrx_word' id='word_1_13' title='bbox 2044 449 2186 521; x_wconf 88' lang='lat' dir='ltr'><strong>quod</strong></span> <span class='ocrx_word' id='word_1_14' title='bbox 2217 454 2266 513; x_wconf 81' lang='grc' dir='ltr'><strong>Α</strong></span> <span class='ocrx_word' id='word_1_15' title='bbox 2291 451 2421 522; x_wconf 66' lang='lat'><strong>22)?</strong></span> <span class='ocrx_word' id='word_1_16' title='bbox 2449 451 2563 505; x_wconf 87' lang='lat' dir='ltr'><strong>Non</strong></span> <span class='ocrx_word' id='word_1_17' title='bbox 2596 450 2770 521; x_wconf 85' lang='lat' dir='ltr'><strong>potuit</strong></span> <span class='ocrx_word' id='word_1_18' title='bbox 2799 449 2914 520; x_wconf 88' lang='lat' dir='ltr'><strong>ipse</strong></span> <span class='ocrx_word' id='word_1_19' title='bbox 2942 450 3020 504; x_wconf 88' lang='lat' dir='ltr'><strong>sic</strong></span> <span class='ocrx_word' id='word_1_20' title='bbox 3047 459 3296 513; x_wconf 87' lang='lat' dir='ltr'><strong>manere,</strong></span> <span class='ocrx_word' id='word_1_21' title='bbox 3326 447 3372 503; x_wconf 88' lang='lat' dir='ltr'><strong>si</strong></span> <span class='ocrx_word' id='word_1_22' title='bbox 3401 448 3598 504; x_wconf 81' lang='lat' dir='ltr'><strong>vellet?</strong></span> <span class='ocrx_word' id='word_1_23' title='bbox 3625 446 3740 504; x_wconf 86' lang='lat' dir='ltr'><strong>Sed</strong></span> <span class='ocrx_word' id='word_1_24' title='bbox 3775 464 3920 518; x_wconf 80' lang='lat' dir='ltr'><strong>per—</strong></span> 
     </span>
    </p>
   </div>
   <div class='ocr_carea' id='block_1_5' title="bbox 587 546 2182 629">
    <p class='ocr_par' dir='ltr' id='par_1_5' title="bbox 587 546 2182 629">
     <span class='ocr_line' id='line_1_5' title="bbox 587 546 2182 629; baseline -0.01 -17"><span class='ocrx_word' id='word_1_25' title='bbox 587 574 806 629; x_wconf 82' lang='lat' dir='ltr'><strong>querar,</strong></span> <span class='ocrx_word' id='word_1_26' title='bbox 823 555 1065 611; x_wconf 87' lang='lat' dir='ltr'><strong>ethabeo</strong></span> <span class='ocrx_word' id='word_1_27' title='bbox 1092 553 1264 622; x_wconf 91' lang='lat' dir='ltr'><strong>inquo</strong></span> <span class='ocrx_word' id='word_1_28' title='bbox 1291 551 1400 606; x_wconf 88' lang='lat' dir='ltr'><strong>Deo</strong></span> <span class='ocrx_word' id='word_1_29' title='bbox 1414 549 1617 620; x_wconf 85' lang='lat' dir='ltr'><strong>gratias</strong></span> <span class='ocrx_word' id='word_1_30' title='bbox 1638 563 1814 618; x_wconf 79' lang='lat' dir='ltr'><strong>agam;</strong></span> <span class='ocrx_word' id='word_1_31' title='bbox 1830 546 1952 616; x_wconf 83' lang='lat' dir='ltr'><strong>quia</strong></span> <span class='ocrx_word' id='word_1_32' title='bbox 1967 559 2182 613; x_wconf 83' lang='lat' dir='ltr'><strong>semper</strong></span> 
     </span>
    </p>
   </div>
   <div class='ocr_carea' id='block_1_6' title="bbox 589 637 2185 720">
    <p class='ocr_par' dir='ltr' id='par_1_6' title="bbox 589 637 2185 720">
     <span class='ocr_line' id='line_1_6' title="bbox 589 637 2185 720; baseline -0.009 -14"><span class='ocrx_word' id='word_1_33' title='bbox 589 651 768 720; x_wconf 90' lang='lat' dir='ltr'><strong>optavi</strong></span> <span class='ocrx_word' id='word_1_34' title='bbox 794 692 808 715; x_wconf 91' lang='lat'><strong>,</strong></span> <span class='ocrx_word' id='word_1_35' title='bbox 839 659 897 703; x_wconf 91' lang='lat' dir='ltr'><strong>ut</strong></span> <span class='ocrx_word' id='word_1_36' title='bbox 924 649 969 703; x_wconf 90' lang='lat' dir='ltr'><strong>si</strong></span> <span class='ocrx_word' id='word_1_37' title='bbox 999 664 1121 719; x_wconf 71' lang='lat' dir='ltr'><strong>qua:</strong></span> <span class='ocrx_word' id='word_1_38' title='bbox 1152 645 1593 718; x_wconf 77' lang='lat' dir='ltr'><strong>perturbationes</strong></span> <span class='ocrx_word' id='word_1_39' title='bbox 1623 643 1706 697; x_wconf 90' lang='lat' dir='ltr'><strong>vel</strong></span> <span class='ocrx_word' id='word_1_40' title='bbox 1750 641 2052 697; x_wconf 87' lang='lat' dir='ltr'><strong>Ecclesiam</strong></span> <span class='ocrx_word' id='word_1_41' title='bbox 2097 637 2185 693; x_wconf 89' lang='lat' dir='ltr'><strong>vel</strong></span> 
     </span>
    </p>
   </div>
   <div class='ocr_carea' id='block_1_7' title="bbox 591 733 2185 810">
    <p class='ocr_par' dir='ltr' id='par_1_7' title="bbox 591 733 2185 810">
     <span class='ocr_line' id='line_1_7' title="bbox 591 733 2185 810; baseline -0.008 -13"><span class='ocrx_word' id='word_1_42' title='bbox 591 759 677 799; x_wconf 89' lang='lat' dir='ltr'><strong>me</strong></span> <span class='ocrx_word' id='word_1_43' title='bbox 721 751 1046 808; x_wconf 88' lang='lat' dir='ltr'><strong>manerent,</strong></span> <span class='ocrx_word' id='word_1_44' title='bbox 1083 741 1134 795; x_wconf 95' lang='lat' dir='ltr'><strong>in</strong></span> <span class='ocrx_word' id='word_1_45' title='bbox 1183 754 1272 794; x_wconf 93' lang='lat' dir='ltr'><strong>me</strong></span> <span class='ocrx_word' id='word_1_46' title='bbox 1319 739 1499 810; x_wconf 79' lang='lat' dir='ltr'><strong>potius</strong></span> <span class='ocrx_word' id='word_1_47' title='bbox 1542 752 1605 792; x_wconf 89' lang='lat' dir='ltr'><strong>ac</strong></span> <span class='ocrx_word' id='word_1_48' title='bbox 1652 751 1826 791; x_wconf 87' lang='lat' dir='ltr'><strong>meam</strong></span> <span class='ocrx_word' id='word_1_49' title='bbox 1873 733 2185 789; x_wconf 86' lang='lat' dir='ltr'><strong>deciderent</strong></span> 
     </span>
    </p>
   </div>
   <div class='ocr_carea' id='block_1_8' title="bbox 587 827 2183 904">
    <p class='ocr_par' dir='ltr' id='par_1_8' title="bbox 587 827 2183 904">
     <span class='ocr_line' id='line_1_8' title="bbox 587 827 2183 904; baseline -0.009 -14"><span class='ocrx_word' id='word_1_50' title='bbox 587 837 828 891; x_wconf 88' lang='lat' dir='ltr'><strong>domum.</strong></span> <span class='ocrx_word' id='word_1_51' title='bbox 885 835 996 889; x_wconf 90' lang='lat' dir='ltr'><strong>Deo</strong></span> <span class='ocrx_word' id='word_1_52' title='bbox 1043 833 1208 904; x_wconf 90' lang='lat' dir='ltr'><strong>igitur</strong></span> <span class='ocrx_word' id='word_1_53' title='bbox 1253 832 1455 902; x_wconf 75' lang='lat' dir='ltr'><strong>gratias</strong></span> <span class='ocrx_word' id='word_1_54' title='bbox 1481 870 1495 895; x_wconf 96' lang='lat'><strong>,</strong></span> <span class='ocrx_word' id='word_1_55' title='bbox 1529 830 1653 900; x_wconf 87' lang='lat' dir='ltr'><strong>quia</strong></span> <span class='ocrx_word' id='word_1_56' title='bbox 1693 829 1746 882; x_wconf 94' lang='lat' dir='ltr'><strong>in</strong></span> <span class='ocrx_word' id='word_1_57' title='bbox 1789 827 1896 882; x_wconf 82' lang='lat' dir='ltr'><strong>hoc</strong></span> <span class='ocrx_word' id='word_1_58' title='bbox 1940 827 2183 879; x_wconf 86' lang='lat' dir='ltr'><strong>omnium</strong></span> 
     </span>
    </p>
   </div>
   <div class='ocr_carea' id='block_1_9' title="bbox 588 914 2184 994">
    <p class='ocr_par' dir='ltr' id='par_1_9' title="bbox 588 914 2184 994">
     <span class='ocr_line' id='line_1_9' title="bbox 588 914 2184 994; baseline -0.009 -10"><span class='ocrx_word' id='word_1_59' title='bbox 588 914 759 994; x_wconf 84' lang='lat' dir='ltr'><strong>metu,</strong></span> <span class='ocrx_word' id='word_1_60' title='bbox 787 942 914 982; x_wconf 88' lang='lat' dir='ltr'><strong>eum</strong></span> <span class='ocrx_word' id='word_1_61' title='bbox 936 927 1119 982; x_wconf 85' lang='lat' dir='ltr'><strong>omnia</strong></span> <span class='ocrx_word' id='word_1_62' title='bbox 1157 924 1398 980; x_wconf 81' lang='lat' dir='ltr'><strong>motibus</strong></span> <span class='ocrx_word' id='word_1_63' title='bbox 1425 924 1533 978; x_wconf 89' lang='lat' dir='ltr'><strong>sint</strong></span> <span class='ocrx_word' id='word_1_64' title='bbox 1563 931 1816 993; x_wconf 84' lang='lat' dir='ltr'><strong>suspecta</strong></span> <span class='ocrx_word' id='word_1_65' title='bbox 1847 919 2148 974; x_wconf 85' lang='lat' dir='ltr'><strong>Barbaricis</strong></span> <span class='ocrx_word' id='word_1_66' title='bbox 2169 958 2184 983; x_wconf 95' lang='lat'><strong>,</strong></span> 
     </span>
    </p>
   </div>
   <div class='ocr_carea' id='block_1_10' title="bbox 586 1009 2186 1087">
    <p class='ocr_par' dir='ltr' id='par_1_10' title="bbox 586 1009 2186 1087">
     <span class='ocr_line' id='line_1_10' title="bbox 586 1009 2186 1087; baseline -0.009 -10"><span class='ocrx_word' id='word_1_67' title='bbox 586 1035 930 1077; x_wconf 85' lang='lat' dir='ltr'><strong>communem</strong></span> <span class='ocrx_word' id='word_1_68' title='bbox 959 1033 1250 1073; x_wconf 65' lang='lat' dir='ltr'><strong>maerorem</strong></span> <span class='ocrx_word' id='word_1_69' title='bbox 1285 1017 1496 1087; x_wconf 90' lang='lat' dir='ltr'><strong>privato</strong></span> <span class='ocrx_word' id='word_1_70' title='bbox 1522 1016 1711 1069; x_wconf 86' lang='lat' dir='ltr'><strong>dolore</strong></span> <span class='ocrx_word' id='word_1_71' title='bbox 1743 1012 2018 1082; x_wconf 73' lang='lat' dir='ltr'><strong>transegi,</strong></span> <span class='ocrx_word' id='word_1_72' title='bbox 2045 1019 2101 1064; x_wconf 91' lang='lat' dir='ltr'><strong>et</strong></span> <span class='ocrx_word' id='word_1_73' title='bbox 2132 1009 2186 1063; x_wconf 93' lang='lat' dir='ltr'><strong>in</strong></span> 
     </span>
    </p>
   </div>
   <div class='ocr_carea' id='block_1_11' title="bbox 588 1103 2182 1180">
    <p class='ocr_par' dir='ltr' id='par_1_11' title="bbox 588 1103 2182 1180">
     <span class='ocr_line' id='line_1_11' title="bbox 588 1103 2182 1180; baseline -0.009 -11"><span class='ocrx_word' id='word_1_74' title='bbox 588 1131 674 1170; x_wconf 90' lang='lat' dir='ltr'><strong>me</strong></span> <span class='ocrx_word' id='word_1_75' title='bbox 718 1129 1044 1168; x_wconf 85' lang='lat' dir='ltr'><strong>conversum</strong></span> <span class='ocrx_word' id='word_1_76' title='bbox 1089 1122 1171 1166; x_wconf 81' lang='lat' dir='ltr'><strong>est</strong></span> <span class='ocrx_word' id='word_1_77' title='bbox 1224 1109 1250 1148; x_wconf 71' lang='grc' dir='ltr'>δ</span> <span class='ocrx_word' id='word_1_78' title='bbox 1283 1108 1543 1180; x_wconf 85' lang='lat' dir='ltr'><strong>quidquid</strong></span> <span class='ocrx_word' id='word_1_79' title='bbox 1595 1108 1853 1163; x_wconf 87' lang='lat' dir='ltr'><strong>timebam</strong></span> <span class='ocrx_word' id='word_1_80' title='bbox 1905 1103 2182 1159; x_wconf 88' lang='lat' dir='ltr'><strong>omnibus.</strong></span> 
     </span>
    </p>
   </div>
   <div class='ocr_carea' id='block_1_12' title="bbox 586 1198 2188 1279">
    <p class='ocr_par' dir='ltr' id='par_1_12' title="bbox 586 1198 2188 1279">
     <span class='ocr_line' id='line_1_12' title="bbox 586 1198 2188 1279; baseline -0.01 -14"><span class='ocrx_word' id='word_1_81' title='bbox 586 1211 764 1279; x_wconf 80' lang='lat' dir='ltr'><strong>Atque</strong></span> <span class='ocrx_word' id='word_1_82' title='bbox 791 1209 997 1263; x_wconf 83' lang='lat' dir='ltr'><strong>utinam</strong></span> <span class='ocrx_word' id='word_1_83' title='bbox 1027 1205 1115 1261; x_wconf 83' lang='lat' dir='ltr'><strong>hic</strong></span> <span class='ocrx_word' id='word_1_84' title='bbox 1160 1212 1592 1260; x_wconf 89' lang='lat' dir='ltr'><strong>consummatum</strong></span> <span class='ocrx_word' id='word_1_85' title='bbox 1626 1203 1727 1268; x_wconf 90' lang='lat' dir='ltr'><strong>sit,</strong></span> <span class='ocrx_word' id='word_1_86' title='bbox 1763 1209 1822 1255; x_wconf 91' lang='lat' dir='ltr'><strong>ut</strong></span> <span class='ocrx_word' id='word_1_87' title='bbox 1846 1198 2006 1254; x_wconf 91' lang='lat' dir='ltr'><strong>dolor</strong></span> <span class='ocrx_word' id='word_1_88' title='bbox 2034 1209 2188 1252; x_wconf 90' lang='lat' dir='ltr'><strong>meus</strong></span> 
     </span>
    </p>
   </div>
   <div class='ocr_carea' id='block_1_13' title="bbox 584 1298 1483 1372">
    <p class='ocr_par' dir='ltr' id='par_1_13' title="bbox 584 1298 1483 1372">
     <span class='ocr_line' id='line_1_13' title="bbox 584 1298 1483 1372; baseline -0.006 -17"><span class='ocrx_word' id='word_1_89' title='bbox 584 1300 789 1372; x_wconf 85' lang='lat' dir='ltr'><strong>publici</strong></span> <span class='ocrx_word' id='word_1_90' title='bbox 815 1299 1022 1355; x_wconf 90' lang='lat' dir='ltr'><strong>doloris</strong></span> <span class='ocrx_word' id='word_1_91' title='bbox 1045 1299 1350 1367; x_wconf 88' lang='lat' dir='ltr'><strong>redemptio</strong></span> <span class='ocrx_word' id='word_1_92' title='bbox 1380 1298 1483 1352; x_wconf 87' lang='lat' dir='ltr'><strong>sit!</strong></span> 
     </span>
    </p>
   </div>
   <div class='ocr_carea' id='block_1_14' title="bbox 653 1385 2190 1460">
    <p class='ocr_par' dir='ltr' id='par_1_14' title="bbox 653 1385 2190 1460">
     <span class='ocr_line' id='line_1_14' title="bbox 653 1385 2190 1460; baseline -0.006 -15"><span class='ocrx_word' id='word_1_93' title='bbox 653 1392 708 1445; x_wconf 73' lang='lat'><strong>2.</strong></span> <span class='ocrx_word' id='word_1_94' title='bbox 753 1391 896 1445; x_wconf 86' lang='lat' dir='ltr'><strong>Nihil</strong></span> <span class='ocrx_word' id='word_1_95' title='bbox 919 1390 1136 1460; x_wconf 84' lang='lat' dir='ltr'><strong>quidem</strong></span> <span class='ocrx_word' id='word_1_96' title='bbox 1164 1389 1348 1453; x_wconf 86' lang='lat' dir='ltr'><strong>habui,</strong></span> <span class='ocrx_word' id='word_1_97' title='bbox 1378 1387 1569 1442; x_wconf 77' lang='lat' dir='ltr'><strong>fratres</strong></span> <span class='ocrx_word' id='word_1_98' title='bbox 1592 1385 1929 1449; x_wconf 85' lang='lat' dir='ltr'><strong>charissimi,</strong></span> <span class='ocrx_word' id='word_1_99' title='bbox 1952 1385 2002 1438; x_wconf 92' lang='lat' dir='ltr'><strong>in</strong></span> <span class='ocrx_word' id='word_1_100' title='bbox 2027 1385 2190 1437; x_wconf 87' lang='lat' dir='ltr'><strong>rebus</strong></span> 
     </span>
    </p>
   </div>
   <div class='ocr_carea' id='block_1_15' title="bbox 584 1476 2185 1550">
    <p class='ocr_par' dir='ltr' id='par_1_15' title="bbox 584 1476 2185 1550">
     <span class='ocr_line' id='line_1_15' title="bbox 584 1476 2185 1550; baseline -0.005 -13"><span class='ocrx_word' id='word_1_101' title='bbox 584 1483 836 1539; x_wconf 83' lang='lat' dir='ltr'><strong>humanis</strong></span> <span class='ocrx_word' id='word_1_102' title='bbox 880 1491 1033 1538; x_wconf 88' lang='lat' dir='ltr'><strong>tanto</strong></span> <span class='ocrx_word' id='word_1_103' title='bbox 1082 1482 1248 1536; x_wconf 88' lang='lat' dir='ltr'><strong>fratre</strong></span> <span class='ocrx_word' id='word_1_104' title='bbox 1297 1480 1639 1550; x_wconf 86' lang='lat' dir='ltr'><strong>pretiosius,</strong></span> <span class='ocrx_word' id='word_1_105' title='bbox 1675 1479 1813 1532; x_wconf 91' lang='lat' dir='ltr'><strong>nihil</strong></span> <span class='ocrx_word' id='word_1_106' title='bbox 1859 1476 2185 1541; x_wconf 83' lang='lat' dir='ltr'><strong>amabilius,</strong></span> 
     </span>
    </p>
   </div>
   <div class='ocr_carea' id='block_1_16' title="bbox 587 1567 2190 1643">
    <p class='ocr_par' dir='ltr' id='par_1_16' title="bbox 587 1567 2190 1643">
     <span class='ocr_line' id='line_1_16' title="bbox 587 1567 2190 1643; baseline -0.006 -13"><span class='ocrx_word' id='word_1_107' title='bbox 587 1576 717 1630; x_wconf 86' lang='lat' dir='ltr'><strong>nihil</strong></span> <span class='ocrx_word' id='word_1_108' title='bbox 750 1576 1005 1639; x_wconf 89' lang='lat' dir='ltr'><strong>eharius;</strong></span> <span class='ocrx_word' id='word_1_109' title='bbox 1035 1573 1130 1628; x_wconf 88' lang='lat' dir='ltr'><strong>sed</strong></span> <span class='ocrx_word' id='word_1_110' title='bbox 1164 1581 1430 1643; x_wconf 75' lang='lat' dir='ltr'><strong>praestant</strong></span> <span class='ocrx_word' id='word_1_111' title='bbox 1471 1571 1694 1641; x_wconf 79' lang='lat' dir='ltr'><strong>privatis</strong></span> <span class='ocrx_word' id='word_1_112' title='bbox 1737 1570 1971 1640; x_wconf 88' lang='lat' dir='ltr'><strong>publica.</strong></span> <span class='ocrx_word' id='word_1_113' title='bbox 2016 1567 2190 1636; x_wconf 89' lang='lat' dir='ltr'><strong>Ipsius</strong></span> 
     </span>
    </p>
   </div>
   <div class='ocr_carea' id='block_1_17' title="bbox 581 1660 2191 1739">
    <p class='ocr_par' dir='ltr' id='par_1_17' title="bbox 581 1660 2191 1739">
     <span class='ocr_line' id='line_1_17' title="bbox 581 1660 2191 1739; baseline -0.007 -15"><span class='ocrx_word' id='word_1_114' title='bbox 581 1685 800 1739; x_wconf 83' lang='lat' dir='ltr'><strong>qucque</strong></span> <span class='ocrx_word' id='word_1_115' title='bbox 850 1670 1177 1723; x_wconf 86' lang='lat' dir='ltr'><strong>sententiam</strong></span> <span class='ocrx_word' id='word_1_116' title='bbox 1234 1667 1278 1719; x_wconf 90' lang='lat' dir='ltr'><strong>si</strong></span> <span class='ocrx_word' id='word_1_117' title='bbox 1333 1664 1458 1732; x_wconf 88' lang='lat' dir='ltr'><strong>quis</strong></span> <span class='ocrx_word' id='word_1_118' title='bbox 1505 1663 1914 1726; x_wconf 85' lang='lat' dir='ltr'><strong>sciscitaretur,</strong></span> <span class='ocrx_word' id='word_1_119' title='bbox 1952 1672 1972 1699; x_wconf 78' lang='grc' dir='ltr'><em>ε</em></span> <span class='ocrx_word' id='word_1_120' title='bbox 2006 1660 2191 1714; x_wconf 85' lang='lat' dir='ltr'><strong>mallet</strong></span> 
     </span>
    </p>
   </div>
   <div class='ocr_carea' id='block_1_18' title="bbox 583 1753 2191 1834">
    <p class='ocr_par' dir='ltr' id='par_1_18' title="bbox 583 1753 2191 1834">
     <span class='ocr_line' id='line_1_18' title="bbox 583 1753 2191 1834; baseline -0.009 -15"><span class='ocrx_word' id='word_1_121' title='bbox 583 1764 757 1834; x_wconf 86' lang='lat' dir='ltr'><strong>occidi</strong></span> <span class='ocrx_word' id='word_1_122' title='bbox 808 1778 905 1832; x_wconf 92' lang='lat' dir='ltr'><strong>pro</strong></span> <span class='ocrx_word' id='word_1_123' title='bbox 934 1761 1074 1825; x_wconf 88' lang='lat' dir='ltr'><strong>aliis,</strong></span> <span class='ocrx_word' id='word_1_124' title='bbox 1104 1775 1269 1830; x_wconf 90' lang='lat' dir='ltr'><strong>quam</strong></span> <span class='ocrx_word' id='word_1_125' title='bbox 1311 1757 1414 1811; x_wconf 82' lang='lat' dir='ltr'><strong>sibi</strong></span> <span class='ocrx_word' id='word_1_126' title='bbox 1463 1758 1676 1822; x_wconf 85' lang='lat' dir='ltr'><strong>vivere;</strong></span> <span class='ocrx_word' id='word_1_127' title='bbox 1710 1763 2001 1826; x_wconf 85' lang='lat' dir='ltr'><strong>propterea</strong></span> <span class='ocrx_word' id='word_1_128' title='bbox 2045 1753 2191 1808; x_wconf 90' lang='lat' dir='ltr'><strong>enim</strong></span> 
     </span>
    </p>
   </div>
   <div class='ocr_carea' id='block_1_19' title="bbox 2287 541 3914 614">
    <p class='ocr_par' dir='ltr' id='par_1_19' title="bbox 2287 541 3914 614">
     <span class='ocr_line' id='line_1_19' title="bbox 2287 541 3914 614; baseline -0.003 -15"><span class='ocrx_word' id='word_1_129' title='bbox 2287 545 2551 614; x_wconf 82' lang='lat' dir='ltr'><strong>petuitate</strong></span> <span class='ocrx_word' id='word_1_130' title='bbox 2579 545 2706 598; x_wconf 70' lang='lat' dir='ltr'><strong>vita:</strong></span> <span class='ocrx_word' id='word_1_131' title='bbox 2739 543 2899 612; x_wconf 86' lang='lat' dir='ltr'><strong>hujus</strong></span> <span class='ocrx_word' id='word_1_132' title='bbox 2930 542 3034 597; x_wconf 87' lang='lat' dir='ltr'><strong>sibi</strong></span> <span class='ocrx_word' id='word_1_133' title='bbox 3069 544 3301 613; x_wconf 89' lang='lat' dir='ltr'><strong>pretium</strong></span> <span class='ocrx_word' id='word_1_134' title='bbox 3326 583 3340 607; x_wconf 93' lang='lat'><strong>,</strong></span> <span class='ocrx_word' id='word_1_135' title='bbox 3386 542 3516 595; x_wconf 91' lang='lat' dir='ltr'><strong>mihi</strong></span> <span class='ocrx_word' id='word_1_136' title='bbox 3563 541 3914 598; x_wconf 78' lang='lat' dir='ltr'><strong>sacrificium</strong></span> 
     </span>
    </p>
   </div>
   <div class='ocr_carea' id='block_1_20' title="bbox 2288 635 3912 707">
    <p class='ocr_par' dir='ltr' id='par_1_20' title="bbox 2288 635 3912 707">
     <span class='ocr_line' id='line_1_20' title="bbox 2288 635 3912 707; baseline -0.002 -15"><span class='ocrx_word' id='word_1_137' title='bbox 2288 636 2635 707; x_wconf 86' lang='lat' dir='ltr'><strong>perdidisset.</strong></span> <span class='ocrx_word' id='word_1_138' title='bbox 2667 635 2822 702; x_wconf 84' lang='lat' dir='ltr'><strong>Quod</strong></span> <span class='ocrx_word' id='word_1_139' title='bbox 2873 635 3037 705; x_wconf 88' lang='lat' dir='ltr'><strong>igitur</strong></span> <span class='ocrx_word' id='word_1_140' title='bbox 3071 635 3247 704; x_wconf 88' lang='lat' dir='ltr'><strong>majus</strong></span> <span class='ocrx_word' id='word_1_141' title='bbox 3288 644 3372 688; x_wconf 90' lang='lat' dir='ltr'><strong>est</strong></span> <span class='ocrx_word' id='word_1_142' title='bbox 3413 635 3664 688; x_wconf 86' lang='lat' dir='ltr'><strong>solatium</strong></span> <span class='ocrx_word' id='word_1_143' title='bbox 3695 635 3912 699; x_wconf 87' lang='lat' dir='ltr'><strong>nostri,</strong></span> 
     </span>
    </p>
   </div>
   <div class='ocr_carea' id='block_1_21' title="bbox 2287 726 3918 800">
    <p class='ocr_par' dir='ltr' id='par_1_21' title="bbox 2287 726 3918 800">
     <span class='ocr_line' id='line_1_21' title="bbox 2287 726 3918 800; baseline -0.001 -15"><span class='ocrx_word' id='word_1_144' title='bbox 2287 745 2449 800; x_wconf 89' lang='lat' dir='ltr'><strong>quam</strong></span> <span class='ocrx_word' id='word_1_145' title='bbox 2491 729 2634 799; x_wconf 90' lang='lat' dir='ltr'><strong>quod</strong></span> <span class='ocrx_word' id='word_1_146' title='bbox 2672 727 2972 784; x_wconf 87' lang='lat' dir='ltr'><strong>secundum</strong></span> <span class='ocrx_word' id='word_1_147' title='bbox 3014 743 3232 783; x_wconf 85' lang='lat' dir='ltr'><strong>carnem</strong></span> <span class='ocrx_word' id='word_1_148' title='bbox 3273 738 3330 783; x_wconf 92' lang='lat' dir='ltr'><strong>et</strong></span> <span class='ocrx_word' id='word_1_149' title='bbox 3355 726 3606 784; x_wconf 87' lang='lat' dir='ltr'><strong>Christus</strong></span> <span class='ocrx_word' id='word_1_150' title='bbox 3649 740 3918 784; x_wconf 84' lang='lat' dir='ltr'><strong>mortuus</strong></span> 
     </span>
    </p>
   </div>
   <div class='ocr_carea' id='block_1_22' title="bbox 2288 821 3913 894">
    <p class='ocr_par' dir='ltr' id='par_1_22' title="bbox 2288 821 3913 894">
     <span class='ocr_line' id='line_1_22' title="bbox 2288 821 3913 894; baseline -0.001 -14"><span class='ocrx_word' id='word_1_151' title='bbox 2288 824 2410 880; x_wconf 89' lang='lat' dir='ltr'><strong>est?</strong></span> <span class='ocrx_word' id='word_1_152' title='bbox 2439 826 2544 878; x_wconf 89' lang='lat' dir='ltr'><strong>Aut</strong></span> <span class='ocrx_word' id='word_1_153' title='bbox 2590 839 2690 878; x_wconf 92' lang='lat' dir='ltr'><strong>cur</strong></span> <span class='ocrx_word' id='word_1_154' title='bbox 2735 837 2836 894; x_wconf 86' lang='lat' dir='ltr'><strong>ego</strong></span> <span class='ocrx_word' id='word_1_155' title='bbox 2875 823 3251 879; x_wconf 86' lang='lat' dir='ltr'><strong>vehementius</strong></span> <span class='ocrx_word' id='word_1_156' title='bbox 3291 821 3451 878; x_wconf 82' lang='lat' dir='ltr'><strong>ﬂeam</strong></span> <span class='ocrx_word' id='word_1_157' title='bbox 3492 822 3741 890; x_wconf 81' lang='lat' dir='ltr'><strong>fratrem,</strong></span> <span class='ocrx_word' id='word_1_158' title='bbox 3773 839 3913 880; x_wconf 84' lang='lat' dir='ltr'><strong>eum</strong></span> 
     </span>
    </p>
   </div>
   <div class='ocr_carea' id='block_1_23' title="bbox 2288 917 3537 988">
    <p class='ocr_par' dir='ltr' id='par_1_23' title="bbox 2288 917 3537 988">
     <span class='ocr_line' id='line_1_23' title="bbox 2288 917 3537 988; baseline -0.002 -15"><span class='ocrx_word' id='word_1_159' title='bbox 2288 919 2455 973; x_wconf 88' lang='lat' dir='ltr'><strong>sciam</strong></span> <span class='ocrx_word' id='word_1_160' title='bbox 2489 918 2632 971; x_wconf 86' lang='lat' dir='ltr'><strong>illam</strong></span> <span class='ocrx_word' id='word_1_161' title='bbox 2657 918 2795 973; x_wconf 90' lang='lat' dir='ltr'><strong>mori</strong></span> <span class='ocrx_word' id='word_1_162' title='bbox 2825 931 2934 972; x_wconf 91' lang='lat' dir='ltr'><strong>non</strong></span> <span class='ocrx_word' id='word_1_163' title='bbox 2961 919 3208 988; x_wconf 88' lang='lat' dir='ltr'><strong>potuisse</strong></span> <span class='ocrx_word' id='word_1_164' title='bbox 3239 917 3537 987; x_wconf 71' lang='lat' dir='ltr'><strong>pietatem?</strong></span> 
     </span>
    </p>
   </div>
   <div class='ocr_carea' id='block_1_24' title="bbox 2367 1010 3915 1084">
    <p class='ocr_par' dir='ltr' id='par_1_24' title="bbox 2367 1010 3915 1084">
     <span class='ocr_line' id='line_1_24' title="bbox 2367 1010 3915 1084; baseline -0.008 -17"><span class='ocrx_word' id='word_1_165' title='bbox 2367 1013 2578 1084; x_wconf 72' lang='lat'><strong>1115</strong></span> <span class='ocrx_word' id='word_1_166' title='bbox 2678 1010 2788 1066; x_wconf 90' lang='lat' dir='ltr'><strong>Cur</strong></span> <span class='ocrx_word' id='word_1_167' title='bbox 2818 1012 2966 1065; x_wconf 87' lang='lat' dir='ltr'><strong>solus</strong></span> <span class='ocrx_word' id='word_1_168' title='bbox 2993 1027 3102 1081; x_wconf 69' lang='lat' dir='ltr'><strong>pra:</strong></span> <span class='ocrx_word' id='word_1_169' title='bbox 3133 1013 3346 1067; x_wconf 60' lang='lat' dir='ltr'><strong>exteris</strong></span> <span class='ocrx_word' id='word_1_170' title='bbox 3384 1013 3566 1080; x_wconf 86' lang='lat' dir='ltr'><strong>ﬂeam,</strong></span> <span class='ocrx_word' id='word_1_171' title='bbox 3595 1025 3760 1083; x_wconf 84' lang='lat' dir='ltr'><strong>quem</strong></span> <span class='ocrx_word' id='word_1_172' title='bbox 3806 1013 3915 1068; x_wconf 80' lang='lat' dir='ltr'><strong>ﬂe-</strong></span> 
     </span>
    </p>
   </div>
   <div class='ocr_carea' id='block_1_25' title="bbox 2291 1103 3913 1161">
    <p class='ocr_par' dir='ltr' id='par_1_25' title="bbox 2291 1103 3913 1161">
     <span class='ocr_line' id='line_1_25' title="bbox 2291 1103 3913 1161; baseline 0.002 -4"><span class='ocrx_word' id='word_1_173' title='bbox 2291 1103 2359 1158; x_wconf 85' lang='lat' dir='ltr'><strong>tis</strong></span> <span class='ocrx_word' id='word_1_174' title='bbox 2388 1103 2614 1158; x_wconf 84' lang='lat' dir='ltr'><strong>omnes?</strong></span> <span class='ocrx_word' id='word_1_175' title='bbox 2645 1103 2920 1158; x_wconf 87' lang='lat' dir='ltr'><strong>Privatum</strong></span> <span class='ocrx_word' id='word_1_176' title='bbox 2955 1104 3202 1159; x_wconf 87' lang='lat' dir='ltr'><strong>dolorem</strong></span> <span class='ocrx_word' id='word_1_177' title='bbox 3245 1107 3522 1159; x_wconf 89' lang='lat' dir='ltr'><strong>communi</strong></span> <span class='ocrx_word' id='word_1_178' title='bbox 3567 1105 3761 1160; x_wconf 88' lang='lat' dir='ltr'><strong>dolore</strong></span> <span class='ocrx_word' id='word_1_179' title='bbox 3815 1106 3913 1161; x_wconf 88' lang='lat' dir='ltr'><strong>di-</strong></span> 
     </span>
    </p>
   </div>
   <div class='ocr_carea' id='block_1_26' title="bbox 2289 1197 3911 1271">
    <p class='ocr_par' dir='ltr' id='par_1_26' title="bbox 2289 1197 3911 1271">
     <span class='ocr_line' id='line_1_26' title="bbox 2289 1197 3911 1271; baseline 0.002 -20"><span class='ocrx_word' id='word_1_180' title='bbox 2289 1197 2458 1266; x_wconf 82' lang='lat' dir='ltr'><strong>gessi,</strong></span> <span class='ocrx_word' id='word_1_181' title='bbox 2491 1199 2790 1263; x_wconf 73' lang='lat' dir='ltr'><strong>praasertim</strong></span> <span class='ocrx_word' id='word_1_182' title='bbox 2833 1213 2956 1253; x_wconf 91' lang='lat' dir='ltr'><strong>cum</strong></span> <span class='ocrx_word' id='word_1_183' title='bbox 3009 1213 3142 1254; x_wconf 72' lang='lat' dir='ltr'><strong>meae</strong></span> <span class='ocrx_word' id='word_1_184' title='bbox 3185 1199 3444 1271; x_wconf 67' lang='lat' dir='ltr'><strong>iacrymaa</strong></span> <span class='ocrx_word' id='word_1_185' title='bbox 3484 1197 3613 1254; x_wconf 89' lang='lat' dir='ltr'><strong>nihil</strong></span> <span class='ocrx_word' id='word_1_186' title='bbox 3665 1203 3911 1270; x_wconf 87' lang='lat' dir='ltr'><strong>prosint,</strong></span> 
     </span>
    </p>
   </div>
   <div class='ocr_carea' id='block_1_27' title="bbox 2294 1290 3907 1362">
    <p class='ocr_par' dir='ltr' id='par_1_27' title="bbox 2294 1290 3907 1362">
     <span class='ocr_line' id='line_1_27' title="bbox 2294 1290 3907 1362; baseline 0.005 -21"><span class='ocrx_word' id='word_1_187' title='bbox 2294 1297 2492 1344; x_wconf 67' lang='lat' dir='ltr'><strong>vestrm</strong></span> <span class='ocrx_word' id='word_1_188' title='bbox 2538 1299 2719 1344; x_wconf 88' lang='lat' dir='ltr'><strong>autem</strong></span> <span class='ocrx_word' id='word_1_189' title='bbox 2755 1290 3012 1362; x_wconf 73' lang='lat' dir='ltr'><strong>larryma:</strong></span> <span class='ocrx_word' id='word_1_190' title='bbox 3054 1291 3215 1347; x_wconf 87' lang='lat' dir='ltr'><strong>ﬂdem</strong></span> <span class='ocrx_word' id='word_1_191' title='bbox 3255 1300 3536 1359; x_wconf 88' lang='lat' dir='ltr'><strong>astruant,</strong></span> <span class='ocrx_word' id='word_1_192' title='bbox 3561 1294 3907 1348; x_wconf 82' lang='lat' dir='ltr'><strong>consolatio-</strong></span> 
     </span>
    </p>
   </div>
   <div class='ocr_carea' id='block_1_28' title="bbox 2296 1381 3914 1456">
    <p class='ocr_par' dir='ltr' id='par_1_28' title="bbox 2296 1381 3914 1456">
     <span class='ocr_line' id='line_1_28' title="bbox 2296 1381 3914 1456; baseline 0.003 -20"><span class='ocrx_word' id='word_1_193' title='bbox 2296 1398 2418 1437; x_wconf 90' lang='lat' dir='ltr'><strong>nem</strong></span> <span class='ocrx_word' id='word_1_194' title='bbox 2461 1381 2707 1437; x_wconf 73' lang='lat' dir='ltr'><strong>aﬂ‘erant.</strong></span> <span class='ocrx_word' id='word_1_195' title='bbox 2737 1383 2903 1438; x_wconf 86' lang='lat' dir='ltr'><strong>Fletis</strong></span> <span class='ocrx_word' id='word_1_196' title='bbox 2931 1384 3150 1451; x_wconf 85' lang='lat' dir='ltr'><strong>divites,</strong></span> <span class='ocrx_word' id='word_1_197' title='bbox 3179 1395 3234 1440; x_wconf 91' lang='lat' dir='ltr'><strong>et</strong></span> <span class='ocrx_word' id='word_1_198' title='bbox 3266 1384 3446 1440; x_wconf 91' lang='lat' dir='ltr'><strong>ﬂendo</strong></span> <span class='ocrx_word' id='word_1_199' title='bbox 3477 1387 3719 1456; x_wconf 85' lang='lat' dir='ltr'><strong>probatis</strong></span> <span class='ocrx_word' id='word_1_200' title='bbox 3770 1388 3914 1443; x_wconf 87' lang='lat' dir='ltr'><strong>nihil</strong></span> 
     </span>
    </p>
   </div>
   <div class='ocr_carea' id='block_1_29' title="bbox 2293 1475 3914 1548">
    <p class='ocr_par' dir='ltr' id='par_1_29' title="bbox 2293 1475 3914 1548">
     <span class='ocr_line' id='line_1_29' title="bbox 2293 1475 3914 1548; baseline 0.004 -22"><span class='ocrx_word' id='word_1_201' title='bbox 2293 1475 2543 1543; x_wconf 88' lang='lat' dir='ltr'><strong>opitulari</strong></span> <span class='ocrx_word' id='word_1_202' title='bbox 2598 1477 2870 1545; x_wconf 76' lang='lat' dir='ltr'><strong>repositas</strong></span> <span class='ocrx_word' id='word_1_203' title='bbox 2911 1475 3134 1530; x_wconf 87' lang='lat' dir='ltr'><strong>divitias</strong></span> <span class='ocrx_word' id='word_1_204' title='bbox 3164 1475 3231 1531; x_wconf 89' lang='lat' dir='ltr'><strong>ad</strong></span> <span class='ocrx_word' id='word_1_205' title='bbox 3275 1477 3540 1542; x_wconf 87' lang='lat' dir='ltr'><strong>salutem;</strong></span> <span class='ocrx_word' id='word_1_206' title='bbox 3581 1493 3702 1532; x_wconf 90' lang='lat' dir='ltr'><strong>eum</strong></span> <span class='ocrx_word' id='word_1_207' title='bbox 3735 1493 3914 1548; x_wconf 87' lang='lat' dir='ltr'><strong>pecu-</strong></span> 
     </span>
    </p>
   </div>
   <div class='ocr_carea' id='block_1_30' title="bbox 2293 1567 3911 1642">
    <p class='ocr_par' dir='ltr' id='par_1_30' title="bbox 2293 1567 3911 1642">
     <span class='ocr_line' id='line_1_30' title="bbox 2293 1567 3911 1642; baseline 0.004 -22"><span class='ocrx_word' id='word_1_208' title='bbox 2293 1568 2398 1622; x_wconf 70' lang='lat' dir='ltr'><strong>nia:</strong></span> <span class='ocrx_word' id='word_1_209' title='bbox 2426 1567 2603 1637; x_wconf 89' lang='lat' dir='ltr'><strong>pretio</strong></span> <span class='ocrx_word' id='word_1_210' title='bbox 2635 1583 2781 1623; x_wconf 91' lang='lat' dir='ltr'><strong>mors</strong></span> <span class='ocrx_word' id='word_1_211' title='bbox 2808 1567 3015 1624; x_wconf 84' lang='lat' dir='ltr'><strong>differri</strong></span> <span class='ocrx_word' id='word_1_212' title='bbox 3063 1585 3169 1625; x_wconf 89' lang='lat' dir='ltr'><strong>non</strong></span> <span class='ocrx_word' id='word_1_213' title='bbox 3203 1580 3388 1642; x_wconf 89' lang='lat' dir='ltr'><strong>queat,</strong></span> <span class='ocrx_word' id='word_1_214' title='bbox 3417 1580 3470 1626; x_wconf 88' lang='lat' dir='ltr'><strong>et</strong></span> <span class='ocrx_word' id='word_1_215' title='bbox 3500 1573 3611 1641; x_wconf 87' lang='lat' dir='ltr'><strong>pari</strong></span> <span class='ocrx_word' id='word_1_216' title='bbox 3641 1588 3738 1626; x_wconf 76' lang='lat' dir='ltr'><strong>usu</strong></span> <span class='ocrx_word' id='word_1_217' title='bbox 3765 1573 3911 1627; x_wconf 83' lang='lat' dir='ltr'><strong>divi-</strong></span> 
     </span>
    </p>
   </div>
   <div class='ocr_carea' id='block_1_31' title="bbox 2295 1660 3907 1734">
    <p class='ocr_par' dir='ltr' id='par_1_31' title="bbox 2295 1660 3907 1734">
     <span class='ocr_line' id='line_1_31' title="bbox 2295 1660 3907 1734; baseline 0.005 -21"><span class='ocrx_word' id='word_1_218' title='bbox 2295 1669 2424 1725; x_wconf 89' lang='lat' dir='ltr'><strong>tem,</strong></span> <span class='ocrx_word' id='word_1_219' title='bbox 2458 1660 2785 1730; x_wconf 86' lang='lat' dir='ltr'><strong>inopemque</strong></span> <span class='ocrx_word' id='word_1_220' title='bbox 2813 1663 2929 1717; x_wconf 90' lang='lat' dir='ltr'><strong>dies</strong></span> <span class='ocrx_word' id='word_1_221' title='bbox 2953 1678 3240 1733; x_wconf 82' lang='lat' dir='ltr'><strong>supremus</strong></span> <span class='ocrx_word' id='word_1_222' title='bbox 3265 1665 3480 1734; x_wconf 82' lang='lat' dir='ltr'><strong>eripiat.</strong></span> <span class='ocrx_word' id='word_1_223' title='bbox 3516 1664 3686 1721; x_wconf 83' lang='lat' dir='ltr'><strong>Fletis</strong></span> <span class='ocrx_word' id='word_1_224' title='bbox 3715 1680 3907 1731; x_wconf 88' lang='lat' dir='ltr'><strong>senes,</strong></span> 
     </span>
    </p>
   </div>
   <div class='ocr_carea' id='block_1_32' title="bbox 2294 1751 3910 1825">
    <p class='ocr_par' dir='ltr' id='par_1_32' title="bbox 2294 1751 3910 1825">
     <span class='ocr_line' id='line_1_32' title="bbox 2294 1751 3910 1825; baseline 0.004 -21"><span class='ocrx_word' id='word_1_225' title='bbox 2294 1751 2436 1821; x_wconf 90' lang='lat' dir='ltr'><strong>quod</strong></span> <span class='ocrx_word' id='word_1_226' title='bbox 2487 1753 2540 1805; x_wconf 93' lang='lat' dir='ltr'><strong>in</strong></span> <span class='ocrx_word' id='word_1_227' title='bbox 2602 1751 2705 1807; x_wconf 88' lang='lat' dir='ltr'><strong>hoc</strong></span> <span class='ocrx_word' id='word_1_228' title='bbox 2762 1753 3059 1810; x_wconf 91' lang='lat' dir='ltr'><strong>liberorum</strong></span> <span class='ocrx_word' id='word_1_229' title='bbox 3101 1753 3350 1810; x_wconf 78' lang='lat' dir='ltr'><strong>isortem</strong></span> <span class='ocrx_word' id='word_1_230' title='bbox 3406 1758 3646 1825; x_wconf 82' lang='lat' dir='ltr'><strong>pavetis;</strong></span> <span class='ocrx_word' id='word_1_231' title='bbox 3675 1768 3730 1812; x_wconf 89' lang='lat' dir='ltr'><strong>et</strong></span> <span class='ocrx_word' id='word_1_232' title='bbox 3779 1759 3910 1812; x_wconf 84' lang='lat' dir='ltr'><strong>ideo</strong></span> 
     </span>
    </p>
   </div>
   <div class='ocr_carea' id='block_1_33' title="bbox 587 1842 3912 1926">
    <p class='ocr_par' dir='ltr' id='par_1_33' title="bbox 587 1842 3912 1926">
     <span class='ocr_line' id='line_1_33' title="bbox 587 1842 3912 1926; baseline -0.003 -16"><span class='ocrx_word' id='word_1_233' title='bbox 587 1872 687 1926; x_wconf 92' lang='lat' dir='ltr'><strong>pro</strong></span> <span class='ocrx_word' id='word_1_234' title='bbox 712 1857 966 1910; x_wconf 89' lang='lat' dir='ltr'><strong>omnibus</strong></span> <span class='ocrx_word' id='word_1_235' title='bbox 989 1852 1286 1909; x_wconf 89' lang='lat' dir='ltr'><strong>secundum</strong></span> <span class='ocrx_word' id='word_1_236' title='bbox 1310 1866 1529 1905; x_wconf 89' lang='lat' dir='ltr'><strong>carnem</strong></span> <span class='ocrx_word' id='word_1_237' title='bbox 1545 1849 1799 1905; x_wconf 75' lang='lat' dir='ltr'><strong>Christus</strong></span> <span class='ocrx_word' id='word_1_238' title='bbox 1818 1858 1902 1904; x_wconf 90' lang='lat' dir='ltr'><strong>est</strong></span> <span class='ocrx_word' id='word_1_239' title='bbox 1918 1856 2183 1910; x_wconf 90' lang='lat' dir='ltr'><strong>mortuus,</strong></span> <span class='ocrx_word' id='word_1_240' title='bbox 2219 1850 2265 1908; x_wconf 88' lang='lat' dir='ltr'><strong>B</strong></span> <span class='ocrx_word' id='word_1_241' title='bbox 2294 1843 2416 1911; x_wconf 85' lang='lat' dir='ltr'><strong>quia</strong></span> <span class='ocrx_word' id='word_1_242' title='bbox 2441 1842 2606 1896; x_wconf 81' lang='lat' dir='ltr'><strong>vitam</strong></span> <span class='ocrx_word' id='word_1_243' title='bbox 2627 1845 2869 1914; x_wconf 88' lang='lat' dir='ltr'><strong>corporis</strong></span> <span class='ocrx_word' id='word_1_244' title='bbox 2894 1845 3194 1916; x_wconf 89' lang='lat' dir='ltr'><strong>producere</strong></span> <span class='ocrx_word' id='word_1_245' title='bbox 3219 1863 3323 1901; x_wconf 90' lang='lat' dir='ltr'><strong>non</strong></span> <span class='ocrx_word' id='word_1_246' title='bbox 3351 1849 3602 1917; x_wconf 86' lang='lat' dir='ltr'><strong>potestis,</strong></span> <span class='ocrx_word' id='word_1_247' title='bbox 3632 1849 3912 1906; x_wconf 79' lang='lat' dir='ltr'><strong>instituite</strong></span> 
     </span>
    </p>
   </div>
   <div class='ocr_carea' id='block_1_34' title="bbox 587 1939 2182 2014">
    <p class='ocr_par' dir='ltr' id='par_1_34' title="bbox 587 1939 2182 2014">
     <span class='ocr_line' id='line_1_34' title="bbox 587 1939 2182 2014; baseline -0.008 -9"><span class='ocrx_word' id='word_1_248' title='bbox 587 1963 644 2005; x_wconf 92' lang='lat' dir='ltr'><strong>ut</strong></span> <span class='ocrx_word' id='word_1_249' title='bbox 675 1966 774 2005; x_wconf 89' lang='lat' dir='ltr'><strong>nos</strong></span> <span class='ocrx_word' id='word_1_250' title='bbox 804 1965 911 2004; x_wconf 93' lang='lat' dir='ltr'><strong>non</strong></span> <span class='ocrx_word' id='word_1_251' title='bbox 953 1948 1090 2004; x_wconf 88' lang='lat' dir='ltr'><strong>solis</strong></span> <span class='ocrx_word' id='word_1_252' title='bbox 1128 1947 1286 2002; x_wconf 90' lang='lat' dir='ltr'><strong>nobis</strong></span> <span class='ocrx_word' id='word_1_253' title='bbox 1335 1947 1518 2001; x_wconf 89' lang='lat' dir='ltr'><strong>vivere</strong></span> <span class='ocrx_word' id='word_1_254' title='bbox 1563 1944 1899 2000; x_wconf 88' lang='lat' dir='ltr'><strong>disceremus</strong></span> <span class='ocrx_word' id='word_1_255' title='bbox 1943 1941 2021 2014; x_wconf 88' lang='lat' dir='ltr'><strong>(II</strong></span> <span class='ocrx_word' id='word_1_256' title='bbox 2063 1939 2182 1994; x_wconf 89' lang='lat' dir='ltr'><strong>Cor.</strong></span> 
     </span>
    </p>
   </div>
   <div class='ocr_carea' id='block_1_35' title="bbox 585 2043 786 2114">
    <p class='ocr_par' dir='ltr' id='par_1_35' title="bbox 585 2043 786 2114">
     <span class='ocr_line' id='line_1_35' title="bbox 585 2043 786 2114; baseline -0.01 -16"><span class='ocrx_word' id='word_1_257' title='bbox 585 2061 640 2112; x_wconf 90' lang='lat' dir='ltr'><strong>v,</strong></span> <span class='ocrx_word' id='word_1_258' title='bbox 674 2043 786 2114; x_wconf 82' lang='lat' dir='ltr'><strong>I5).</strong></span> 
     </span>
    </p>
   </div>
   <div class='ocr_carea' id='block_1_36' title="bbox 657 2130 2185 2204">
    <p class='ocr_par' dir='ltr' id='par_1_36' title="bbox 657 2130 2185 2204">
     <span class='ocr_line' id='line_1_36' title="bbox 657 2130 2185 2204; baseline -0.008 -13"><span class='ocrx_word' id='word_1_259' title='bbox 657 2139 712 2191; x_wconf 82' lang='grc'><strong>’5.</strong></span> <span class='ocrx_word' id='word_1_260' title='bbox 755 2136 976 2192; x_wconf 82' lang='lat' dir='ltr'><strong>Accedit</strong></span> <span class='ocrx_word' id='word_1_261' title='bbox 1009 2134 1143 2190; x_wconf 92' lang='lat' dir='ltr'><strong>illud</strong></span> <span class='ocrx_word' id='word_1_262' title='bbox 1185 2133 1329 2204; x_wconf 90' lang='lat' dir='ltr'><strong>quod</strong></span> <span class='ocrx_word' id='word_1_263' title='bbox 1361 2135 1605 2203; x_wconf 84' lang='lat' dir='ltr'><strong>ingratus</strong></span> <span class='ocrx_word' id='word_1_264' title='bbox 1633 2130 1900 2186; x_wconf 89' lang='lat' dir='ltr'><strong>divinitati</strong></span> <span class='ocrx_word' id='word_1_265' title='bbox 1930 2143 2052 2184; x_wconf 89' lang='lat' dir='ltr'><strong>esse</strong></span> <span class='ocrx_word' id='word_1_266' title='bbox 2078 2143 2185 2180; x_wconf 93' lang='lat' dir='ltr'><strong>non</strong></span> 
     </span>
    </p>
   </div>
   <div class='ocr_carea' id='block_1_37' title="bbox 590 2220 2189 2300">
    <p class='ocr_par' dir='ltr' id='par_1_37' title="bbox 590 2220 2189 2300">
     <span class='ocr_line' id='line_1_37' title="bbox 590 2220 2189 2300; baseline -0.007 -16"><span class='ocrx_word' id='word_1_267' title='bbox 590 2245 809 2300; x_wconf 89' lang='lat' dir='ltr'><strong>possum</strong></span> <span class='ocrx_word' id='word_1_268' title='bbox 849 2247 860 2281; x_wconf 90' lang='lat'>:</span> <span class='ocrx_word' id='word_1_269' title='bbox 897 2227 1190 2282; x_wconf 64' lang='lat' dir='ltr'><strong>laetandum</strong></span> <span class='ocrx_word' id='word_1_270' title='bbox 1219 2237 1302 2281; x_wconf 80' lang='lat' dir='ltr'><strong>est</strong></span> <span class='ocrx_word' id='word_1_271' title='bbox 1345 2227 1489 2279; x_wconf 90' lang='lat' dir='ltr'><strong>enim</strong></span> <span class='ocrx_word' id='word_1_272' title='bbox 1518 2225 1690 2296; x_wconf 89' lang='lat' dir='ltr'><strong>magis</strong></span> <span class='ocrx_word' id='word_1_273' title='bbox 1718 2222 1859 2292; x_wconf 90' lang='lat' dir='ltr'><strong>quod</strong></span> <span class='ocrx_word' id='word_1_274' title='bbox 1889 2222 2052 2275; x_wconf 81' lang='lat' dir='ltr'><strong>talem</strong></span> <span class='ocrx_word' id='word_1_275' title='bbox 2081 2220 2189 2274; x_wconf 87' lang='lat' dir='ltr'><strong>fra-</strong></span> 
     </span>
    </p>
   </div>
   <div class='ocr_carea' id='block_1_38' title="bbox 587 2313 2190 2389">
    <p class='ocr_par' dir='ltr' id='par_1_38' title="bbox 587 2313 2190 2389">
     <span class='ocr_line' id='line_1_38' title="bbox 587 2313 2190 2389; baseline -0.006 -14"><span class='ocrx_word' id='word_1_276' title='bbox 587 2332 722 2376; x_wconf 88' lang='lat' dir='ltr'><strong>trem</strong></span> <span class='ocrx_word' id='word_1_277' title='bbox 755 2319 1062 2385; x_wconf 87' lang='lat' dir='ltr'><strong>habuerim,</strong></span> <span class='ocrx_word' id='word_1_278' title='bbox 1093 2334 1256 2389; x_wconf 91' lang='lat' dir='ltr'><strong>quam</strong></span> <span class='ocrx_word' id='word_1_279' title='bbox 1301 2317 1590 2372; x_wconf 91' lang='lat' dir='ltr'><strong>dolendum</strong></span> <span class='ocrx_word' id='word_1_280' title='bbox 1624 2314 1771 2385; x_wconf 91' lang='lat' dir='ltr'><strong>quod</strong></span> <span class='ocrx_word' id='word_1_281' title='bbox 1800 2316 2022 2368; x_wconf 90' lang='lat' dir='ltr'><strong>fratrem</strong></span> <span class='ocrx_word' id='word_1_282' title='bbox 2053 2313 2190 2366; x_wconf 89' lang='lat' dir='ltr'><strong>ami-</strong></span> 
     </span>
    </p>
   </div>
   <div class='ocr_carea' id='block_1_39' title="bbox 584 2406 2187 2478">
    <p class='ocr_par' dir='ltr' id='par_1_39' title="bbox 584 2406 2187 2478">
     <span class='ocr_line' id='line_1_39' title="bbox 584 2406 2187 2478; baseline -0.006 -9"><span class='ocrx_word' id='word_1_283' title='bbox 584 2414 785 2478; x_wconf 90' lang='lat' dir='ltr'><strong>serim;</strong></span> <span class='ocrx_word' id='word_1_284' title='bbox 820 2412 950 2466; x_wconf 90' lang='lat' dir='ltr'><strong>illud</strong></span> <span class='ocrx_word' id='word_1_285' title='bbox 994 2411 1138 2466; x_wconf 90' lang='lat' dir='ltr'><strong>enim</strong></span> <span class='ocrx_word' id='word_1_286' title='bbox 1169 2425 1366 2466; x_wconf 89' lang='lat' dir='ltr'><strong>munus</strong></span> <span class='ocrx_word' id='word_1_287' title='bbox 1393 2451 1406 2474; x_wconf 96' lang='lat'><strong>,</strong></span> <span class='ocrx_word' id='word_1_288' title='bbox 1457 2410 1560 2464; x_wconf 92' lang='lat' dir='ltr'><strong>hoc</strong></span> <span class='ocrx_word' id='word_1_289' title='bbox 1585 2408 1828 2463; x_wconf 89' lang='lat' dir='ltr'><strong>debitum</strong></span> <span class='ocrx_word' id='word_1_290' title='bbox 1859 2415 1963 2461; x_wconf 91' lang='lat' dir='ltr'><strong>est.</strong></span> <span class='ocrx_word' id='word_1_291' title='bbox 2005 2406 2187 2475; x_wconf 91' lang='lat' dir='ltr'><strong>Itaque</strong></span> 
     </span>
    </p>
   </div>
   <div class='ocr_carea' id='block_1_40' title="bbox 584 2498 2189 2574">
    <p class='ocr_par' dir='ltr' id='par_1_40' title="bbox 584 2498 2189 2574">
     <span class='ocr_line' id='line_1_40' title="bbox 584 2498 2189 2574; baseline -0.006 -14"><span class='ocrx_word' id='word_1_292' title='bbox 584 2505 610 2542; x_wconf 71' lang='grc' dir='ltr'><strong>ιι</strong></span> <span class='ocrx_word' id='word_1_293' title='bbox 641 2505 958 2574; x_wconf 89' lang='lat' dir='ltr'><strong>perfunctus</strong></span> <span class='ocrx_word' id='word_1_294' title='bbox 987 2521 1126 2567; x_wconf 85' lang='lat' dir='ltr'><strong>sum,</strong></span> <span class='ocrx_word' id='word_1_295' title='bbox 1159 2503 1422 2574; x_wconf 89' lang='lat' dir='ltr'><strong>quamdiu</strong></span> <span class='ocrx_word' id='word_1_296' title='bbox 1453 2502 1628 2567; x_wconf 90' lang='lat' dir='ltr'><strong>licuit,</strong></span> <span class='ocrx_word' id='word_1_297' title='bbox 1660 2498 1874 2573; x_wconf 61' lang='grc' dir='ltr'><strong>ιιιῆ,</strong></span> <span class='ocrx_word' id='word_1_298' title='bbox 1893 2499 2189 2554; x_wconf 85' lang='lat' dir='ltr'><strong>commisso</strong></span> 
     </span>
    </p>
   </div>
   <div class='ocr_carea' id='block_1_41' title="bbox 585 2588 2186 2664">
    <p class='ocr_par' dir='ltr' id='par_1_41' title="bbox 585 2588 2186 2664">
     <span class='ocr_line' id='line_1_41' title="bbox 585 2588 2186 2664; baseline -0.007 -11"><span class='ocrx_word' id='word_1_299' title='bbox 585 2598 720 2653; x_wconf 89' lang='lat' dir='ltr'><strong>mihi</strong></span> <span class='ocrx_word' id='word_1_300' title='bbox 772 2595 961 2652; x_wconf 87' lang='lat' dir='ltr'><strong>fenore</strong></span> <span class='ocrx_word' id='word_1_301' title='bbox 1005 2613 1019 2650; x_wconf 92' lang='lat'><strong>:</strong></span> <span class='ocrx_word' id='word_1_302' title='bbox 1064 2595 1154 2664; x_wconf 89' lang='lat' dir='ltr'><strong>qui</strong></span> <span class='ocrx_word' id='word_1_303' title='bbox 1206 2594 1458 2664; x_wconf 80' lang='lat' dir='ltr'><strong>deposuit</strong></span> <span class='ocrx_word' id='word_1_304' title='bbox 1504 2594 1734 2663; x_wconf 85' lang='lat' dir='ltr'><strong>pignus,</strong></span> <span class='ocrx_word' id='word_1_305' title='bbox 1770 2591 1996 2659; x_wconf 88' lang='lat' dir='ltr'><strong>recepit.</strong></span> <span class='ocrx_word' id='word_1_306' title='bbox 2040 2588 2186 2642; x_wconf 84' lang='lat' dir='ltr'><strong>Nihil</strong></span> 
     </span>
    </p>
   </div>
   <div class='ocr_carea' id='block_1_42' title="bbox 584 2682 2190 2758">
    <p class='ocr_par' dir='ltr' id='par_1_42' title="bbox 584 2682 2190 2758">
     <span class='ocr_line' id='line_1_42' title="bbox 584 2682 2190 2758; baseline -0.006 -14"><span class='ocrx_word' id='word_1_307' title='bbox 584 2691 814 2744; x_wconf 90' lang='lat' dir='ltr'><strong>interest</strong></span> <span class='ocrx_word' id='word_1_308' title='bbox 860 2697 1038 2743; x_wconf 84' lang='lat' dir='ltr'><strong>utrum</strong></span> <span class='ocrx_word' id='word_1_309' title='bbox 1082 2689 1304 2756; x_wconf 88' lang='lat' dir='ltr'><strong>abjures</strong></span> <span class='ocrx_word' id='word_1_310' title='bbox 1340 2686 1672 2758; x_wconf 89' lang='lat' dir='ltr'><strong>depositum,</strong></span> <span class='ocrx_word' id='word_1_311' title='bbox 1700 2700 1770 2739; x_wconf 88' lang='lat' dir='ltr'><strong>an</strong></span> <span class='ocrx_word' id='word_1_312' title='bbox 1795 2683 1984 2738; x_wconf 88' lang='lat' dir='ltr'><strong>doleas</strong></span> <span class='ocrx_word' id='word_1_313' title='bbox 2032 2682 2190 2738; x_wconf 91' lang='lat' dir='ltr'><strong>resti-</strong></span> 
     </span>
    </p>
   </div>
   <div class='ocr_carea' id='block_1_43' title="bbox 584 2777 2188 2854">
    <p class='ocr_par' dir='ltr' id='par_1_43' title="bbox 584 2777 2188 2854">
     <span class='ocr_line' id='line_1_43' title="bbox 584 2777 2188 2854; baseline -0.006 -14"><span class='ocrx_word' id='word_1_314' title='bbox 584 2793 780 2840; x_wconf 89' lang='lat' dir='ltr'><strong>tutum.</strong></span> <span class='ocrx_word' id='word_1_315' title='bbox 810 2784 869 2839; x_wconf 92' lang='lat' dir='ltr'><strong>In</strong></span> <span class='ocrx_word' id='word_1_316' title='bbox 898 2794 1128 2854; x_wconf 87' lang='lat' dir='ltr'><strong>utroque</strong></span> <span class='ocrx_word' id='word_1_317' title='bbox 1162 2782 1285 2837; x_wconf 87' lang='lat' dir='ltr'><strong>Iidei</strong></span> <span class='ocrx_word' id='word_1_318' title='bbox 1318 2782 1652 2852; x_wconf 84' lang='lat' dir='ltr'><strong>ambiguum,</strong></span> <span class='ocrx_word' id='word_1_319' title='bbox 1682 2790 1705 2817; x_wconf 76' lang='grc' dir='ltr'>θ</span> <span class='ocrx_word' id='word_1_320' title='bbox 1731 2780 1854 2833; x_wconf 71' lang='lat' dir='ltr'><strong>vita:</strong></span> <span class='ocrx_word' id='word_1_321' title='bbox 1887 2777 2188 2848; x_wconf 90' lang='lat' dir='ltr'><strong>periculum</strong></span> 
     </span>
    </p>
   </div>
   <div class='ocr_carea' id='block_1_44' title="bbox 584 2868 2187 2946">
    <p class='ocr_par' dir='ltr' id='par_1_44' title="bbox 584 2868 2187 2946">
     <span class='ocr_line' id='line_1_44' title="bbox 584 2868 2187 2946; baseline -0.007 -13"><span class='ocrx_word' id='word_1_322' title='bbox 584 2887 689 2934; x_wconf 88' lang='lat' dir='ltr'><strong>est.</strong></span> <span class='ocrx_word' id='word_1_323' title='bbox 721 2879 803 2932; x_wconf 85' lang='lat' dir='ltr'><strong>An</strong></span> <span class='ocrx_word' id='word_1_324' title='bbox 851 2876 897 2930; x_wconf 88' lang='lat' dir='ltr'><strong>si</strong></span> <span class='ocrx_word' id='word_1_325' title='bbox 951 2875 1235 2946; x_wconf 87' lang='lat' dir='ltr'><strong>pecuniam</strong></span> <span class='ocrx_word' id='word_1_326' title='bbox 1284 2887 1468 2944; x_wconf 83' lang='lat' dir='ltr'><strong>neges,</strong></span> <span class='ocrx_word' id='word_1_327' title='bbox 1498 2873 1657 2942; x_wconf 90' lang='lat' dir='ltr'><strong>culpa</strong></span> <span class='ocrx_word' id='word_1_328' title='bbox 1705 2880 1790 2926; x_wconf 90' lang='lat' dir='ltr'><strong>est</strong></span> <span class='ocrx_word' id='word_1_329' title='bbox 1830 2888 1842 2924; x_wconf 92' lang='lat'>:</span> <span class='ocrx_word' id='word_1_330' title='bbox 1878 2870 1926 2924; x_wconf 89' lang='lat' dir='ltr'><strong>si</strong></span> <span class='ocrx_word' id='word_1_331' title='bbox 1956 2868 2187 2924; x_wconf 89' lang='lat' dir='ltr'><strong>hostiam</strong></span> 
     </span>
    </p>
   </div>
   <div class='ocr_carea' id='block_1_45' title="bbox 586 2961 2189 3042">
    <p class='ocr_par' dir='ltr' id='par_1_45' title="bbox 586 2961 2189 3042">
     <span class='ocr_line' id='line_1_45' title="bbox 586 2961 2189 3042; baseline -0.007 -15"><span class='ocrx_word' id='word_1_332' title='bbox 586 2987 774 3042; x_wconf 74' lang='lat' dir='ltr'><strong>neges,</strong></span> <span class='ocrx_word' id='word_1_333' title='bbox 806 2969 822 3008; x_wconf 75' lang='grc' dir='ltr'><strong>ί</strong></span> <span class='ocrx_word' id='word_1_334' title='bbox 859 2971 1033 3040; x_wconf 87' lang='lat' dir='ltr'><strong>pictas</strong></span> <span class='ocrx_word' id='word_1_335' title='bbox 1081 2971 1199 3024; x_wconf 79' lang='lat' dir='ltr'><strong>est?</strong></span> <span class='ocrx_word' id='word_1_336' title='bbox 1242 2982 1366 3023; x_wconf 92' lang='lat' dir='ltr'><strong>cum</strong></span> <span class='ocrx_word' id='word_1_337' title='bbox 1415 2965 1660 3035; x_wconf 65' lang='lat' dir='ltr'><strong>pecuniae</strong></span> <span class='ocrx_word' id='word_1_338' title='bbox 1705 2963 1986 3019; x_wconf 87' lang='lat' dir='ltr'><strong>fenerator</strong></span> <span class='ocrx_word' id='word_1_339' title='bbox 2033 2961 2189 3016; x_wconf 92' lang='lat' dir='ltr'><strong>illudi</strong></span> 
     </span>
    </p>
   </div>
   <div class='ocr_carea' id='block_1_46' title="bbox 555 3053 2191 3133">
    <p class='ocr_par' dir='ltr' id='par_1_46' title="bbox 555 3053 2191 3133">
     <span class='ocr_line' id='line_1_46' title="bbox 555 3053 2191 3133; baseline -0.005 -16"><span class='ocrx_word' id='word_1_340' title='bbox 555 3065 798 3133; x_wconf 85' lang='lat' dir='ltr'><strong>&#39;possit,</strong></span> <span class='ocrx_word' id='word_1_341' title='bbox 844 3073 1051 3117; x_wconf 78' lang='lat' dir='ltr'><strong>naturae</strong></span> <span class='ocrx_word' id='word_1_342' title='bbox 1104 3068 1332 3125; x_wconf 87' lang='lat' dir='ltr'><strong>auctor,</strong></span> <span class='ocrx_word' id='word_1_343' title='bbox 1382 3067 1439 3113; x_wconf 85' lang='lat' dir='ltr'><strong>et</strong></span> <span class='ocrx_word' id='word_1_344' title='bbox 1488 3055 1907 3113; x_wconf 89' lang='lat' dir='ltr'><strong>necessitudinis</strong></span> <span class='ocrx_word' id='word_1_345' title='bbox 1951 3053 2191 3109; x_wconf 89' lang='lat' dir='ltr'><strong>creditor</strong></span> 
     </span>
    </p>
   </div>
   <div class='ocr_carea' id='block_1_47' title="bbox 579 3149 2192 3224">
    <p class='ocr_par' dir='ltr' id='par_1_47' title="bbox 579 3149 2192 3224">
     <span class='ocr_line' id='line_1_47' title="bbox 579 3149 2192 3224; baseline -0.004 -14"><span class='ocrx_word' id='word_1_346' title='bbox 579 3156 825 3211; x_wconf 86' lang='lat' dir='ltr'><strong>fraudari</strong></span> <span class='ocrx_word' id='word_1_347' title='bbox 873 3171 980 3209; x_wconf 90' lang='lat' dir='ltr'><strong>non</strong></span> <span class='ocrx_word' id='word_1_348' title='bbox 1027 3163 1212 3224; x_wconf 88' lang='lat' dir='ltr'><strong>queat.</strong></span> <span class='ocrx_word' id='word_1_349' title='bbox 1262 3152 1448 3219; x_wconf 78' lang='lat' dir='ltr'><strong>Itaque</strong></span> <span class='ocrx_word' id='word_1_350' title='bbox 1491 3158 1697 3221; x_wconf 90' lang='lat' dir='ltr'><strong>quanto</strong></span> <span class='ocrx_word' id='word_1_351' title='bbox 1734 3149 1956 3205; x_wconf 90' lang='lat' dir='ltr'><strong>uberior</strong></span> <span class='ocrx_word' id='word_1_352' title='bbox 1986 3149 2192 3204; x_wconf 88' lang='lat' dir='ltr'><strong>fenoris</strong></span> 
     </span>
    </p>
   </div>
   <div class='ocr_carea' id='block_1_48' title="bbox 586 3245 1639 3316">
    <p class='ocr_par' dir='ltr' id='par_1_48' title="bbox 586 3245 1639 3316">
     <span class='ocr_line' id='line_1_48' title="bbox 586 3245 1639 3316; baseline -0.005 -14"><span class='ocrx_word' id='word_1_353' title='bbox 586 3264 820 3312; x_wconf 87' lang='lat' dir='ltr'><strong>summa,</strong></span> <span class='ocrx_word' id='word_1_354' title='bbox 851 3255 1002 3301; x_wconf 92' lang='lat' dir='ltr'><strong>tanto</strong></span> <span class='ocrx_word' id='word_1_355' title='bbox 1033 3247 1240 3316; x_wconf 82' lang='lat' dir='ltr'><strong>gratior</strong></span> <span class='ocrx_word' id='word_1_356' title='bbox 1267 3245 1429 3298; x_wconf 88' lang='lat' dir='ltr'><strong>sortis</strong></span> <span class='ocrx_word' id='word_1_357' title='bbox 1457 3259 1639 3298; x_wconf 89' lang='lat' dir='ltr'><strong>usura.</strong></span> 
     </span>
    </p>
   </div>
   <div class='ocr_carea' id='block_1_49' title="bbox 657 3337 2186 3410">
    <p class='ocr_par' dir='ltr' id='par_1_49' title="bbox 657 3337 2186 3410">
     <span class='ocr_line' id='line_1_49' title="bbox 657 3337 2186 3410; baseline -0.004 -14"><span class='ocrx_word' id='word_1_358' title='bbox 657 3345 710 3396; x_wconf 76' lang='grc'><strong>4.</strong></span> <span class='ocrx_word' id='word_1_359' title='bbox 756 3340 910 3397; x_wconf 88' lang='lat' dir='ltr'><strong>Unde</strong></span> <span class='ocrx_word' id='word_1_360' title='bbox 956 3339 1152 3408; x_wconf 77' lang='lat' dir='ltr'><strong>ingrati</strong></span> <span class='ocrx_word' id='word_1_361' title='bbox 1199 3338 1266 3392; x_wconf 89' lang='lat' dir='ltr'><strong>de</strong></span> <span class='ocrx_word' id='word_1_362' title='bbox 1296 3349 1319 3381; x_wconf 71' lang='grc' dir='ltr'><strong>ίε</strong></span> <span class='ocrx_word' id='word_1_363' title='bbox 1353 3337 1517 3392; x_wconf 79' lang='lat' dir='ltr'><strong>fratre</strong></span> <span class='ocrx_word' id='word_1_364' title='bbox 1547 3354 1668 3392; x_wconf 57' lang='lat' dir='ltr'><strong>esse</strong></span> <span class='ocrx_word' id='word_1_365' title='bbox 1702 3353 1808 3390; x_wconf 91' lang='lat' dir='ltr'><strong>non</strong></span> <span class='ocrx_word' id='word_1_366' title='bbox 1860 3351 2186 3410; x_wconf 65' lang='lat' dir='ltr'><strong>possumus;</strong></span> 
     </span>
    </p>
   </div>
   <div class='ocr_carea' id='block_1_50' title="bbox 585 3427 2188 3503">
    <p class='ocr_par' dir='ltr' id='par_1_50' title="bbox 585 3427 2188 3503">
     <span class='ocr_line' id='line_1_50' title="bbox 585 3427 2188 3503; baseline -0.003 -15"><span class='ocrx_word' id='word_1_367' title='bbox 585 3434 709 3503; x_wconf 84' lang='lat' dir='ltr'><strong>quia</strong></span> <span class='ocrx_word' id='word_1_368' title='bbox 753 3430 899 3502; x_wconf 91' lang='lat' dir='ltr'><strong>quod</strong></span> <span class='ocrx_word' id='word_1_369' title='bbox 947 3439 1155 3485; x_wconf 77' lang='lat' dir='ltr'><strong>naturae</strong></span> <span class='ocrx_word' id='word_1_370' title='bbox 1203 3429 1507 3485; x_wconf 85' lang='lat' dir='ltr'><strong>communis</strong></span> <span class='ocrx_word' id='word_1_371' title='bbox 1561 3427 1676 3494; x_wconf 86' lang='lat' dir='ltr'><strong>fuit,</strong></span> <span class='ocrx_word' id='word_1_372' title='bbox 1728 3427 1963 3483; x_wconf 87' lang='lat' dir='ltr'><strong>reddidit</strong></span> <span class='ocrx_word' id='word_1_373' title='bbox 1998 3446 2011 3481; x_wconf 90' lang='lat'>:</span> <span class='ocrx_word' id='word_1_374' title='bbox 2046 3427 2188 3497; x_wconf 91' lang='lat' dir='ltr'><strong>quod</strong></span> 
     </span>
    </p>
   </div>
   <div class='ocr_carea' id='block_1_51' title="bbox 587 3519 2187 3595">
    <p class='ocr_par' dir='ltr' id='par_1_51' title="bbox 587 3519 2187 3595">
     <span class='ocr_line' id='line_1_51' title="bbox 587 3519 2187 3595; baseline -0.004 -15"><span class='ocrx_word' id='word_1_375' title='bbox 587 3525 777 3595; x_wconf 78' lang='lat' dir='ltr'><strong>gratia:</strong></span> <span class='ocrx_word' id='word_1_376' title='bbox 806 3524 1097 3594; x_wconf 85' lang='lat' dir='ltr'><strong>singularis</strong></span> <span class='ocrx_word' id='word_1_377' title='bbox 1122 3532 1231 3588; x_wconf 90' lang='lat' dir='ltr'><strong>est,</strong></span> <span class='ocrx_word' id='word_1_378' title='bbox 1257 3522 1475 3576; x_wconf 85' lang='lat' dir='ltr'><strong>meruit.</strong></span> <span class='ocrx_word' id='word_1_379' title='bbox 1511 3520 1642 3588; x_wconf 86' lang='lat' dir='ltr'><strong>Quis</strong></span> <span class='ocrx_word' id='word_1_380' title='bbox 1673 3519 1816 3574; x_wconf 89' lang='lat' dir='ltr'><strong>enim</strong></span> <span class='ocrx_word' id='word_1_381' title='bbox 1843 3535 2187 3576; x_wconf 87' lang='lat' dir='ltr'><strong>communem</strong></span> 
     </span>
    </p>
   </div>
   <div class='ocr_carea' id='block_1_52' title="bbox 587 3613 2188 3685">
    <p class='ocr_par' dir='ltr' id='par_1_52' title="bbox 587 3613 2188 3685">
     <span class='ocr_line' id='line_1_52' title="bbox 587 3613 2188 3685; baseline -0.001 -14"><span class='ocrx_word' id='word_1_382' title='bbox 587 3617 956 3673; x_wconf 88' lang='lat' dir='ltr'><strong>conditionem</strong></span> <span class='ocrx_word' id='word_1_383' title='bbox 1010 3614 1276 3670; x_wconf 88' lang='lat' dir='ltr'><strong>recuset?</strong></span> <span class='ocrx_word' id='word_1_384' title='bbox 1332 3615 1463 3682; x_wconf 85' lang='lat' dir='ltr'><strong>Quis</strong></span> <span class='ocrx_word' id='word_1_385' title='bbox 1525 3613 1710 3669; x_wconf 88' lang='lat' dir='ltr'><strong>doleat</strong></span> <span class='ocrx_word' id='word_1_386' title='bbox 1755 3614 1858 3668; x_wconf 86' lang='lat' dir='ltr'><strong>sibi</strong></span> <span class='ocrx_word' id='word_1_387' title='bbox 1909 3616 2188 3685; x_wconf 90' lang='lat' dir='ltr'><strong>proprium</strong></span> 
     </span>
    </p>
   </div>
   <div class='ocr_carea' id='block_1_53' title="bbox 582 3707 2188 3781">
    <p class='ocr_par' dir='ltr' id='par_1_53' title="bbox 582 3707 2188 3781">
     <span class='ocr_line' id='line_1_53' title="bbox 582 3707 2188 3781; baseline -0.001 -16"><span class='ocrx_word' id='word_1_388' title='bbox 582 3711 782 3781; x_wconf 85' lang='lat' dir='ltr'><strong>pignus</strong></span> <span class='ocrx_word' id='word_1_389' title='bbox 803 3718 1071 3779; x_wconf 86' lang='lat' dir='ltr'><strong>ereptum.</strong></span> <span class='ocrx_word' id='word_1_390' title='bbox 1099 3725 1221 3764; x_wconf 90' lang='lat' dir='ltr'><strong>cum</strong></span> <span class='ocrx_word' id='word_1_391' title='bbox 1245 3709 1312 3762; x_wconf 92' lang='lat' dir='ltr'><strong>ad</strong></span> <span class='ocrx_word' id='word_1_392' title='bbox 1335 3708 1594 3762; x_wconf 86' lang='lat' dir='ltr'><strong>solatium</strong></span> <span class='ocrx_word' id='word_1_393' title='bbox 1622 3709 1792 3763; x_wconf 92' lang='lat' dir='ltr'><strong>nostri</strong></span> <span class='ocrx_word' id='word_1_394' title='bbox 1815 3707 2015 3763; x_wconf 87' lang='lat' dir='ltr'><strong>Filium</strong></span> <span class='ocrx_word' id='word_1_395' title='bbox 2032 3724 2188 3764; x_wconf 91' lang='lat' dir='ltr'><strong>suum</strong></span> 
     </span>
    </p>
   </div>
   <div class='ocr_carea' id='block_1_54' title="bbox 589 3801 2186 3874">
    <p class='ocr_par' dir='ltr' id='par_1_54' title="bbox 589 3801 2186 3874">
     <span class='ocr_line' id='line_1_54' title="bbox 589 3801 2186 3874; baseline -0.001 -17"><span class='ocrx_word' id='word_1_396' title='bbox 589 3806 806 3857; x_wconf 90' lang='lat' dir='ltr'><strong>unicum</strong></span> <span class='ocrx_word' id='word_1_397' title='bbox 834 3818 930 3871; x_wconf 89' lang='lat' dir='ltr'><strong>pro</strong></span> <span class='ocrx_word' id='word_1_398' title='bbox 963 3802 1119 3857; x_wconf 87' lang='lat' dir='ltr'><strong>nobis</strong></span> <span class='ocrx_word' id='word_1_399' title='bbox 1143 3802 1304 3855; x_wconf 77' lang='lat' dir='ltr'><strong>I’atcr</strong></span> <span class='ocrx_word' id='word_1_400' title='bbox 1338 3801 1626 3855; x_wconf 85' lang='lat' dir='ltr'><strong>tradiderit</strong></span> <span class='ocrx_word' id='word_1_401' title='bbox 1651 3801 1715 3855; x_wconf 84' lang='lat' dir='ltr'><strong>ad</strong></span> <span class='ocrx_word' id='word_1_402' title='bbox 1747 3813 1976 3857; x_wconf 88' lang='lat' dir='ltr'><strong>mortem</strong></span> <span class='ocrx_word' id='word_1_403' title='bbox 2011 3802 2186 3874; x_wconf 80' lang='lat' dir='ltr'><strong>(Rom.</strong></span> 
     </span>
    </p>
   </div>
   <div class='ocr_carea' id='block_1_55' title="bbox 588 3893 2191 3965">
    <p class='ocr_par' dir='ltr' id='par_1_55' title="bbox 588 3893 2191 3965">
     <span class='ocr_line' id='line_1_55' title="bbox 588 3893 2191 3965; baseline -0.001 -17"><span class='ocrx_word' id='word_1_404' title='bbox 588 3912 720 3961; x_wconf 87' lang='lat' dir='ltr'><strong>vtu,</strong></span> <span class='ocrx_word' id='word_1_405' title='bbox 767 3894 900 3965; x_wconf 58' lang='grc' dir='ltr'><strong>δεμ</strong></span> <span class='ocrx_word' id='word_1_406' title='bbox 937 3893 1069 3962; x_wconf 92' lang='lat' dir='ltr'><strong>Quis</strong></span> <span class='ocrx_word' id='word_1_407' title='bbox 1110 3904 1395 3962; x_wconf 77' lang='lat' dir='ltr'><strong>exceptum</strong></span> <span class='ocrx_word' id='word_1_408' title='bbox 1450 3908 1509 3948; x_wconf 84' lang='lat' dir='ltr'><strong>se</strong></span> <span class='ocrx_word' id='word_1_409' title='bbox 1558 3902 1709 3962; x_wconf 84' lang='lat' dir='ltr'><strong>putet</strong></span> <span class='ocrx_word' id='word_1_410' title='bbox 1757 3908 1880 3949; x_wconf 80' lang='lat' dir='ltr'><strong>esse</strong></span> <span class='ocrx_word' id='word_1_411' title='bbox 1928 3894 2130 3950; x_wconf 88' lang='lat' dir='ltr'><strong>debere</strong></span> <span class='ocrx_word' id='word_1_412' title='bbox 2161 3909 2191 3947; x_wconf 86' lang='lat' dir='ltr'><strong>a</strong></span> 
     </span>
    </p>
   </div>
   <div class='ocr_carea' id='block_1_56' title="bbox 588 3986 2190 4057">
    <p class='ocr_par' dir='ltr' id='par_1_56' title="bbox 588 3986 2190 4057">
     <span class='ocr_line' id='line_1_56' title="bbox 588 3986 2190 4057; baseline -0.002 -13"><span class='ocrx_word' id='word_1_413' title='bbox 588 3989 904 4044; x_wconf 88' lang='lat' dir='ltr'><strong>c0uditione</strong></span> <span class='ocrx_word' id='word_1_414' title='bbox 935 3987 1203 4043; x_wconf 87' lang='lat' dir='ltr'><strong>moriendi</strong></span> <span class='ocrx_word' id='word_1_415' title='bbox 1232 4028 1245 4052; x_wconf 91' lang='lat'><strong>,</strong></span> <span class='ocrx_word' id='word_1_416' title='bbox 1279 3987 1369 4057; x_wconf 90' lang='lat' dir='ltr'><strong>qui</strong></span> <span class='ocrx_word' id='word_1_417' title='bbox 1415 4001 1520 4039; x_wconf 89' lang='lat' dir='ltr'><strong>non</strong></span> <span class='ocrx_word' id='word_1_418' title='bbox 1553 3986 1622 4042; x_wconf 90' lang='lat' dir='ltr'><strong>sit</strong></span> <span class='ocrx_word' id='word_1_419' title='bbox 1653 3994 1913 4056; x_wconf 82' lang='lat' dir='ltr'><strong>exceptus</strong></span> <span class='ocrx_word' id='word_1_420' title='bbox 1941 4001 1969 4040; x_wconf 87' lang='lat' dir='ltr'><strong>a</strong></span> <span class='ocrx_word' id='word_1_421' title='bbox 2002 3987 2190 4043; x_wconf 84' lang='lat' dir='ltr'><strong>condi-</strong></span> 
     </span>
    </p>
   </div>
   <div class='ocr_carea' id='block_1_57' title="bbox 588 4080 2193 4150">
    <p class='ocr_par' dir='ltr' id='par_1_57' title="bbox 588 4080 2193 4150">
     <span class='ocr_line' id='line_1_57' title="bbox 588 4080 2193 4150; baseline -0.001 -13"><span class='ocrx_word' id='word_1_422' title='bbox 588 4087 735 4139; x_wconf 87' lang='lat' dir='ltr'><strong>tione</strong></span> <span class='ocrx_word' id='word_1_423' title='bbox 789 4082 1088 4138; x_wconf 84' lang='lat' dir='ltr'><strong>nascendi?</strong></span> <span class='ocrx_word' id='word_1_424' title='bbox 1135 4082 1384 4150; x_wconf 80' lang='lat' dir='ltr'><strong>Magnum</strong></span> <span class='ocrx_word' id='word_1_425' title='bbox 1451 4080 1668 4149; x_wconf 88' lang='lat' dir='ltr'><strong>pietatis</strong></span> <span class='ocrx_word' id='word_1_426' title='bbox 1728 4081 2088 4150; x_wconf 85' lang='lat' dir='ltr'><strong>mysterium,</strong></span> <span class='ocrx_word' id='word_1_427' title='bbox 2135 4090 2193 4135; x_wconf 94' lang='lat' dir='ltr'><strong>ut</strong></span> 
     </span>
    </p>
   </div>
   <div class='ocr_carea' id='block_1_58' title="bbox 590 4171 2193 4246">
    <p class='ocr_par' dir='ltr' id='par_1_58' title="bbox 590 4171 2193 4246">
     <span class='ocr_line' id='line_1_58' title="bbox 590 4171 2193 4246; baseline -0.001 -16"><span class='ocrx_word' id='word_1_428' title='bbox 590 4193 738 4231; x_wconf 88' lang='lat' dir='ltr'><strong>mors</strong></span> <span class='ocrx_word' id='word_1_429' title='bbox 771 4175 1020 4246; x_wconf 91' lang='lat' dir='ltr'><strong>corporis</strong></span> <span class='ocrx_word' id='word_1_430' title='bbox 1052 4189 1152 4229; x_wconf 88' lang='lat' dir='ltr'><strong>nec</strong></span> <span class='ocrx_word' id='word_1_431' title='bbox 1183 4173 1234 4228; x_wconf 94' lang='lat' dir='ltr'><strong>in</strong></span> <span class='ocrx_word' id='word_1_432' title='bbox 1266 4171 1486 4227; x_wconf 88' lang='lat' dir='ltr'><strong>Christo</strong></span> <span class='ocrx_word' id='word_1_433' title='bbox 1511 4181 1657 4227; x_wconf 87' lang='lat' dir='ltr'><strong>esset</strong></span> <span class='ocrx_word' id='word_1_434' title='bbox 1683 4184 1943 4242; x_wconf 80' lang='lat' dir='ltr'><strong>excepta;</strong></span> <span class='ocrx_word' id='word_1_435' title='bbox 1973 4188 2036 4230; x_wconf 88' lang='lat' dir='ltr'><strong>ac</strong></span> <span class='ocrx_word' id='word_1_436' title='bbox 2065 4173 2193 4229; x_wconf 89' lang='lat' dir='ltr'><strong>licet</strong></span> 
     </span>
    </p>
   </div>
   <div class='ocr_carea' id='block_1_59' title="bbox 587 4267 2191 4334">
    <p class='ocr_par' dir='ltr' id='par_1_59' title="bbox 587 4267 2191 4334">
     <span class='ocr_line' id='line_1_59' title="bbox 587 4267 2191 4334; baseline -0.004 -8"><span class='ocrx_word' id='word_1_437' title='bbox 587 4279 796 4326; x_wconf 75' lang='lat' dir='ltr'><strong>natura:</strong></span> <span class='ocrx_word' id='word_1_438' title='bbox 827 4270 1109 4331; x_wconf 89' lang='lat' dir='ltr'><strong>Dominus,</strong></span> <span class='ocrx_word' id='word_1_439' title='bbox 1140 4267 1318 4321; x_wconf 86' lang='lat' dir='ltr'><strong>carnis</strong></span> <span class='ocrx_word' id='word_1_440' title='bbox 1345 4275 1524 4320; x_wconf 89' lang='lat' dir='ltr'><strong>tamen</strong></span> <span class='ocrx_word' id='word_1_441' title='bbox 1558 4281 1718 4334; x_wconf 83' lang='lat' dir='ltr'><strong>quam</strong></span> <span class='ocrx_word' id='word_1_442' title='bbox 1748 4275 2084 4334; x_wconf 88' lang='lat' dir='ltr'><strong>susceperat,</strong></span> <span class='ocrx_word' id='word_1_443' title='bbox 2117 4267 2191 4320; x_wconf 85' lang='lat' dir='ltr'><strong>le-</strong></span> 
     </span>
    </p>
   </div>
   <div class='ocr_carea' id='block_1_60' title="bbox 585 4358 2189 4435">
    <p class='ocr_par' dir='ltr' id='par_1_60' title="bbox 585 4358 2189 4435">
     <span class='ocr_line' id='line_1_60' title="bbox 585 4358 2189 4435; baseline -0.006 -14"><span class='ocrx_word' id='word_1_444' title='bbox 585 4380 706 4435; x_wconf 85' lang='lat' dir='ltr'><strong>gem</strong></span> <span class='ocrx_word' id='word_1_445' title='bbox 755 4380 861 4418; x_wconf 92' lang='lat' dir='ltr'><strong>non</strong></span> <span class='ocrx_word' id='word_1_446' title='bbox 911 4369 1210 4416; x_wconf 87' lang='lat' dir='ltr'><strong>recusaret.</strong></span> <span class='ocrx_word' id='word_1_447' title='bbox 1247 4359 1312 4414; x_wconf 85' lang='lat' dir='ltr'><strong>Et</strong></span> <span class='ocrx_word' id='word_1_448' title='bbox 1352 4358 1485 4413; x_wconf 90' lang='lat' dir='ltr'><strong>mihi</strong></span> <span class='ocrx_word' id='word_1_449' title='bbox 1519 4373 1744 4413; x_wconf 89' lang='lat' dir='ltr'><strong>necesse</strong></span> <span class='ocrx_word' id='word_1_450' title='bbox 1788 4366 1873 4414; x_wconf 84' lang='lat' dir='ltr'><strong>est</strong></span> <span class='ocrx_word' id='word_1_451' title='bbox 1915 4359 2080 4423; x_wconf 89' lang='lat' dir='ltr'><strong>mori,</strong></span> <span class='ocrx_word' id='word_1_452' title='bbox 2115 4358 2189 4413; x_wconf 90' lang='lat' dir='ltr'><strong>illi</strong></span> 
     </span>
    </p>
   </div>
   <div class='ocr_carea' id='block_1_61' title="bbox 586 4447 2192 4520">
    <p class='ocr_par' dir='ltr' id='par_1_61' title="bbox 586 4447 2192 4520">
     <span class='ocr_line' id='line_1_61' title="bbox 586 4447 2192 4520; baseline -0.004 -8"><span class='ocrx_word' id='word_1_453' title='bbox 586 4471 813 4514; x_wconf 87' lang='lat' dir='ltr'><strong>necesse</strong></span> <span class='ocrx_word' id='word_1_454' title='bbox 857 4467 966 4507; x_wconf 92' lang='lat' dir='ltr'><strong>non</strong></span> <span class='ocrx_word' id='word_1_455' title='bbox 1010 4451 1126 4506; x_wconf 90' lang='lat' dir='ltr'><strong>fuit.</strong></span> <span class='ocrx_word' id='word_1_456' title='bbox 1166 4448 1249 4504; x_wconf 86' lang='lat' dir='ltr'><strong>An</strong></span> <span class='ocrx_word' id='word_1_457' title='bbox 1281 4449 1374 4520; x_wconf 87' lang='lat' dir='ltr'><strong>qui</strong></span> <span class='ocrx_word' id='word_1_458' title='bbox 1405 4447 1472 4505; x_wconf 89' lang='lat' dir='ltr'><strong>de</strong></span> <span class='ocrx_word' id='word_1_459' title='bbox 1503 4465 1662 4504; x_wconf 85' lang='lat' dir='ltr'><strong>servo</strong></span> <span class='ocrx_word' id='word_1_460' title='bbox 1691 4449 1715 4485; x_wconf 64' lang='grc' dir='ltr'>ιι</span> <span class='ocrx_word' id='word_1_461' title='bbox 1747 4450 1880 4503; x_wconf 87' lang='lat' dir='ltr'><strong>dicit</strong></span> <span class='ocrx_word' id='word_1_462' title='bbox 1920 4469 1933 4503; x_wconf 92' lang='lat'><strong>:</strong></span> <span class='ocrx_word' id='word_1_463' title='bbox 1978 4450 2040 4505; x_wconf 82' lang='lat' dir='ltr'><strong>Si</strong></span> <span class='ocrx_word' id='word_1_464' title='bbox 2077 4467 2192 4505; x_wconf 80' lang='lat' dir='ltr'><strong>eum</strong></span> 
     </span>
    </p>
   </div>
   <div class='ocr_carea' id='block_1_62' title="bbox 584 4540 2185 4611">
    <p class='ocr_par' dir='ltr' id='par_1_62' title="bbox 584 4540 2185 4611">
     <span class='ocr_line' id='line_1_62' title="bbox 584 4540 2185 4611; baseline -0.004 -9"><span class='ocrx_word' id='word_1_465' title='bbox 584 4550 698 4604; x_wconf 85' lang='lat' dir='ltr'><strong>volo</strong></span> <span class='ocrx_word' id='word_1_466' title='bbox 727 4548 802 4603; x_wconf 89' lang='lat' dir='ltr'><strong>sic</strong></span> <span class='ocrx_word' id='word_1_467' title='bbox 832 4559 1035 4599; x_wconf 87' lang='lat' dir='ltr'><strong>manere</strong></span> <span class='ocrx_word' id='word_1_468' title='bbox 1055 4582 1070 4608; x_wconf 94' lang='lat'><strong>,</strong></span> <span class='ocrx_word' id='word_1_469' title='bbox 1097 4542 1262 4597; x_wconf 84' lang='lat' dir='ltr'><strong>donec</strong></span> <span class='ocrx_word' id='word_1_470' title='bbox 1311 4541 1488 4606; x_wconf 83' lang='lat' dir='ltr'><strong>venio,</strong></span> <span class='ocrx_word' id='word_1_471' title='bbox 1520 4540 1643 4609; x_wconf 87' lang='lat' dir='ltr'><strong>quid</strong></span> <span class='ocrx_word' id='word_1_472' title='bbox 1675 4541 1746 4594; x_wconf 82' lang='lat' dir='ltr'><strong>ad</strong></span> <span class='ocrx_word' id='word_1_473' title='bbox 1773 4549 1821 4596; x_wconf 81' lang='lat' dir='ltr'><strong>te</strong></span> <span class='ocrx_word' id='word_1_474' title='bbox 1849 4540 2029 4611; x_wconf 81' lang='lat' dir='ltr'><strong>(Joan.</strong></span> <span class='ocrx_word' id='word_1_475' title='bbox 2060 4558 2150 4597; x_wconf 69' lang='lat' dir='ltr'><strong>ut</strong></span> <span class='ocrx_word' id='word_1_476' title='bbox 2171 4585 2185 4610; x_wconf 90' lang='lat'><strong>,</strong></span> 
     </span>
    </p>
   </div>
   <div class='ocr_carea' id='block_1_63' title="bbox 2293 1937 3911 2012">
    <p class='ocr_par' dir='ltr' id='par_1_63' title="bbox 2293 1937 3911 2012">
     <span class='ocr_line' id='line_1_63' title="bbox 2293 1937 3911 2012; baseline 0.005 -22"><span class='ocrx_word' id='word_1_477' title='bbox 2293 1937 2493 1991; x_wconf 85' lang='lat' dir='ltr'><strong>liberos</strong></span> <span class='ocrx_word' id='word_1_478' title='bbox 2540 1953 2645 1992; x_wconf 92' lang='lat' dir='ltr'><strong>non</strong></span> <span class='ocrx_word' id='word_1_479' title='bbox 2695 1938 2761 1993; x_wconf 89' lang='lat' dir='ltr'><strong>ad</strong></span> <span class='ocrx_word' id='word_1_480' title='bbox 2809 1954 2965 1994; x_wconf 91' lang='lat' dir='ltr'><strong>usum</strong></span> <span class='ocrx_word' id='word_1_481' title='bbox 2995 1942 3262 2012; x_wconf 90' lang='lat' dir='ltr'><strong>corporis,</strong></span> <span class='ocrx_word' id='word_1_482' title='bbox 3295 1943 3388 1996; x_wconf 87' lang='lat' dir='ltr'><strong>sed</strong></span> <span class='ocrx_word' id='word_1_483' title='bbox 3427 1943 3494 1996; x_wconf 92' lang='lat' dir='ltr'><strong>ad</strong></span> <span class='ocrx_word' id='word_1_484' title='bbox 3536 1943 3753 1998; x_wconf 84' lang='lat' dir='ltr'><strong>virtutis</strong></span> <span class='ocrx_word' id='word_1_485' title='bbox 3781 1944 3911 1999; x_wconf 83' lang='lat' dir='ltr'><strong>offi-</strong></span> 
     </span>
    </p>
   </div>
   <div class='ocr_carea' id='block_1_64' title="bbox 2293 2029 3911 2104">
    <p class='ocr_par' dir='ltr' id='par_1_64' title="bbox 2293 2029 3911 2104">
     <span class='ocr_line' id='line_1_64' title="bbox 2293 2029 3911 2104; baseline 0.006 -22"><span class='ocrx_word' id='word_1_486' title='bbox 2293 2029 2455 2082; x_wconf 88' lang='lat' dir='ltr'><strong>cium.</strong></span> <span class='ocrx_word' id='word_1_487' title='bbox 2496 2029 2666 2086; x_wconf 83' lang='lat' dir='ltr'><strong>Fletis</strong></span> <span class='ocrx_word' id='word_1_488' title='bbox 2703 2041 2758 2086; x_wconf 90' lang='lat' dir='ltr'><strong>et</strong></span> <span class='ocrx_word' id='word_1_489' title='bbox 2803 2031 3054 2100; x_wconf 89' lang='lat' dir='ltr'><strong>juvenes,</strong></span> <span class='ocrx_word' id='word_1_490' title='bbox 3083 2033 3225 2104; x_wconf 90' lang='lat' dir='ltr'><strong>quod</strong></span> <span class='ocrx_word' id='word_1_491' title='bbox 3253 2046 3463 2089; x_wconf 68' lang='lat' dir='ltr'><strong>naturae</strong></span> <span class='ocrx_word' id='word_1_492' title='bbox 3507 2035 3630 2090; x_wconf 91' lang='lat' dir='ltr'><strong>linis</strong></span> <span class='ocrx_word' id='word_1_493' title='bbox 3677 2051 3787 2090; x_wconf 93' lang='lat' dir='ltr'><strong>non</strong></span> <span class='ocrx_word' id='word_1_494' title='bbox 3833 2038 3911 2091; x_wconf 84' lang='lat' dir='ltr'><strong>sit</strong></span> 
     </span>
    </p>
   </div>
   <div class='ocr_carea' id='block_1_65' title="bbox 2293 2122 3904 2199">
    <p class='ocr_par' dir='ltr' id='par_1_65' title="bbox 2293 2122 3904 2199">
     <span class='ocr_line' id='line_1_65' title="bbox 2293 2122 3904 2199; baseline 0.006 -25"><span class='ocrx_word' id='word_1_495' title='bbox 2293 2122 2580 2176; x_wconf 88' lang='lat' dir='ltr'><strong>maturitas</strong></span> <span class='ocrx_word' id='word_1_496' title='bbox 2606 2123 2924 2180; x_wconf 85' lang='lat' dir='ltr'><strong>senectutis.</strong></span> <span class='ocrx_word' id='word_1_497' title='bbox 2952 2124 3249 2180; x_wconf 84' lang='lat' dir='ltr'><strong>Fleverunt</strong></span> <span class='ocrx_word' id='word_1_498' title='bbox 3275 2135 3330 2180; x_wconf 89' lang='lat' dir='ltr'><strong>et</strong></span> <span class='ocrx_word' id='word_1_499' title='bbox 3354 2140 3644 2195; x_wconf 66' lang='lat' dir='ltr'><strong>pauperes,</strong></span> <span class='ocrx_word' id='word_1_500' title='bbox 3675 2137 3728 2182; x_wconf 89' lang='lat' dir='ltr'><strong>et</strong></span> <span class='ocrx_word' id='word_1_501' title='bbox 3753 2128 3904 2199; x_wconf 90' lang='lat' dir='ltr'><strong>quod</strong></span> 
     </span>
    </p>
   </div>
   <div class='ocr_carea' id='block_1_66' title="bbox 2293 2213 3908 2290">
    <p class='ocr_par' dir='ltr' id='par_1_66' title="bbox 2293 2213 3908 2290">
     <span class='ocr_line' id='line_1_66' title="bbox 2293 2213 3908 2290; baseline 0.006 -24"><span class='ocrx_word' id='word_1_502' title='bbox 2293 2213 2464 2267; x_wconf 92' lang='lat' dir='ltr'><strong>multo</strong></span> <span class='ocrx_word' id='word_1_503' title='bbox 2511 2223 2597 2269; x_wconf 90' lang='lat' dir='ltr'><strong>est</strong></span> <span class='ocrx_word' id='word_1_504' title='bbox 2651 2216 2966 2284; x_wconf 84' lang='lat' dir='ltr'><strong>pretiosius,</strong></span> <span class='ocrx_word' id='word_1_505' title='bbox 2996 2217 3279 2286; x_wconf 89' lang='lat' dir='ltr'><strong>multoque</strong></span> <span class='ocrx_word' id='word_1_506' title='bbox 3327 2217 3589 2284; x_wconf 86' lang='lat' dir='ltr'><strong>uberius,</strong></span> <span class='ocrx_word' id='word_1_507' title='bbox 3643 2219 3908 2290; x_wconf 82' lang='lat' dir='ltr'><strong>lacrymis</strong></span> 
     </span>
    </p>
   </div>
   <div class='ocr_carea' id='block_1_67' title="bbox 2291 2311 3907 2386">
    <p class='ocr_par' dir='ltr' id='par_1_67' title="bbox 2291 2311 3907 2386">
     <span class='ocr_line' id='line_1_67' title="bbox 2291 2311 3907 2386; baseline 0.004 -21"><span class='ocrx_word' id='word_1_508' title='bbox 2291 2313 2403 2366; x_wconf 91' lang='lat' dir='ltr'><strong>suis</strong></span> <span class='ocrx_word' id='word_1_509' title='bbox 2443 2312 2559 2382; x_wconf 89' lang='lat' dir='ltr'><strong>ejus</strong></span> <span class='ocrx_word' id='word_1_510' title='bbox 2604 2311 2801 2367; x_wconf 89' lang='lat' dir='ltr'><strong>delicta</strong></span> <span class='ocrx_word' id='word_1_511' title='bbox 2853 2313 3122 2368; x_wconf 89' lang='lat' dir='ltr'><strong>laverunt.</strong></span> <span class='ocrx_word' id='word_1_512' title='bbox 3173 2313 3284 2370; x_wconf 71' lang='lat' dir='ltr'><strong>[lite</strong></span> <span class='ocrx_word' id='word_1_513' title='bbox 3323 2323 3450 2370; x_wconf 90' lang='lat' dir='ltr'><strong>sunt</strong></span> <span class='ocrx_word' id='word_1_514' title='bbox 3496 2315 3756 2386; x_wconf 68' lang='lat' dir='ltr'><strong>Iacrymaa</strong></span> <span class='ocrx_word' id='word_1_515' title='bbox 3810 2332 3907 2372; x_wconf 88' lang='lat' dir='ltr'><strong>re-</strong></span> 
     </span>
    </p>
   </div>
   <div class='ocr_carea' id='block_1_68' title="bbox 2291 2405 3909 2476">
    <p class='ocr_par' dir='ltr' id='par_1_68' title="bbox 2291 2405 3909 2476">
     <span class='ocr_line' id='line_1_68' title="bbox 2291 2405 3909 2476; baseline 0.002 -17"><span class='ocrx_word' id='word_1_516' title='bbox 2291 2405 2650 2476; x_wconf 89' lang='lat' dir='ltr'><strong>demptrices,</strong></span> <span class='ocrx_word' id='word_1_517' title='bbox 2682 2406 2764 2460; x_wconf 89' lang='lat' dir='ltr'><strong>illi</strong></span> <span class='ocrx_word' id='word_1_518' title='bbox 2787 2407 3021 2476; x_wconf 88' lang='lat' dir='ltr'><strong>gemitus</strong></span> <span class='ocrx_word' id='word_1_519' title='bbox 3047 2406 3141 2476; x_wconf 90' lang='lat' dir='ltr'><strong>qui</strong></span> <span class='ocrx_word' id='word_1_520' title='bbox 3169 2407 3416 2462; x_wconf 87' lang='lat' dir='ltr'><strong>dolorem</strong></span> <span class='ocrx_word' id='word_1_521' title='bbox 3449 2409 3639 2462; x_wconf 88' lang='lat' dir='ltr'><strong>mortis</strong></span> <span class='ocrx_word' id='word_1_522' title='bbox 3665 2409 3909 2463; x_wconf 88' lang='lat' dir='ltr'><strong>abscon-</strong></span> 
     </span>
    </p>
   </div>
   <div class='ocr_carea' id='block_1_69' title="bbox 2292 2496 3910 2568">
    <p class='ocr_par' dir='ltr' id='par_1_69' title="bbox 2292 2496 3910 2568">
     <span class='ocr_line' id='line_1_69' title="bbox 2292 2496 3910 2568; baseline 0.004 -18"><span class='ocrx_word' id='word_1_523' title='bbox 2292 2496 2448 2557; x_wconf 91' lang='lat' dir='ltr'><strong>dunt,</strong></span> <span class='ocrx_word' id='word_1_524' title='bbox 2466 2497 2556 2551; x_wconf 88' lang='lat' dir='ltr'><strong>ille</strong></span> <span class='ocrx_word' id='word_1_525' title='bbox 2576 2496 2736 2551; x_wconf 90' lang='lat' dir='ltr'><strong>dolor</strong></span> <span class='ocrx_word' id='word_1_526' title='bbox 2756 2500 2868 2568; x_wconf 88' lang='lat' dir='ltr'><strong>qui,</strong></span> <span class='ocrx_word' id='word_1_527' title='bbox 2886 2507 3167 2568; x_wconf 50' lang='lat' dir='ltr'><strong>perpetua</strong></span> <span class='ocrx_word' id='word_1_528' title='bbox 3188 2499 3432 2553; x_wconf 87' lang='lat' dir='ltr'><strong>ubertate</strong></span> <span class='ocrx_word' id='word_1_529' title='bbox 3452 2500 3674 2564; x_wconf 70' lang='lat' dir='ltr'><strong>la&#39;litite,</strong></span> <span class='ocrx_word' id='word_1_530' title='bbox 3701 2504 3910 2557; x_wconf 84' lang='lat' dir='ltr'><strong>veteris</strong></span> 
     </span>
    </p>
   </div>
   <div class='ocr_carea' id='block_1_70' title="bbox 2297 2591 3905 2664">
    <p class='ocr_par' dir='ltr' id='par_1_70' title="bbox 2297 2591 3905 2664">
     <span class='ocr_line' id='line_1_70' title="bbox 2297 2591 3905 2664; baseline 0.007 -23"><span class='ocrx_word' id='word_1_531' title='bbox 2297 2594 2309 2640; x_wconf 77' lang='lat' dir='ltr'><strong>l</strong></span> <span class='ocrx_word' id='word_1_532' title='bbox 2338 2605 2560 2646; x_wconf 81' lang='lat' dir='ltr'><strong>sensum</strong></span> <span class='ocrx_word' id='word_1_533' title='bbox 2587 2591 2795 2646; x_wconf 89' lang='lat' dir='ltr'><strong>doloris</strong></span> <span class='ocrx_word' id='word_1_534' title='bbox 2814 2591 3067 2646; x_wconf 90' lang='lat' dir='ltr'><strong>obducat.</strong></span> <span class='ocrx_word' id='word_1_535' title='bbox 3087 2592 3692 2664; x_wconf 84' lang='lat' dir='ltr'><strong>Itaquelicetprivatmn</strong></span> <span class='ocrx_word' id='word_1_536' title='bbox 3717 2597 3905 2658; x_wconf 88' lang='lat' dir='ltr'><strong>funus.</strong></span> 
     </span>
    </p>
   </div>
   <div class='ocr_carea' id='block_1_71' title="bbox 2291 2683 3910 2758">
    <p class='ocr_par' dir='ltr' id='par_1_71' title="bbox 2291 2683 3910 2758">
     <span class='ocr_line' id='line_1_71' title="bbox 2291 2683 3910 2758; baseline 0.005 -20"><span class='ocrx_word' id='word_1_537' title='bbox 2291 2683 2451 2739; x_wconf 89' lang='lat' dir='ltr'><strong>ﬂetus</strong></span> <span class='ocrx_word' id='word_1_538' title='bbox 2474 2695 2655 2740; x_wconf 89' lang='lat' dir='ltr'><strong>tamen</strong></span> <span class='ocrx_word' id='word_1_539' title='bbox 2691 2695 2774 2740; x_wconf 89' lang='lat' dir='ltr'><strong>est</strong></span> <span class='ocrx_word' id='word_1_540' title='bbox 2805 2685 3100 2757; x_wconf 89' lang='lat' dir='ltr'><strong>publicus;</strong></span> <span class='ocrx_word' id='word_1_541' title='bbox 3131 2698 3186 2742; x_wconf 91' lang='lat' dir='ltr'><strong>et</strong></span> <span class='ocrx_word' id='word_1_542' title='bbox 3222 2688 3346 2745; x_wconf 89' lang='lat' dir='ltr'><strong>ideo</strong></span> <span class='ocrx_word' id='word_1_543' title='bbox 3387 2704 3492 2743; x_wconf 91' lang='lat' dir='ltr'><strong>non</strong></span> <span class='ocrx_word' id='word_1_544' title='bbox 3534 2700 3712 2758; x_wconf 85' lang='lat' dir='ltr'><strong>potest</strong></span> <span class='ocrx_word' id='word_1_545' title='bbox 3742 2689 3910 2746; x_wconf 87' lang='lat' dir='ltr'><strong>ﬂetus</strong></span> 
     </span>
    </p>
   </div>
   <div class='ocr_carea' id='block_1_72' title="bbox 2291 2777 3909 2850">
    <p class='ocr_par' dir='ltr' id='par_1_72' title="bbox 2291 2777 3909 2850">
     <span class='ocr_line' id='line_1_72' title="bbox 2291 2777 3909 2850; baseline 0.005 -18"><span class='ocrx_word' id='word_1_546' title='bbox 2291 2791 2415 2832; x_wconf 87' lang='lat' dir='ltr'><strong>esse</strong></span> <span class='ocrx_word' id='word_1_547' title='bbox 2441 2777 2755 2846; x_wconf 89' lang='lat' dir='ltr'><strong>diuturnus,</strong></span> <span class='ocrx_word' id='word_1_548' title='bbox 2786 2780 2875 2850; x_wconf 92' lang='lat' dir='ltr'><strong>qui</strong></span> <span class='ocrx_word' id='word_1_549' title='bbox 2915 2782 3296 2836; x_wconf 89' lang='lat' dir='ltr'><strong>universorum</strong></span> <span class='ocrx_word' id='word_1_550' title='bbox 3321 2791 3406 2838; x_wconf 91' lang='lat' dir='ltr'><strong>est</strong></span> <span class='ocrx_word' id='word_1_551' title='bbox 3433 2782 3717 2839; x_wconf 79' lang='lat' dir='ltr'><strong>aﬂ‘ectibus</strong></span> <span class='ocrx_word' id='word_1_552' title='bbox 3771 2799 3909 2840; x_wconf 80' lang='lat' dir='ltr'><strong>con-</strong></span> 
     </span>
    </p>
   </div>
   <div class='ocr_carea' id='block_1_73' title="bbox 2293 2883 2559 2945">
    <p class='ocr_par' dir='ltr' id='par_1_73' title="bbox 2293 2883 2559 2945">
     <span class='ocr_line' id='line_1_73' title="bbox 2293 2883 2559 2945; baseline 0 -21"><span class='ocrx_word' id='word_1_553' title='bbox 2293 2883 2559 2945; x_wconf 77' lang='lat' dir='ltr'><strong>secratus.</strong></span> 
     </span>
    </p>
   </div>
   <div class='ocr_carea' id='block_1_74' title="bbox 2363 2963 3902 3042">
    <p class='ocr_par' dir='ltr' id='par_1_74' title="bbox 2363 2963 3902 3042">
     <span class='ocr_line' id='line_1_74' title="bbox 2363 2963 3902 3042; baseline 0.007 -25"><span class='ocrx_word' id='word_1_554' title='bbox 2363 2965 2415 3018; x_wconf 88' lang='lat'><strong>6.</strong></span> <span class='ocrx_word' id='word_1_555' title='bbox 2447 2963 2583 3019; x_wconf 90' lang='lat' dir='ltr'><strong>Nam</strong></span> <span class='ocrx_word' id='word_1_556' title='bbox 2621 2965 2751 3035; x_wconf 90' lang='lat' dir='ltr'><strong>quid</strong></span> <span class='ocrx_word' id='word_1_557' title='bbox 2781 2975 2853 3032; x_wconf 90' lang='lat' dir='ltr'><strong>te,</strong></span> <span class='ocrx_word' id='word_1_558' title='bbox 2881 2967 2952 3021; x_wconf 91' lang='lat' dir='ltr'><strong>mi</strong></span> <span class='ocrx_word' id='word_1_559' title='bbox 2985 2965 3155 3023; x_wconf 89' lang='lat' dir='ltr'><strong>frater</strong></span> <span class='ocrx_word' id='word_1_560' title='bbox 3182 2969 3580 3037; x_wconf 88' lang='lat' dir='ltr'><strong>amantissime,</strong></span> <span class='ocrx_word' id='word_1_561' title='bbox 3605 2971 3783 3038; x_wconf 88' lang='lat' dir='ltr'><strong>ﬂeam,</strong></span> <span class='ocrx_word' id='word_1_562' title='bbox 3805 2975 3902 3042; x_wconf 91' lang='lat' dir='ltr'><strong>qui</strong></span> 
     </span>
    </p>
   </div>
   <div class='ocr_carea' id='block_1_75' title="bbox 2293 3062 3902 3132">
    <p class='ocr_par' dir='ltr' id='par_1_75' title="bbox 2293 3062 3902 3132">
     <span class='ocr_line' id='line_1_75' title="bbox 2293 3062 3902 3132; baseline 0.006 -16"><span class='ocrx_word' id='word_1_563' title='bbox 2293 3062 2423 3116; x_wconf 91' lang='lat' dir='ltr'><strong>mihi</strong></span> <span class='ocrx_word' id='word_1_564' title='bbox 2464 3064 2543 3117; x_wconf 92' lang='lat' dir='ltr'><strong>sic</strong></span> <span class='ocrx_word' id='word_1_565' title='bbox 2573 3073 2794 3132; x_wconf 89' lang='lat' dir='ltr'><strong>ereptus</strong></span> <span class='ocrx_word' id='word_1_566' title='bbox 2845 3078 2926 3130; x_wconf 87' lang='lat' dir='ltr'><strong>es,</strong></span> <span class='ocrx_word' id='word_1_567' title='bbox 2961 3074 3019 3119; x_wconf 93' lang='lat' dir='ltr'><strong>ut</strong></span> <span class='ocrx_word' id='word_1_568' title='bbox 3066 3079 3218 3122; x_wconf 82' lang='lat' dir='ltr'><strong>esses</strong></span> <span class='ocrx_word' id='word_1_569' title='bbox 3269 3067 3698 3124; x_wconf 86' lang='lat' dir='ltr'><strong>omnium?Non</strong></span> <span class='ocrx_word' id='word_1_570' title='bbox 3751 3071 3902 3125; x_wconf 87' lang='lat' dir='ltr'><strong>enim</strong></span> 
     </span>
    </p>
   </div>
   <div class='ocr_carea' id='block_1_76' title="bbox 2291 3156 3896 3232">
    <p class='ocr_par' dir='ltr' id='par_1_76' title="bbox 2291 3156 3896 3232">
     <span class='ocr_line' id='line_1_76' title="bbox 2291 3156 3896 3232; baseline 0.004 -23"><span class='ocrx_word' id='word_1_571' title='bbox 2291 3156 2505 3225; x_wconf 90' lang='lat' dir='ltr'><strong>perdidi</strong></span> <span class='ocrx_word' id='word_1_572' title='bbox 2525 3171 2679 3211; x_wconf 91' lang='lat' dir='ltr'><strong>usum</strong></span> <span class='ocrx_word' id='word_1_573' title='bbox 2711 3157 2808 3222; x_wconf 88' lang='lat' dir='ltr'><strong>tui,</strong></span> <span class='ocrx_word' id='word_1_574' title='bbox 2840 3157 2936 3212; x_wconf 90' lang='lat' dir='ltr'><strong>sed</strong></span> <span class='ocrx_word' id='word_1_575' title='bbox 2979 3161 3310 3214; x_wconf 87' lang='lat' dir='ltr'><strong>commutavi</strong></span> <span class='ocrx_word' id='word_1_576' title='bbox 3340 3179 3353 3213; x_wconf 94' lang='lat'>:</span> <span class='ocrx_word' id='word_1_577' title='bbox 3383 3171 3511 3217; x_wconf 87' lang='lat' dir='ltr'><strong>ante</strong></span> <span class='ocrx_word' id='word_1_578' title='bbox 3551 3177 3786 3232; x_wconf 89' lang='lat' dir='ltr'><strong>corpore</strong></span> <span class='ocrx_word' id='word_1_579' title='bbox 3815 3163 3896 3216; x_wconf 90' lang='lat' dir='ltr'><strong>in-</strong></span> 
     </span>
    </p>
   </div>
   <div class='ocr_carea' id='block_1_77' title="bbox 2161 3231 3899 3320">
    <p class='ocr_par' dir='ltr' id='par_1_77' title="bbox 2161 3231 3899 3320">
     <span class='ocr_line' id='line_1_77' title="bbox 2161 3231 3899 3320; baseline 0.006 -22"><span class='ocrx_word' id='word_1_580' title='bbox 2161 3231 2168 3236; x_wconf 66' lang='grc'><em>’</em></span> <span class='ocrx_word' id='word_1_581' title='bbox 2217 3235 2262 3298; x_wconf 90' lang='lat' dir='ltr'><strong>C</strong></span> <span class='ocrx_word' id='word_1_582' title='bbox 2295 3249 2632 3317; x_wconf 87' lang='lat' dir='ltr'><strong>separabilis,</strong></span> <span class='ocrx_word' id='word_1_583' title='bbox 2684 3265 2827 3304; x_wconf 90' lang='lat' dir='ltr'><strong>nunc</strong></span> <span class='ocrx_word' id='word_1_584' title='bbox 2867 3249 3184 3306; x_wconf 88' lang='lat' dir='ltr'><strong>individuus</strong></span> <span class='ocrx_word' id='word_1_585' title='bbox 3235 3252 3469 3320; x_wconf 82' lang='lat' dir='ltr'><strong>aﬂectu;</strong></span> <span class='ocrx_word' id='word_1_586' title='bbox 3521 3231 3711 3309; x_wconf 82' lang='lat' dir='ltr'><strong>manes</strong></span> <span class='ocrx_word' id='word_1_587' title='bbox 3751 3256 3899 3309; x_wconf 87' lang='lat' dir='ltr'><strong>enim</strong></span> 
     </span>
    </p>
   </div>
   <div class='ocr_carea' id='block_1_78' title="bbox 2291 3342 3904 3414">
    <p class='ocr_par' dir='ltr' id='par_1_78' title="bbox 2291 3342 3904 3414">
     <span class='ocr_line' id='line_1_78' title="bbox 2291 3342 3904 3414; baseline 0.004 -18"><span class='ocrx_word' id='word_1_588' title='bbox 2291 3357 2532 3408; x_wconf 90' lang='lat' dir='ltr'><strong>mecum,</strong></span> <span class='ocrx_word' id='word_1_589' title='bbox 2561 3349 2618 3396; x_wconf 84' lang='lat' dir='ltr'><strong>at</strong></span> <span class='ocrx_word' id='word_1_590' title='bbox 2643 3355 2858 3413; x_wconf 89' lang='lat' dir='ltr'><strong>semper</strong></span> <span class='ocrx_word' id='word_1_591' title='bbox 2888 3343 3155 3399; x_wconf 89' lang='lat' dir='ltr'><strong>manebis.</strong></span> <span class='ocrx_word' id='word_1_592' title='bbox 3185 3342 3255 3398; x_wconf 88' lang='lat' dir='ltr'><strong>Et</strong></span> <span class='ocrx_word' id='word_1_593' title='bbox 3285 3345 3505 3414; x_wconf 89' lang='lat' dir='ltr'><strong>quidem</strong></span> <span class='ocrx_word' id='word_1_594' title='bbox 3543 3361 3666 3401; x_wconf 92' lang='lat' dir='ltr'><strong>cum</strong></span> <span class='ocrx_word' id='word_1_595' title='bbox 3688 3347 3904 3402; x_wconf 84' lang='lat' dir='ltr'><strong>viveres</strong></span> 
     </span>
    </p>
   </div>
   <div class='ocr_carea' id='block_1_79' title="bbox 2292 3435 3902 3510">
    <p class='ocr_par' dir='ltr' id='par_1_79' title="bbox 2292 3435 3902 3510">
     <span class='ocr_line' id='line_1_79' title="bbox 2292 3435 3902 3510; baseline 0.005 -22"><span class='ocrx_word' id='word_1_596' title='bbox 2292 3435 2596 3501; x_wconf 90' lang='lat' dir='ltr'><strong>nobiseum,</strong></span> <span class='ocrx_word' id='word_1_597' title='bbox 2632 3449 2928 3506; x_wconf 90' lang='lat' dir='ltr'><strong>numquam</strong></span> <span class='ocrx_word' id='word_1_598' title='bbox 2953 3447 3006 3490; x_wconf 91' lang='lat' dir='ltr'><strong>te</strong></span> <span class='ocrx_word' id='word_1_599' title='bbox 3039 3436 3211 3506; x_wconf 89' lang='lat' dir='ltr'><strong>patria</strong></span> <span class='ocrx_word' id='word_1_600' title='bbox 3235 3438 3436 3508; x_wconf 90' lang='lat' dir='ltr'><strong>eripuit</strong></span> <span class='ocrx_word' id='word_1_601' title='bbox 3462 3437 3614 3505; x_wconf 89' lang='lat' dir='ltr'><strong>mihi,</strong></span> <span class='ocrx_word' id='word_1_602' title='bbox 3651 3456 3753 3496; x_wconf 89' lang='lat' dir='ltr'><strong>nec</strong></span> <span class='ocrx_word' id='word_1_603' title='bbox 3783 3441 3902 3510; x_wconf 86' lang='lat' dir='ltr'><strong>ipse</strong></span> 
     </span>
    </p>
   </div>
   <div class='ocr_carea' id='block_1_80' title="bbox 2291 3524 3897 3596">
    <p class='ocr_par' dir='ltr' id='par_1_80' title="bbox 2291 3524 3897 3596">
     <span class='ocr_line' id='line_1_80' title="bbox 2291 3524 3897 3596; baseline 0.003 -17"><span class='ocrx_word' id='word_1_604' title='bbox 2291 3524 2421 3580; x_wconf 90' lang='lat' dir='ltr'><strong>mibi</strong></span> <span class='ocrx_word' id='word_1_605' title='bbox 2450 3541 2702 3596; x_wconf 88' lang='lat' dir='ltr'><strong>umquam</strong></span> <span class='ocrx_word' id='word_1_606' title='bbox 2737 3527 2964 3595; x_wconf 87' lang='lat' dir='ltr'><strong>patriam</strong></span> <span class='ocrx_word' id='word_1_607' title='bbox 3003 3527 3290 3594; x_wconf 82' lang='lat' dir='ltr'><strong>praetulisti</strong></span> <span class='ocrx_word' id='word_1_608' title='bbox 3326 3546 3338 3578; x_wconf 72' lang='grc' dir='ltr'><strong><em>τ</em></strong></span> <span class='ocrx_word' id='word_1_609' title='bbox 3373 3537 3426 3582; x_wconf 92' lang='lat' dir='ltr'><strong>et</strong></span> <span class='ocrx_word' id='word_1_610' title='bbox 3470 3545 3615 3582; x_wconf 91' lang='lat' dir='ltr'><strong>nunc</strong></span> <span class='ocrx_word' id='word_1_611' title='bbox 3661 3530 3897 3585; x_wconf 84' lang='lat' dir='ltr'><strong>alteram</strong></span> 
     </span>
    </p>
   </div>
   <div class='ocr_carea' id='block_1_81' title="bbox 2294 3617 3892 3690">
    <p class='ocr_par' dir='ltr' id='par_1_81' title="bbox 2294 3617 3892 3690">
     <span class='ocr_line' id='line_1_81' title="bbox 2294 3617 3892 3690; baseline 0.003 -18"><span class='ocrx_word' id='word_1_612' title='bbox 2294 3617 2626 3687; x_wconf 66' lang='lat' dir='ltr'><strong>prwstitisti;</strong></span> <span class='ocrx_word' id='word_1_613' title='bbox 2661 3619 2802 3689; x_wconf 63' lang='lat' dir='ltr'><strong>coepi</strong></span> <span class='ocrx_word' id='word_1_614' title='bbox 2832 3619 2976 3674; x_wconf 92' lang='lat' dir='ltr'><strong>enim</strong></span> <span class='ocrx_word' id='word_1_615' title='bbox 3006 3619 3118 3689; x_wconf 89' lang='lat' dir='ltr'><strong>jam</strong></span> <span class='ocrx_word' id='word_1_616' title='bbox 3154 3619 3241 3674; x_wconf 89' lang='lat' dir='ltr'><strong>hic</strong></span> <span class='ocrx_word' id='word_1_617' title='bbox 3273 3635 3377 3674; x_wconf 89' lang='lat' dir='ltr'><strong>non</strong></span> <span class='ocrx_word' id='word_1_618' title='bbox 3400 3633 3520 3674; x_wconf 88' lang='lat' dir='ltr'><strong>esse</strong></span> <span class='ocrx_word' id='word_1_619' title='bbox 3544 3622 3892 3690; x_wconf 79' lang='lat' dir='ltr'><strong>peregrinus,</strong></span> 
     </span>
    </p>
   </div>
   <div class='ocr_carea' id='block_1_82' title="bbox 2294 3710 3894 3783">
    <p class='ocr_par' dir='ltr' id='par_1_82' title="bbox 2294 3710 3894 3783">
     <span class='ocr_line' id='line_1_82' title="bbox 2294 3710 3894 3783; baseline 0.003 -19"><span class='ocrx_word' id='word_1_620' title='bbox 2294 3710 2385 3764; x_wconf 94' lang='lat' dir='ltr'><strong>ubi</strong></span> <span class='ocrx_word' id='word_1_621' title='bbox 2415 3711 2611 3765; x_wconf 88' lang='lat' dir='ltr'><strong>melior</strong></span> <span class='ocrx_word' id='word_1_622' title='bbox 2639 3711 2745 3766; x_wconf 90' lang='lat' dir='ltr'><strong>mei</strong></span> <span class='ocrx_word' id='word_1_623' title='bbox 2782 3713 2962 3780; x_wconf 91' lang='lat' dir='ltr'><strong>portio</strong></span> <span class='ocrx_word' id='word_1_624' title='bbox 3004 3722 3107 3767; x_wconf 90' lang='lat' dir='ltr'><strong>est.</strong></span> <span class='ocrx_word' id='word_1_625' title='bbox 3138 3712 3438 3783; x_wconf 85' lang='lat' dir='ltr'><strong>Numquam</strong></span> <span class='ocrx_word' id='word_1_626' title='bbox 3475 3715 3620 3767; x_wconf 88' lang='lat' dir='ltr'><strong>enim</strong></span> <span class='ocrx_word' id='word_1_627' title='bbox 3665 3724 3816 3769; x_wconf 89' lang='lat' dir='ltr'><strong>totus</strong></span> <span class='ocrx_word' id='word_1_628' title='bbox 3843 3715 3894 3768; x_wconf 90' lang='lat' dir='ltr'><strong>in</strong></span> 
     </span>
    </p>
   </div>
   <div class='ocr_carea' id='block_1_83' title="bbox 2293 3802 3889 3882">
    <p class='ocr_par' dir='ltr' id='par_1_83' title="bbox 2293 3802 3889 3882">
     <span class='ocr_line' id='line_1_83' title="bbox 2293 3802 3889 3882; baseline 0.001 -25"><span class='ocrx_word' id='word_1_629' title='bbox 2293 3817 2380 3857; x_wconf 87' lang='lat' dir='ltr'><strong>me</strong></span> <span class='ocrx_word' id='word_1_630' title='bbox 2410 3802 2509 3882; x_wconf 68' lang='lat' dir='ltr'><strong>fui,</strong></span> <span class='ocrx_word' id='word_1_631' title='bbox 2535 3803 2630 3858; x_wconf 89' lang='lat' dir='ltr'><strong>sed</strong></span> <span class='ocrx_word' id='word_1_632' title='bbox 2673 3803 2726 3856; x_wconf 92' lang='lat' dir='ltr'><strong>in</strong></span> <span class='ocrx_word' id='word_1_633' title='bbox 2768 3803 2942 3857; x_wconf 89' lang='lat' dir='ltr'><strong>altero</strong></span> <span class='ocrx_word' id='word_1_634' title='bbox 2997 3807 3166 3858; x_wconf 90' lang='lat' dir='ltr'><strong>nostri</strong></span> <span class='ocrx_word' id='word_1_635' title='bbox 3210 3820 3334 3874; x_wconf 89' lang='lat' dir='ltr'><strong>pars</strong></span> <span class='ocrx_word' id='word_1_636' title='bbox 3366 3804 3536 3874; x_wconf 89' lang='lat' dir='ltr'><strong>major</strong></span> <span class='ocrx_word' id='word_1_637' title='bbox 3567 3806 3889 3860; x_wconf 89' lang='lat' dir='ltr'><strong>amborum:</strong></span> 
     </span>
    </p>
   </div>
   <div class='ocr_carea' id='block_1_84' title="bbox 2293 3897 3893 3968">
    <p class='ocr_par' dir='ltr' id='par_1_84' title="bbox 2293 3897 3893 3968">
     <span class='ocr_line' id='line_1_84' title="bbox 2293 3897 3893 3968; baseline 0.003 -18"><span class='ocrx_word' id='word_1_638' title='bbox 2293 3904 2523 3965; x_wconf 83' lang='lat' dir='ltr'><strong>uterque</strong></span> <span class='ocrx_word' id='word_1_639' title='bbox 2549 3905 2730 3951; x_wconf 90' lang='lat' dir='ltr'><strong>autem</strong></span> <span class='ocrx_word' id='word_1_640' title='bbox 2753 3911 2970 3952; x_wconf 86' lang='lat' dir='ltr'><strong>eramus</strong></span> <span class='ocrx_word' id='word_1_641' title='bbox 2998 3897 3050 3951; x_wconf 88' lang='lat' dir='ltr'><strong>iu</strong></span> <span class='ocrx_word' id='word_1_642' title='bbox 3079 3897 3317 3963; x_wconf 89' lang='lat' dir='ltr'><strong>Christo,</strong></span> <span class='ocrx_word' id='word_1_643' title='bbox 3351 3899 3401 3952; x_wconf 91' lang='lat' dir='ltr'><strong>in</strong></span> <span class='ocrx_word' id='word_1_644' title='bbox 3434 3915 3540 3968; x_wconf 91' lang='lat' dir='ltr'><strong>quo</strong></span> <span class='ocrx_word' id='word_1_645' title='bbox 3585 3911 3639 3954; x_wconf 90' lang='lat' dir='ltr'><strong>et</strong></span> <span class='ocrx_word' id='word_1_646' title='bbox 3678 3915 3893 3955; x_wconf 85' lang='lat' dir='ltr'><strong>summa</strong></span> 
     </span>
    </p>
   </div>
   <div class='ocr_carea' id='block_1_85' title="bbox 2294 3988 3894 4060">
    <p class='ocr_par' dir='ltr' id='par_1_85' title="bbox 2294 3988 3894 4060">
     <span class='ocr_line' id='line_1_85' title="bbox 2294 3988 3894 4060; baseline 0.004 -18"><span class='ocrx_word' id='word_1_647' title='bbox 2294 3988 2687 4054; x_wconf 87' lang='lat' dir='ltr'><strong>universitatis,</strong></span> <span class='ocrx_word' id='word_1_648' title='bbox 2721 3998 2777 4046; x_wconf 83' lang='lat' dir='ltr'><strong>et</strong></span> <span class='ocrx_word' id='word_1_649' title='bbox 2808 3990 2990 4058; x_wconf 88' lang='lat' dir='ltr'><strong>portio</strong></span> <span class='ocrx_word' id='word_1_650' title='bbox 3017 3989 3353 4060; x_wconf 79' lang='lat' dir='ltr'><strong>singulorum</strong></span> <span class='ocrx_word' id='word_1_651' title='bbox 3385 4001 3491 4047; x_wconf 86' lang='lat' dir='ltr'><strong>est.</strong></span> <span class='ocrx_word' id='word_1_652' title='bbox 3521 3991 3618 4047; x_wconf 89' lang='lat' dir='ltr'><strong>Hic</strong></span> <span class='ocrx_word' id='word_1_653' title='bbox 3649 3993 3781 4048; x_wconf 90' lang='lat' dir='ltr'><strong>mihi</strong></span> <span class='ocrx_word' id='word_1_654' title='bbox 3812 4004 3894 4048; x_wconf 90' lang='lat' dir='ltr'><strong>tu-</strong></span> 
     </span>
    </p>
   </div>
   <div class='ocr_carea' id='block_1_86' title="bbox 2293 4080 3895 4152">
    <p class='ocr_par' dir='ltr' id='par_1_86' title="bbox 2293 4080 3895 4152">
     <span class='ocr_line' id='line_1_86' title="bbox 2293 4080 3895 4152; baseline 0.002 -16"><span class='ocrx_word' id='word_1_655' title='bbox 2293 4081 2470 4136; x_wconf 84' lang='lat' dir='ltr'><strong>mulus</strong></span> <span class='ocrx_word' id='word_1_656' title='bbox 2499 4081 2720 4151; x_wconf 84' lang='lat' dir='ltr'><strong>genitali</strong></span> <span class='ocrx_word' id='word_1_657' title='bbox 2751 4080 2870 4135; x_wconf 91' lang='lat' dir='ltr'><strong>solo</strong></span> <span class='ocrx_word' id='word_1_658' title='bbox 2901 4085 3127 4152; x_wconf 88' lang='lat' dir='ltr'><strong>gratior,</strong></span> <span class='ocrx_word' id='word_1_659' title='bbox 3157 4083 3208 4136; x_wconf 94' lang='lat' dir='ltr'><strong>in</strong></span> <span class='ocrx_word' id='word_1_660' title='bbox 3237 4099 3346 4152; x_wconf 90' lang='lat' dir='ltr'><strong>quo</strong></span> <span class='ocrx_word' id='word_1_661' title='bbox 3391 4098 3497 4138; x_wconf 92' lang='lat' dir='ltr'><strong>non</strong></span> <span class='ocrx_word' id='word_1_662' title='bbox 3531 4094 3764 4151; x_wconf 63' lang='lat' dir='ltr'><strong>naturae,</strong></span> <span class='ocrx_word' id='word_1_663' title='bbox 3798 4086 3895 4141; x_wconf 86' lang='lat' dir='ltr'><strong>sed</strong></span> 
     </span>
    </p>
   </div>
   <div class='ocr_carea' id='block_1_87' title="bbox 2291 4170 3893 4249">
    <p class='ocr_par' dir='ltr' id='par_1_87' title="bbox 2291 4170 3893 4249">
     <span class='ocr_line' id='line_1_87' title="bbox 2291 4170 3893 4249; baseline 0.006 -23"><span class='ocrx_word' id='word_1_664' title='bbox 2291 4173 2477 4245; x_wconf 75' lang='lat' dir='ltr'><strong>gratia:</strong></span> <span class='ocrx_word' id='word_1_665' title='bbox 2507 4189 2643 4230; x_wconf 65' lang='lat' dir='ltr'><strong>mete</strong></span> <span class='ocrx_word' id='word_1_666' title='bbox 2674 4173 2880 4230; x_wconf 86' lang='lat' dir='ltr'><strong>fructus</strong></span> <span class='ocrx_word' id='word_1_667' title='bbox 2926 4185 3042 4241; x_wconf 90' lang='lat' dir='ltr'><strong>est;</strong></span> <span class='ocrx_word' id='word_1_668' title='bbox 3069 4177 3121 4230; x_wconf 91' lang='lat' dir='ltr'><strong>in</strong></span> <span class='ocrx_word' id='word_1_669' title='bbox 3154 4170 3257 4232; x_wconf 86' lang='lat' dir='ltr'><strong>isto</strong></span> <span class='ocrx_word' id='word_1_670' title='bbox 3285 4177 3428 4232; x_wconf 88' lang='lat' dir='ltr'><strong>enim</strong></span> <span class='ocrx_word' id='word_1_671' title='bbox 3469 4192 3721 4245; x_wconf 89' lang='lat' dir='ltr'><strong>corpore,</strong></span> <span class='ocrx_word' id='word_1_672' title='bbox 3751 4182 3893 4249; x_wconf 89' lang='lat' dir='ltr'><strong>quod</strong></span> 
     </span>
    </p>
   </div>
   <div class='ocr_carea' id='block_1_88' title="bbox 2294 4268 3890 4339">
    <p class='ocr_par' dir='ltr' id='par_1_88' title="bbox 2294 4268 3890 4339">
     <span class='ocr_line' id='line_1_88' title="bbox 2294 4268 3890 4339; baseline 0.003 -20"><span class='ocrx_word' id='word_1_673' title='bbox 2294 4282 2435 4320; x_wconf 92' lang='lat' dir='ltr'><strong>nunc</strong></span> <span class='ocrx_word' id='word_1_674' title='bbox 2464 4268 2773 4322; x_wconf 82' lang='lat' dir='ltr'><strong>exanimum</strong></span> <span class='ocrx_word' id='word_1_675' title='bbox 2797 4268 2962 4336; x_wconf 82' lang='lat' dir='ltr'><strong>jacet,</strong></span> <span class='ocrx_word' id='word_1_676' title='bbox 2995 4270 3340 4338; x_wconf 66' lang='lat' dir='ltr'><strong>praestantior</strong></span> <span class='ocrx_word' id='word_1_677' title='bbox 3363 4271 3487 4324; x_wconf 70' lang='lat' dir='ltr'><strong>vita:</strong></span> <span class='ocrx_word' id='word_1_678' title='bbox 3509 4286 3644 4327; x_wconf 63' lang='lat' dir='ltr'><strong>mea:</strong></span> <span class='ocrx_word' id='word_1_679' title='bbox 3666 4272 3890 4339; x_wconf 79' lang='lat' dir='ltr'><strong>functio;</strong></span> 
     </span>
    </p>
   </div>
   <div class='ocr_carea' id='block_1_89' title="bbox 2294 4359 3895 4436">
    <p class='ocr_par' dir='ltr' id='par_1_89' title="bbox 2294 4359 3895 4436">
     <span class='ocr_line' id='line_1_89' title="bbox 2294 4359 3895 4436; baseline 0.006 -23"><span class='ocrx_word' id='word_1_680' title='bbox 2294 4359 2418 4432; x_wconf 90' lang='lat' dir='ltr'><strong>quia</strong></span> <span class='ocrx_word' id='word_1_681' title='bbox 2452 4360 2502 4414; x_wconf 91' lang='lat' dir='ltr'><strong>in</strong></span> <span class='ocrx_word' id='word_1_682' title='bbox 2537 4360 2640 4416; x_wconf 89' lang='lat' dir='ltr'><strong>hoc</strong></span> <span class='ocrx_word' id='word_1_683' title='bbox 2691 4377 2910 4432; x_wconf 86' lang='lat' dir='ltr'><strong>quoque</strong></span> <span class='ocrx_word' id='word_1_684' title='bbox 2939 4364 3081 4433; x_wconf 90' lang='lat' dir='ltr'><strong>quod</strong></span> <span class='ocrx_word' id='word_1_685' title='bbox 3106 4379 3238 4436; x_wconf 88' lang='lat' dir='ltr'><strong>gero</strong></span> <span class='ocrx_word' id='word_1_686' title='bbox 3276 4380 3528 4436; x_wconf 88' lang='lat' dir='ltr'><strong>corpore,</strong></span> <span class='ocrx_word' id='word_1_687' title='bbox 3563 4365 3789 4422; x_wconf 87' lang='lat' dir='ltr'><strong>uberior</strong></span> <span class='ocrx_word' id='word_1_688' title='bbox 3820 4370 3895 4423; x_wconf 90' lang='lat' dir='ltr'><strong>tui</strong></span> 
     </span>
    </p>
   </div>
   <div class='ocr_carea' id='block_1_90' title="bbox 2294 4452 2492 4522">
    <p class='ocr_par' dir='ltr' id='par_1_90' title="bbox 2294 4452 2492 4522">
     <span class='ocr_line' id='line_1_90' title="bbox 2294 4452 2492 4522; baseline -0.01 -16"><span class='ocrx_word' id='word_1_689' title='bbox 2294 4452 2492 4522; x_wconf 87' lang='lat' dir='ltr'><strong>portio.</strong></span> 
     </span>
    </p>
   </div>
   <div class='ocr_carea' id='block_1_91' title="bbox 2368 4547 3893 4620">
    <p class='ocr_par' dir='ltr' id='par_1_91' title="bbox 2368 4547 3893 4620">
     <span class='ocr_line' id='line_1_91' title="bbox 2368 4547 3893 4620; baseline 0.005 -22"><span class='ocrx_word' id='word_1_690' title='bbox 2368 4547 2419 4599; x_wconf 90' lang='lat'><strong>7.</strong></span> <span class='ocrx_word' id='word_1_691' title='bbox 2448 4547 2624 4616; x_wconf 87' lang='lat' dir='ltr'><strong>Atque</strong></span> <span class='ocrx_word' id='word_1_692' title='bbox 2652 4547 2858 4602; x_wconf 91' lang='lat' dir='ltr'><strong>utinam</strong></span> <span class='ocrx_word' id='word_1_693' title='bbox 2894 4556 2949 4602; x_wconf 92' lang='lat' dir='ltr'><strong>ut</strong></span> <span class='ocrx_word' id='word_1_694' title='bbox 2979 4548 3278 4613; x_wconf 69' lang='lat' dir='ltr'><strong>meruerim,</strong></span> <span class='ocrx_word' id='word_1_695' title='bbox 3303 4557 3357 4602; x_wconf 90' lang='lat' dir='ltr'><strong>ut</strong></span> <span class='ocrx_word' id='word_1_696' title='bbox 3385 4548 3602 4620; x_wconf 68' lang='lat' dir='ltr'><strong>gratim;</strong></span> <span class='ocrx_word' id='word_1_697' title='bbox 3629 4548 3702 4603; x_wconf 88' lang='lat' dir='ltr'><strong>ita</strong></span> <span class='ocrx_word' id='word_1_698' title='bbox 3729 4550 3893 4606; x_wconf 91' lang='lat' dir='ltr'><strong>etiam</strong></span> 
     </span>
    </p>
   </div>
   <div class='ocr_carea' id='block_1_92' title="bbox 584 4716 3891 4795">
    <p class='ocr_par' dir='ltr' id='par_1_92' title="bbox 584 4716 3891 4795">
     <span class='ocr_line' id='line_1_92' title="bbox 584 4716 3891 4795; baseline 0.003 -20"><span class='ocrx_word' id='word_1_699' title='bbox 584 4733 726 4788; x_wconf 68' lang='lat' dir='ltr'><strong>idem</strong></span> <span class='ocrx_word' id='word_1_700' title='bbox 757 4725 1048 4795; x_wconf 83' lang='lat' dir='ltr'><strong>contigisse</strong></span> <span class='ocrx_word' id='word_1_701' title='bbox 1080 4722 1130 4774; x_wconf 90' lang='lat' dir='ltr'><strong>in</strong></span> <span class='ocrx_word' id='word_1_702' title='bbox 1163 4717 1402 4795; x_wconf 65' lang='lat' dir='ltr'><strong>dictione</strong></span> <span class='ocrx_word' id='word_1_703' title='bbox 1432 4716 1691 4795; x_wconf 39' lang='grc' dir='ltr'><strong>κύριος-εχ</strong></span> <span class='ocrx_word' id='word_1_704' title='bbox 1719 4726 2009 4795; x_wconf 32' lang='lat' dir='ltr'><strong>(Illa‘xﬁpo;</strong></span> <span class='ocrx_word' id='word_1_705' title='bbox 2041 4719 2177 4795; x_wconf 79' lang='lat' dir='ltr'><strong>facta</strong></span> <span class='ocrx_word' id='word_1_706' title='bbox 2207 4724 2261 4784; x_wconf 87' lang='lat' dir='ltr'><strong>D</strong></span> <span class='ocrx_word' id='word_1_707' title='bbox 2287 4720 2432 4788; x_wconf 89' lang='lat' dir='ltr'><strong>latis,</strong></span> <span class='ocrx_word' id='word_1_708' title='bbox 2466 4722 2794 4795; x_wconf 77' lang='lat' dir='ltr'><strong>boc_uitim_o_</strong></span> <span class='ocrx_word' id='word_1_709' title='bbox 2819 4738 2980 4795; x_wconf 86' lang='lat' dir='ltr'><strong>sensu</strong></span> <span class='ocrx_word' id='word_1_710' title='bbox 3014 4740 3133 4780; x_wconf 88' lang='lat' dir='ltr'><strong>eam</strong></span> <span class='ocrx_word' id='word_1_711' title='bbox 3167 4741 3356 4781; x_wconf 89' lang='lat' dir='ltr'><strong>vocem</strong></span> <span class='ocrx_word' id='word_1_712' title='bbox 3390 4725 3476 4780; x_wconf 90' lang='lat' dir='ltr'><strong>hic</strong></span> <span class='ocrx_word' id='word_1_713' title='bbox 3505 4727 3572 4781; x_wconf 91' lang='lat' dir='ltr'><strong>ab</strong></span> <span class='ocrx_word' id='word_1_714' title='bbox 3600 4728 3891 4786; x_wconf 84' lang='lat' dir='ltr'><strong>Ambrosio</strong></span> 
     </span>
    </p>
   </div>
   <div class='ocr_carea' id='block_1_93' title="bbox 583 4788 2178 4861">
    <p class='ocr_par' dir='ltr' id='par_1_93' title="bbox 583 4788 2178 4861">
     <span class='ocr_line' id='line_1_93' title="bbox 583 4788 2178 4861; baseline -0.008 -3"><span class='ocrx_word' id='word_1_715' title='bbox 583 4814 666 4859; x_wconf 87' lang='lat' dir='ltr'><strong>est</strong></span> <span class='ocrx_word' id='word_1_716' title='bbox 687 4818 714 4854; x_wconf 90' lang='lat' dir='ltr'><strong>a</strong></span> <span class='ocrx_word' id='word_1_717' title='bbox 736 4788 1152 4853; x_wconf 57' lang='lat' dir='ltr'><strong>recentioribus.</strong></span> <span class='ocrx_word' id='word_1_718' title='bbox 1180 4789 1311 4844; x_wconf 72' lang='lat' dir='ltr'><strong>Vide</strong></span> <span class='ocrx_word' id='word_1_719' title='bbox 1334 4788 1581 4858; x_wconf 83' lang='lat' dir='ltr'><strong>Hephien</strong></span> <span class='ocrx_word' id='word_1_720' title='bbox 1607 4790 1658 4844; x_wconf 91' lang='lat' dir='ltr'><strong>in</strong></span> <span class='ocrx_word' id='word_1_721' title='bbox 1684 4788 1929 4844; x_wconf 84' lang='lat' dir='ltr'><strong>eamdem</strong></span> <span class='ocrx_word' id='word_1_722' title='bbox 1963 4791 2178 4861; x_wconf 62' lang='grc' dir='ltr'><strong>Βρεμι..</strong></span> 
     </span>
    </p>
   </div>
   <div class='ocr_carea' id='block_1_94' title="bbox 585 4864 1996 4941">
    <p class='ocr_par' dir='ltr' id='par_1_94' title="bbox 585 4864 1996 4941">
     <span class='ocr_line' id='line_1_94' title="bbox 585 4864 1996 4941; baseline 0.015 -14"><span class='ocrx_word' id='word_1_723' title='bbox 585 4864 1410 4941; x_wconf 18' lang='grc' dir='ltr'><strong>Ωπηείιιιιλιἱιι-βινὲδπεν,εἴηδ’..</strong></span> <span class='ocrx_word' id='word_1_724' title='bbox 1495 4932 1505 4941; x_wconf 99' lang='grc'>.</span> <span class='ocrx_word' id='word_1_725' title='bbox 1619 4932 1628 4941; x_wconf 98' lang='grc'><em>.</em></span> <span class='ocrx_word' id='word_1_726' title='bbox 1701 4933 1711 4941; x_wconf 95' lang='grc'><em>.</em></span> <span class='ocrx_word' id='word_1_727' title='bbox 1983 4879 1996 4890; x_wconf 32' lang='grc' dir='ltr'><em>ὀ</em></span> 
     </span>
    </p>
   </div>
   <div class='ocr_carea' id='block_1_95' title="bbox 659 4931 2180 5000">
    <p class='ocr_par' dir='ltr' id='par_1_95' title="bbox 659 4931 2180 5000">
     <span class='ocr_line' id='line_1_95' title="bbox 659 4931 2180 5000; baseline -0.001 -11"><span class='ocrx_word' id='word_1_728' title='bbox 659 4954 681 4979; x_wconf 76' lang='grc' dir='ltr'>ο</span> <span class='ocrx_word' id='word_1_729' title='bbox 703 4931 907 4996; x_wconf 51' lang='lat' dir='ltr'><strong>&quot;Codex</strong></span> <span class='ocrx_word' id='word_1_730' title='bbox 938 4936 1115 4990; x_wconf 79' lang='lat' dir='ltr'><strong>Vallil.</strong></span> <span class='ocrx_word' id='word_1_731' title='bbox 1143 4975 1158 4999; x_wconf 93' lang='lat'><strong>,</strong></span> <span class='ocrx_word' id='word_1_732' title='bbox 1194 4933 1298 4985; x_wconf 76' lang='lat' dir='ltr'><strong>Sed</strong></span> <span class='ocrx_word' id='word_1_733' title='bbox 1327 4931 1410 4986; x_wconf 84' lang='lat' dir='ltr'><strong>ubi</strong></span> <span class='ocrx_word' id='word_1_734' title='bbox 1454 4932 1731 4986; x_wconf 76' lang='lat' dir='ltr'><strong>abundavit</strong></span> <span class='ocrx_word' id='word_1_735' title='bbox 1777 4942 2062 5000; x_wconf 83' lang='lat' dir='ltr'><strong>peccatum,</strong></span> <span class='ocrx_word' id='word_1_736' title='bbox 2095 4950 2180 4987; x_wconf 86' lang='lat' dir='ltr'><strong>su-</strong></span> 
     </span>
    </p>
   </div>
   <div class='ocr_carea' id='block_1_96' title="bbox 588 5011 2008 5086">
    <p class='ocr_par' dir='ltr' id='par_1_96' title="bbox 588 5011 2008 5086">
     <span class='ocr_line' id='line_1_96' title="bbox 588 5011 2008 5086; baseline -0.01 -16"><span class='ocrx_word' id='word_1_737' title='bbox 588 5011 982 5086; x_wconf 74' lang='lat' dir='ltr'><strong>perabimdavit,</strong></span> <span class='ocrx_word' id='word_1_738' title='bbox 1017 5016 1121 5061; x_wconf 90' lang='lat' dir='ltr'><strong>etc.</strong></span> <span class='ocrx_word' id='word_1_739' title='bbox 1272 5076 1284 5086; x_wconf 44' lang='lat'><em>.</em></span> <span class='ocrx_word' id='word_1_740' title='bbox 1478 5074 1510 5086; x_wconf 54' lang='grc' dir='ltr'>η</span> <span class='ocrx_word' id='word_1_741' title='bbox 1780 5073 1813 5086; x_wconf 75' lang='lat'><em>__</em></span> <span class='ocrx_word' id='word_1_742' title='bbox 1881 5073 1930 5086; x_wconf 47' lang='grc' dir='ltr'>Η</span> <span class='ocrx_word' id='word_1_743' title='bbox 2001 5049 2008 5056; x_wconf 98' lang='grc'>.</span> 
     </span>
    </p>
   </div>
   <div class='ocr_carea' id='block_1_97' title="bbox 654 5073 2178 5146">
    <p class='ocr_par' dir='ltr' id='par_1_97' title="bbox 654 5073 2178 5146">
     <span class='ocr_line' id='line_1_97' title="bbox 654 5073 2178 5146; baseline -0.007 -7"><span class='ocrx_word' id='word_1_744' title='bbox 654 5086 681 5124; x_wconf 79' lang='lat' dir='ltr'><strong>b</strong></span> <span class='ocrx_word' id='word_1_745' title='bbox 724 5085 796 5138; x_wconf 87' lang='lat' dir='ltr'><strong>Ita</strong></span> <span class='ocrx_word' id='word_1_746' title='bbox 827 5097 956 5136; x_wconf 85' lang='lat' dir='ltr'><strong>mss.</strong></span> <span class='ocrx_word' id='word_1_747' title='bbox 994 5092 1096 5131; x_wconf 90' lang='lat' dir='ltr'><strong>non</strong></span> <span class='ocrx_word' id='word_1_748' title='bbox 1133 5076 1310 5146; x_wconf 80' lang='lat' dir='ltr'><strong>putei,</strong></span> <span class='ocrx_word' id='word_1_749' title='bbox 1341 5090 1368 5128; x_wconf 91' lang='lat' dir='ltr'><strong>a</strong></span> <span class='ocrx_word' id='word_1_750' title='bbox 1400 5074 1599 5146; x_wconf 88' lang='lat' dir='ltr'><strong>quibus</strong></span> <span class='ocrx_word' id='word_1_751' title='bbox 1627 5088 1730 5146; x_wconf 88' lang='lat' dir='ltr'><strong>non</strong></span> <span class='ocrx_word' id='word_1_752' title='bbox 1762 5073 1984 5128; x_wconf 82' lang='lat' dir='ltr'><strong>dissidet</strong></span> <span class='ocrx_word' id='word_1_753' title='bbox 2018 5073 2178 5146; x_wconf 75' lang='lat' dir='ltr'><strong>Rom.</strong></span> 
     </span>
    </p>
   </div>
   <div class='ocr_carea' id='block_1_98' title="bbox 583 5145 2176 5221">
    <p class='ocr_par' dir='ltr' id='par_1_98' title="bbox 583 5145 2176 5221">
     <span class='ocr_line' id='line_1_98' title="bbox 583 5145 2176 5221; baseline -0.008 -9"><span class='ocrx_word' id='word_1_754' title='bbox 583 5157 716 5212; x_wconf 86' lang='lat' dir='ltr'><strong>edit.</strong></span> <span class='ocrx_word' id='word_1_755' title='bbox 764 5155 865 5208; x_wconf 78' lang='lat' dir='ltr'><strong>nisi</strong></span> <span class='ocrx_word' id='word_1_756' title='bbox 897 5151 1039 5221; x_wconf 86' lang='lat' dir='ltr'><strong>quod</strong></span> <span class='ocrx_word' id='word_1_757' title='bbox 1069 5145 1228 5221; x_wconf 77' lang='lat' dir='ltr'><strong>habet</strong></span> <span class='ocrx_word' id='word_1_758' title='bbox 1255 5188 1267 5210; x_wconf 93' lang='lat'><strong>,</strong></span> <span class='ocrx_word' id='word_1_759' title='bbox 1297 5145 1531 5221; x_wconf 78' lang='lat' dir='ltr'><strong>omnibus</strong></span> <span class='ocrx_word' id='word_1_760' title='bbox 1546 5145 1837 5221; x_wconf 57' lang='lat' dir='ltr'><strong>timebam;</strong></span> <span class='ocrx_word' id='word_1_761' title='bbox 1871 5145 2056 5200; x_wconf 78' lang='lat' dir='ltr'><strong>czeteri</strong></span> <span class='ocrx_word' id='word_1_762' title='bbox 2079 5162 2176 5199; x_wconf 84' lang='lat' dir='ltr'><strong>au-</strong></span> 
     </span>
    </p>
   </div>
   <div class='ocr_carea' id='block_1_99' title="bbox 585 5216 2105 5286">
    <p class='ocr_par' dir='ltr' id='par_1_99' title="bbox 585 5216 2105 5286">
     <span class='ocr_line' id='line_1_99' title="bbox 585 5216 2105 5286; baseline 0.001 -16"><span class='ocrx_word' id='word_1_763' title='bbox 585 5237 692 5282; x_wconf 59' lang='lat' dir='ltr'><strong>tem</strong></span> <span class='ocrx_word' id='word_1_764' title='bbox 726 5240 856 5279; x_wconf 69' lang='lat' dir='ltr'><strong>mss,</strong></span> <span class='ocrx_word' id='word_1_765' title='bbox 885 5216 947 5277; x_wconf 60' lang='grc' dir='ltr'><strong>δὲ</strong></span> <span class='ocrx_word' id='word_1_766' title='bbox 980 5232 1086 5275; x_wconf 86' lang='lat' dir='ltr'><strong>vet.</strong></span> <span class='ocrx_word' id='word_1_767' title='bbox 1119 5219 1280 5283; x_wconf 83' lang='lat' dir='ltr'><strong>etlit.,</strong></span> <span class='ocrx_word' id='word_1_768' title='bbox 1304 5216 1556 5286; x_wconf 82' lang='lat' dir='ltr'><strong>quidquid</strong></span> <span class='ocrx_word' id='word_1_769' title='bbox 1584 5217 1882 5269; x_wconf 83' lang='lat' dir='ltr'><strong>timebamus</strong></span> <span class='ocrx_word' id='word_1_770' title='bbox 1909 5233 2105 5272; x_wconf 84' lang='lat' dir='ltr'><strong>omnes.</strong></span> 
     </span>
    </p>
   </div>
   <div class='ocr_carea' id='block_1_100' title="bbox 659 5285 2175 5362">
    <p class='ocr_par' dir='ltr' id='par_1_100' title="bbox 659 5285 2175 5362">
     <span class='ocr_line' id='line_1_100' title="bbox 659 5285 2175 5362; baseline -0.007 -12"><span class='ocrx_word' id='word_1_771' title='bbox 659 5310 679 5336; x_wconf 79' lang='grc' dir='ltr'><strong>ο</strong></span> <span class='ocrx_word' id='word_1_772' title='bbox 725 5297 845 5350; x_wconf 80' lang='lat' dir='ltr'><strong>Mss.</strong></span> <span class='ocrx_word' id='word_1_773' title='bbox 901 5295 1105 5362; x_wconf 84' lang='lat' dir='ltr'><strong>aliquot</strong></span> <span class='ocrx_word' id='word_1_774' title='bbox 1155 5285 1397 5344; x_wconf 87' lang='lat' dir='ltr'><strong>melioris</strong></span> <span class='ocrx_word' id='word_1_775' title='bbox 1448 5299 1629 5353; x_wconf 75' lang='lat' dir='ltr'><strong>notzn,</strong></span> <span class='ocrx_word' id='word_1_776' title='bbox 1661 5285 1834 5340; x_wconf 79' lang='lat' dir='ltr'><strong>ntallet</strong></span> <span class='ocrx_word' id='word_1_777' title='bbox 1886 5287 2175 5356; x_wconf 88' lang='lat' dir='ltr'><strong>(quidam,</strong></span> 
     </span>
    </p>
   </div>
   <div class='ocr_carea' id='block_1_101' title="bbox 587 5367 1026 5436">
    <p class='ocr_par' dir='ltr' id='par_1_101' title="bbox 587 5367 1026 5436">
     <span class='ocr_line' id='line_1_101' title="bbox 587 5367 1026 5436; baseline -0.011 -15"><span class='ocrx_word' id='word_1_778' title='bbox 587 5367 752 5436; x_wconf 81' lang='lat' dir='ltr'><strong>mali!)</strong></span> <span class='ocrx_word' id='word_1_779' title='bbox 777 5367 1026 5436; x_wconf 74' lang='lat' dir='ltr'><strong>occidere.</strong></span> 
     </span>
    </p>
   </div>
   <div class='ocr_carea' id='block_1_102' title="bbox 653 5428 2177 5505">
    <p class='ocr_par' dir='ltr' id='par_1_102' title="bbox 653 5428 2177 5505">
     <span class='ocr_line' id='line_1_102' title="bbox 653 5428 2177 5505; baseline -0.001 -20"><span class='ocrx_word' id='word_1_780' title='bbox 653 5439 678 5475; x_wconf 78' lang='grc' dir='ltr'>ιι</span> <span class='ocrx_word' id='word_1_781' title='bbox 722 5428 836 5492; x_wconf 70' lang='lat' dir='ltr'><strong>Non</strong></span> <span class='ocrx_word' id='word_1_782' title='bbox 869 5434 1023 5505; x_wconf 87' lang='lat' dir='ltr'><strong>pauci</strong></span> <span class='ocrx_word' id='word_1_783' title='bbox 1055 5447 1186 5486; x_wconf 88' lang='lat' dir='ltr'><strong>mss.</strong></span> <span class='ocrx_word' id='word_1_784' title='bbox 1209 5473 1222 5496; x_wconf 92' lang='lat'><strong>,</strong></span> <span class='ocrx_word' id='word_1_785' title='bbox 1258 5430 1551 5505; x_wconf 48' lang='lat' dir='ltr'><strong>perfruitur</strong></span> <span class='ocrx_word' id='word_1_786' title='bbox 1577 5445 1722 5505; x_wconf 71' lang='lat' dir='ltr'><strong>sunt;</strong></span> <span class='ocrx_word' id='word_1_787' title='bbox 1755 5428 1947 5498; x_wconf 88' lang='lat' dir='ltr'><strong>reliqui</strong></span> <span class='ocrx_word' id='word_1_788' title='bbox 1977 5439 2032 5485; x_wconf 89' lang='lat' dir='ltr'><strong>et</strong></span> <span class='ocrx_word' id='word_1_789' title='bbox 2060 5446 2177 5505; x_wconf 91' lang='lat' dir='ltr'><strong>om-_</strong></span> 
     </span>
    </p>
   </div>
   <div class='ocr_carea' id='block_1_103' title="bbox 585 5498 2175 5578">
    <p class='ocr_par' dir='ltr' id='par_1_103' title="bbox 585 5498 2175 5578">
     <span class='ocr_line' id='line_1_103' title="bbox 585 5498 2175 5578; baseline 0.001 -29"><span class='ocrx_word' id='word_1_790' title='bbox 585 5528 680 5566; x_wconf 65' lang='lat' dir='ltr'><strong>&quot;es</strong></span> <span class='ocrx_word' id='word_1_791' title='bbox 711 5498 1190 5578; x_wconf 44' lang='lat' dir='ltr'><strong>cqiiq&#39;perfrurtus</strong></span> <span class='ocrx_word' id='word_1_792' title='bbox 1221 5498 1354 5554; x_wconf 79' lang='lat' dir='ltr'><strong>sum.</strong></span> <span class='ocrx_word' id='word_1_793' title='bbox 1382 5504 1447 5578; x_wconf 81' lang='lat' dir='ltr'><strong>At</strong></span> <span class='ocrx_word' id='word_1_794' title='bbox 1473 5498 1723 5578; x_wconf 52' lang='lat' dir='ltr'><strong>infrauibi</strong></span> <span class='ocrx_word' id='word_1_795' title='bbox 1755 5515 1893 5576; x_wconf 75' lang='lat' dir='ltr'><strong>mss.</strong></span> <span class='ocrx_word' id='word_1_796' title='bbox 1918 5517 2085 5570; x_wconf 85' lang='lat' dir='ltr'><strong>prOpe</strong></span> 
     </span>
    </p>
   </div>
   <div class='ocr_carea' id='block_1_104' title="bbox 583 5571 2175 5643">
    <p class='ocr_par' dir='ltr' id='par_1_104' title="bbox 583 5571 2175 5643">
     <span class='ocr_line' id='line_1_104' title="bbox 583 5571 2175 5643; baseline -0.006 -8"><span class='ocrx_word' id='word_1_797' title='bbox 583 5599 767 5643; x_wconf 84' lang='lat' dir='ltr'><strong>unum.</strong></span> <span class='ocrx_word' id='word_1_798' title='bbox 799 5588 853 5634; x_wconf 83' lang='lat' dir='ltr'><strong>et</strong></span> <span class='ocrx_word' id='word_1_799' title='bbox 885 5571 998 5632; x_wconf 50' lang='lat' dir='ltr'><strong>vel.</strong></span> <span class='ocrx_word' id='word_1_800' title='bbox 1025 5575 1152 5630; x_wconf 82' lang='lat' dir='ltr'><strong>edit.</strong></span> <span class='ocrx_word' id='word_1_801' title='bbox 1182 5616 1196 5639; x_wconf 91' lang='lat'><strong>,</strong></span> <span class='ocrx_word' id='word_1_802' title='bbox 1228 5572 1496 5625; x_wconf 80' lang='lat' dir='ltr'><strong>commisso</strong></span> <span class='ocrx_word' id='word_1_803' title='bbox 1529 5571 1654 5622; x_wconf 80' lang='lat' dir='ltr'><strong>mihi</strong></span> <span class='ocrx_word' id='word_1_804' title='bbox 1683 5571 1856 5639; x_wconf 75' lang='lat' dir='ltr'><strong>fenore</strong></span> <span class='ocrx_word' id='word_1_805' title='bbox 1885 5573 1898 5637; x_wconf 88' lang='lat'><strong>,</strong></span> <span class='ocrx_word' id='word_1_806' title='bbox 1933 5572 2175 5641; x_wconf 67' lang='lat' dir='ltr'><strong>reposuit</strong></span> 
     </span>
    </p>
   </div>
   <div class='ocr_carea' id='block_1_105' title="bbox 584 5651 1363 5712">
    <p class='ocr_par' dir='ltr' id='par_1_105' title="bbox 584 5651 1363 5712">
     <span class='ocr_line' id='line_1_105' title="bbox 584 5651 1363 5712; baseline -0.014 -6"><span class='ocrx_word' id='word_1_807' title='bbox 584 5652 711 5706; x_wconf 87' lang='lat' dir='ltr'><strong>edit.</strong></span> <span class='ocrx_word' id='word_1_808' title='bbox 749 5651 928 5712; x_wconf 57' lang='lat' dir='ltr'><strong>lionn,</strong></span> <span class='ocrx_word' id='word_1_809' title='bbox 963 5661 1225 5705; x_wconf 85' lang='lat' dir='ltr'><strong>concesso,</strong></span> <span class='ocrx_word' id='word_1_810' title='bbox 1259 5651 1363 5697; x_wconf 88' lang='lat' dir='ltr'><strong>etc.</strong></span> 
     </span>
    </p>
   </div>
   <div class='ocr_carea' id='block_1_106' title="bbox 656 5709 2170 5784">
    <p class='ocr_par' dir='ltr' id='par_1_106' title="bbox 656 5709 2170 5784">
     <span class='ocr_line' id='line_1_106' title="bbox 656 5709 2170 5784; baseline -0.002 -13"><span class='ocrx_word' id='word_1_811' title='bbox 656 5733 677 5757; x_wconf 73' lang='grc' dir='ltr'>ε</span> <span class='ocrx_word' id='word_1_812' title='bbox 730 5709 972 5777; x_wconf 75' lang='lat' dir='ltr'><strong>Nuntius</strong></span> <span class='ocrx_word' id='word_1_813' title='bbox 1036 5720 1198 5770; x_wconf 80' lang='lat' dir='ltr'><strong>variis</strong></span> <span class='ocrx_word' id='word_1_814' title='bbox 1235 5709 1748 5784; x_wconf 10' lang='lat' dir='ltr'><strong>rsignilicationibus</strong></span> <span class='ocrx_word' id='word_1_815' title='bbox 1806 5709 2004 5784; x_wconf 90' lang='lat' dir='ltr'><strong>quibus</strong></span> <span class='ocrx_word' id='word_1_816' title='bbox 2067 5715 2170 5768; x_wconf 80' lang='lat' dir='ltr'><strong>vita</strong></span> 
     </span>
    </p>
   </div>
   <div class='ocr_carea' id='block_1_107' title="bbox 587 5783 2167 5853">
    <p class='ocr_par' dir='ltr' id='par_1_107' title="bbox 587 5783 2167 5853">
     <span class='ocr_line' id='line_1_107' title="bbox 587 5783 2167 5853; baseline 0 -13"><span class='ocrx_word' id='word_1_817' title='bbox 587 5791 742 5841; x_wconf 79' lang='lat' dir='ltr'><strong>motio</strong></span> <span class='ocrx_word' id='word_1_818' title='bbox 777 5806 872 5852; x_wconf 74' lang='lat' dir='ltr'><strong>pro</strong></span> <span class='ocrx_word' id='word_1_819' title='bbox 896 5789 1095 5848; x_wconf 78' lang='lat' dir='ltr'><strong>anima,</strong></span> <span class='ocrx_word' id='word_1_820' title='bbox 1123 5783 1282 5838; x_wconf 83' lang='lat' dir='ltr'><strong>modo</strong></span> <span class='ocrx_word' id='word_1_821' title='bbox 1315 5801 1407 5852; x_wconf 84' lang='lat' dir='ltr'><strong>pro</strong></span> <span class='ocrx_word' id='word_1_822' title='bbox 1438 5786 1604 5846; x_wconf 83' lang='lat' dir='ltr'><strong>victu,</strong></span> <span class='ocrx_word' id='word_1_823' title='bbox 1631 5783 1792 5853; x_wconf 87' lang='lat' dir='ltr'><strong>modo</strong></span> <span class='ocrx_word' id='word_1_824' title='bbox 1823 5783 1919 5853; x_wconf 88' lang='lat' dir='ltr'><strong>pro</strong></span> <span class='ocrx_word' id='word_1_825' title='bbox 1951 5785 2167 5840; x_wconf 83' lang='lat' dir='ltr'><strong>vivendi</strong></span> 
     </span>
    </p>
   </div>
   <div class='ocr_carea' id='block_1_108' title="bbox 577 5852 2164 5926">
    <p class='ocr_par' dir='ltr' id='par_1_108' title="bbox 577 5852 2164 5926">
     <span class='ocr_line' id='line_1_108' title="bbox 577 5852 2164 5926; baseline 0.003 -18"><span class='ocrx_word' id='word_1_826' title='bbox 577 5861 774 5926; x_wconf 84' lang='lat' dir='ltr'><strong>spatio,</strong></span> <span class='ocrx_word' id='word_1_827' title='bbox 809 5856 969 5912; x_wconf 87' lang='lat' dir='ltr'><strong>modo</strong></span> <span class='ocrx_word' id='word_1_828' title='bbox 993 5871 1090 5926; x_wconf 90' lang='lat' dir='ltr'><strong>pro</strong></span> <span class='ocrx_word' id='word_1_829' title='bbox 1120 5853 1362 5910; x_wconf 83' lang='lat' dir='ltr'><strong>moribus</strong></span> <span class='ocrx_word' id='word_1_830' title='bbox 1395 5857 1708 5923; x_wconf 87' lang='lat' dir='ltr'><strong>usurpatur,</strong></span> <span class='ocrx_word' id='word_1_831' title='bbox 1739 5852 1794 5909; x_wconf 93' lang='lat' dir='ltr'><strong>in</strong></span> <span class='ocrx_word' id='word_1_832' title='bbox 1820 5852 2062 5911; x_wconf 85' lang='lat' dir='ltr'><strong>medium</strong></span> <span class='ocrx_word' id='word_1_833' title='bbox 2090 5856 2164 5912; x_wconf 83' lang='lat' dir='ltr'><strong>al-</strong></span> 
     </span>
    </p>
   </div>
   <div class='ocr_carea' id='block_1_109' title="bbox 2286 4792 3889 4863">
    <p class='ocr_par' dir='ltr' id='par_1_109' title="bbox 2286 4792 3889 4863">
     <span class='ocr_line' id='line_1_109' title="bbox 2286 4792 3889 4863; baseline 0.008 -18"><span class='ocrx_word' id='word_1_834' title='bbox 2286 4795 2516 4863; x_wconf 86' lang='lat' dir='ltr'><strong>positam</strong></span> <span class='ocrx_word' id='word_1_835' title='bbox 2565 4792 2718 4848; x_wconf 85' lang='lat' dir='ltr'><strong>dicit.</strong></span> <span class='ocrx_word' id='word_1_836' title='bbox 2755 4792 3139 4861; x_wconf 89' lang='lat' dir='ltr'><strong>Nihilominus,</strong></span> <span class='ocrx_word' id='word_1_837' title='bbox 3188 4797 3317 4852; x_wconf 92' lang='lat' dir='ltr'><strong>licet</strong></span> <span class='ocrx_word' id='word_1_838' title='bbox 3348 4797 3450 4852; x_wconf 90' lang='lat' dir='ltr'><strong>hoc</strong></span> <span class='ocrx_word' id='word_1_839' title='bbox 3477 4815 3582 4852; x_wconf 93' lang='lat' dir='ltr'><strong>non</strong></span> <span class='ocrx_word' id='word_1_840' title='bbox 3615 4805 3838 4856; x_wconf 89' lang='lat' dir='ltr'><strong>omnino</strong></span> <span class='ocrx_word' id='word_1_841' title='bbox 3861 4821 3889 4858; x_wconf 87' lang='lat' dir='ltr'><strong>a</strong></span> 
     </span>
    </p>
   </div>
   <div class='ocr_carea' id='block_1_110' title="bbox 2287 4863 3890 4939">
    <p class='ocr_par' dir='ltr' id='par_1_110' title="bbox 2287 4863 3890 4939">
     <span class='ocr_line' id='line_1_110' title="bbox 2287 4863 3890 4939; baseline 0.006 -22"><span class='ocrx_word' id='word_1_842' title='bbox 2287 4863 2774 4939; x_wconf 81' lang='lat' dir='ltr'><strong>nobisrespuatur,</strong></span> <span class='ocrx_word' id='word_1_843' title='bbox 2801 4867 3104 4936; x_wconf 89' lang='lat' dir='ltr'><strong>simplicius</strong></span> <span class='ocrx_word' id='word_1_844' title='bbox 3131 4877 3309 4923; x_wconf 90' lang='lat' dir='ltr'><strong>tamen</strong></span> <span class='ocrx_word' id='word_1_845' title='bbox 3336 4885 3433 4939; x_wconf 88' lang='lat' dir='ltr'><strong>pro</strong></span> <span class='ocrx_word' id='word_1_846' title='bbox 3457 4871 3629 4925; x_wconf 87' lang='lat' dir='ltr'><strong>salute</strong></span> <span class='ocrx_word' id='word_1_847' title='bbox 3657 4882 3890 4927; x_wconf 74' lang='lat' dir='ltr'><strong>aeterna-</strong></span> 
     </span>
    </p>
   </div>
   <div class='ocr_carea' id='block_1_111' title="bbox 2285 4937 3019 5006">
    <p class='ocr_par' dir='ltr' id='par_1_111' title="bbox 2285 4937 3019 5006">
     <span class='ocr_line' id='line_1_111' title="bbox 2285 4937 3019 5006; baseline 0.007 -21"><span class='ocrx_word' id='word_1_848' title='bbox 2285 4950 2389 5006; x_wconf 86' lang='lat' dir='ltr'><strong>que</strong></span> <span class='ocrx_word' id='word_1_849' title='bbox 2419 4937 2524 4988; x_wconf 90' lang='lat' dir='ltr'><strong>vita</strong></span> <span class='ocrx_word' id='word_1_850' title='bbox 2560 4940 2700 4990; x_wconf 87' lang='lat' dir='ltr'><strong>sumi</strong></span> <span class='ocrx_word' id='word_1_851' title='bbox 2747 4948 3019 5006; x_wconf 88' lang='lat' dir='ltr'><strong>putamus.</strong></span> 
     </span>
    </p>
   </div>
   <div class='ocr_carea' id='block_1_112' title="bbox 2361 5005 3886 5083">
    <p class='ocr_par' dir='ltr' id='par_1_112' title="bbox 2361 5005 3886 5083">
     <span class='ocr_line' id='line_1_112' title="bbox 2361 5005 3886 5083; baseline 0.005 -23"><span class='ocrx_word' id='word_1_852' title='bbox 2361 5005 2379 5042; x_wconf 76' lang='lat'><strong>&#39;</strong></span> <span class='ocrx_word' id='word_1_853' title='bbox 2424 5007 2500 5062; x_wconf 87' lang='lat' dir='ltr'><strong>Ita</strong></span> <span class='ocrx_word' id='word_1_854' title='bbox 2526 5009 2703 5062; x_wconf 91' lang='lat' dir='ltr'><strong>cuncti</strong></span> <span class='ocrx_word' id='word_1_855' title='bbox 2737 5005 2868 5062; x_wconf 88' lang='lat' dir='ltr'><strong>mss.</strong></span> <span class='ocrx_word' id='word_1_856' title='bbox 2903 5009 3076 5062; x_wconf 89' lang='lat' dir='ltr'><strong>tribus</strong></span> <span class='ocrx_word' id='word_1_857' title='bbox 3105 5011 3351 5081; x_wconf 83' lang='lat' dir='ltr'><strong>exceptis</strong></span> <span class='ocrx_word' id='word_1_858' title='bbox 3377 5053 3392 5076; x_wconf 94' lang='lat'><strong>,</strong></span> <span class='ocrx_word' id='word_1_859' title='bbox 3420 5011 3514 5083; x_wconf 90' lang='lat' dir='ltr'><strong>ubi</strong></span> <span class='ocrx_word' id='word_1_860' title='bbox 3540 5012 3756 5083; x_wconf 86' lang='lat' dir='ltr'><strong>legitur,</strong></span> <span class='ocrx_word' id='word_1_861' title='bbox 3786 5016 3886 5068; x_wconf 88' lang='lat' dir='ltr'><strong>im-</strong></span> 
     </span>
    </p>
   </div>
   <div class='ocr_carea' id='block_1_113' title="bbox 2287 5078 3889 5156">
    <p class='ocr_par' dir='ltr' id='par_1_113' title="bbox 2287 5078 3889 5156">
     <span class='ocr_line' id='line_1_113' title="bbox 2287 5078 3889 5156; baseline 0.006 -27"><span class='ocrx_word' id='word_1_862' title='bbox 2287 5078 2450 5145; x_wconf 80' lang='lat' dir='ltr'><strong>pietas</strong></span> <span class='ocrx_word' id='word_1_863' title='bbox 2492 5089 2598 5142; x_wconf 84' lang='lat' dir='ltr'><strong>cst;</strong></span> <span class='ocrx_word' id='word_1_864' title='bbox 2631 5093 2727 5146; x_wconf 87' lang='lat' dir='ltr'><strong>pro</strong></span> <span class='ocrx_word' id='word_1_865' title='bbox 2752 5094 2858 5148; x_wconf 87' lang='lat' dir='ltr'><strong>quo</strong></span> <span class='ocrx_word' id='word_1_866' title='bbox 2890 5090 3187 5148; x_wconf 84' lang='lat' dir='ltr'><strong>posuerunt</strong></span> <span class='ocrx_word' id='word_1_867' title='bbox 3231 5078 3423 5138; x_wconf 77' lang='lat' dir='ltr'><strong>omnes</strong></span> <span class='ocrx_word' id='word_1_868' title='bbox 3455 5078 3616 5150; x_wconf 47' lang='lat' dir='ltr'><strong>edit;</strong></span> <span class='ocrx_word' id='word_1_869' title='bbox 3650 5078 3889 5156; x_wconf 76' lang='lat' dir='ltr'><strong>impietas</strong></span> 
     </span>
    </p>
   </div>
   <div class='ocr_carea' id='block_1_114' title="bbox 2285 5160 2506 5202">
    <p class='ocr_par' dir='ltr' id='par_1_114' title="bbox 2285 5160 2506 5202">
     <span class='ocr_line' id='line_1_114' title="bbox 2285 5160 2506 5202; baseline -0.005 -1"><span class='ocrx_word' id='word_1_870' title='bbox 2285 5164 2385 5201; x_wconf 82' lang='lat' dir='ltr'><strong>non</strong></span> <span class='ocrx_word' id='word_1_871' title='bbox 2415 5160 2506 5202; x_wconf 80' lang='lat' dir='ltr'><strong>est.</strong></span> 
     </span>
    </p>
   </div>
   <div class='ocr_carea' id='block_1_115' title="bbox 2359 5219 3884 5298">
    <p class='ocr_par' dir='ltr' id='par_1_115' title="bbox 2359 5219 3884 5298">
     <span class='ocr_line' id='line_1_115' title="bbox 2359 5219 3884 5298; baseline 0.007 -26"><span class='ocrx_word' id='word_1_872' title='bbox 2359 5230 2383 5266; x_wconf 74' lang='grc' dir='ltr'><strong><em>ε</em></strong></span> <span class='ocrx_word' id='word_1_873' title='bbox 2425 5220 2630 5298; x_wconf 71' lang='lat' dir='ltr'><strong>Qmucs</strong></span> <span class='ocrx_word' id='word_1_874' title='bbox 2662 5219 2793 5298; x_wconf 78' lang='lat' dir='ltr'><strong>edit.</strong></span> <span class='ocrx_word' id='word_1_875' title='bbox 2825 5238 2944 5276; x_wconf 91' lang='lat' dir='ltr'><strong>cum</strong></span> <span class='ocrx_word' id='word_1_876' title='bbox 2983 5225 3354 5298; x_wconf 49' lang='lat' dir='ltr'><strong>paucismss”</strong></span> <span class='ocrx_word' id='word_1_877' title='bbox 3383 5227 3447 5279; x_wconf 82' lang='lat' dir='ltr'><strong>de</strong></span> <span class='ocrx_word' id='word_1_878' title='bbox 3475 5226 3657 5294; x_wconf 80' lang='lat' dir='ltr'><strong>fratris</strong></span> <span class='ocrx_word' id='word_1_879' title='bbox 3689 5238 3884 5292; x_wconf 86' lang='lat' dir='ltr'><strong>morte;</strong></span> 
     </span>
    </p>
   </div>
   <div class='ocr_carea' id='block_1_116' title="bbox 2285 5291 3813 5367">
    <p class='ocr_par' dir='ltr' id='par_1_116' title="bbox 2285 5291 3813 5367">
     <span class='ocr_line' id='line_1_116' title="bbox 2285 5291 3813 5367; baseline 0.005 -22"><span class='ocrx_word' id='word_1_880' title='bbox 2285 5291 2469 5367; x_wconf 65' lang='lat' dir='ltr'><strong>czeleri</strong></span> <span class='ocrx_word' id='word_1_881' title='bbox 2495 5291 2684 5367; x_wconf 81' lang='lat' dir='ltr'><strong>majori</strong></span> <span class='ocrx_word' id='word_1_882' title='bbox 2719 5308 2969 5367; x_wconf 83' lang='lat' dir='ltr'><strong>numero,</strong></span> <span class='ocrx_word' id='word_1_883' title='bbox 2997 5291 3052 5349; x_wconf 78' lang='lat' dir='ltr'><strong>et</strong></span> <span class='ocrx_word' id='word_1_884' title='bbox 3082 5297 3290 5351; x_wconf 89' lang='lat' dir='ltr'><strong>meliori</strong></span> <span class='ocrx_word' id='word_1_885' title='bbox 3318 5291 3506 5360; x_wconf 86' lang='lat' dir='ltr'><strong>sensu,</strong></span> <span class='ocrx_word' id='word_1_886' title='bbox 3538 5298 3604 5353; x_wconf 82' lang='lat' dir='ltr'><strong>de</strong></span> <span class='ocrx_word' id='word_1_887' title='bbox 3625 5300 3813 5367; x_wconf 76' lang='lat' dir='ltr'><strong>fratre.</strong></span> 
     </span>
    </p>
   </div>
   <div class='ocr_carea' id='block_1_117' title="bbox 2357 5359 3699 5438">
    <p class='ocr_par' dir='ltr' id='par_1_117' title="bbox 2357 5359 3699 5438">
     <span class='ocr_line' id='line_1_117' title="bbox 2357 5359 3699 5438; baseline 0.007 -26"><span class='ocrx_word' id='word_1_888' title='bbox 2357 5359 2381 5438; x_wconf 52' lang='grc' dir='ltr'><strong>ξι</strong></span> <span class='ocrx_word' id='word_1_889' title='bbox 2582 5363 2808 5438; x_wconf 83' lang='lat' dir='ltr'><strong>aliquot,</strong></span> <span class='ocrx_word' id='word_1_890' title='bbox 2842 5365 2973 5438; x_wconf 81' lang='lat' dir='ltr'><strong>dicit</strong></span> <span class='ocrx_word' id='word_1_891' title='bbox 2991 5384 3016 5438; x_wconf 12' lang='lat'><strong>7:</strong></span> <span class='ocrx_word' id='word_1_892' title='bbox 3048 5369 3137 5421; x_wconf 76' lang='lat' dir='ltr'><strong>Sic</strong></span> <span class='ocrx_word' id='word_1_893' title='bbox 3174 5385 3290 5420; x_wconf 85' lang='lat' dir='ltr'><strong>eum</strong></span> <span class='ocrx_word' id='word_1_894' title='bbox 3322 5367 3440 5422; x_wconf 78' lang='lat' dir='ltr'><strong>vola</strong></span> <span class='ocrx_word' id='word_1_895' title='bbox 3467 5359 3699 5422; x_wconf 67' lang='lat' dir='ltr'><strong>manere.</strong></span> 
     </span>
    </p>
   </div>
   <div class='ocr_carea' id='block_1_118' title="bbox 2364 5433 3886 5506">
    <p class='ocr_par' dir='ltr' id='par_1_118' title="bbox 2364 5433 3886 5506">
     <span class='ocr_line' id='line_1_118' title="bbox 2364 5433 3886 5506; baseline 0.007 -21"><span class='ocrx_word' id='word_1_896' title='bbox 2364 5433 2373 5466; x_wconf 80' lang='grc' dir='ltr'><strong>ί</strong></span> <span class='ocrx_word' id='word_1_897' title='bbox 2422 5433 2537 5485; x_wconf 84' lang='lat' dir='ltr'><strong>Non</strong></span> <span class='ocrx_word' id='word_1_898' title='bbox 2565 5433 2718 5506; x_wconf 71' lang='lat' dir='ltr'><strong>pauci</strong></span> <span class='ocrx_word' id='word_1_899' title='bbox 2753 5449 2908 5506; x_wconf 80' lang='lat' dir='ltr'><strong>tnss.,</strong></span> <span class='ocrx_word' id='word_1_900' title='bbox 2940 5437 3149 5489; x_wconf 78' lang='lat' dir='ltr'><strong>liberant</strong></span> <span class='ocrx_word' id='word_1_901' title='bbox 3177 5451 3388 5492; x_wconf 82' lang='lat' dir='ltr'><strong>sortem.</strong></span> <span class='ocrx_word' id='word_1_902' title='bbox 3418 5438 3534 5494; x_wconf 81' lang='lat' dir='ltr'><strong>Non</strong></span> <span class='ocrx_word' id='word_1_903' title='bbox 3569 5439 3736 5506; x_wconf 82' lang='lat' dir='ltr'><strong>male,</strong></span> <span class='ocrx_word' id='word_1_904' title='bbox 3763 5456 3886 5494; x_wconf 88' lang='lat' dir='ltr'><strong>cum</strong></span> 
     </span>
    </p>
   </div>
   <div class='ocr_carea' id='block_1_119' title="bbox 2281 5503 3887 5579">
    <p class='ocr_par' dir='ltr' id='par_1_119' title="bbox 2281 5503 3887 5579">
     <span class='ocr_line' id='line_1_119' title="bbox 2281 5503 3887 5579; baseline 0.007 -24"><span class='ocrx_word' id='word_1_905' title='bbox 2281 5517 2342 5579; x_wconf 79' lang='lat' dir='ltr'><strong>ea</strong></span> <span class='ocrx_word' id='word_1_906' title='bbox 2369 5517 2485 5555; x_wconf 59' lang='lat' dir='ltr'><strong>sor.</strong></span> <span class='ocrx_word' id='word_1_907' title='bbox 2519 5503 2984 5579; x_wconf 67' lang='lat' dir='ltr'><strong>\~et-e_sit_libera,</strong></span> <span class='ocrx_word' id='word_1_908' title='bbox 3016 5525 3136 5577; x_wconf 69' lang='lat' dir='ltr'><strong>«jus:</strong></span> <span class='ocrx_word' id='word_1_909' title='bbox 3180 5525 3282 5577; x_wconf 91' lang='lat' dir='ltr'><strong>pro</strong></span> <span class='ocrx_word' id='word_1_910' title='bbox 3315 5510 3467 5562; x_wconf 88' lang='lat' dir='ltr'><strong>lihito</strong></span> <span class='ocrx_word' id='word_1_911' title='bbox 3511 5503 3887 5579; x_wconf 80' lang='lat' dir='ltr'><strong>quoscumque</strong></span> 
     </span>
    </p>
   </div>
   <div class='ocr_carea' id='block_1_120' title="bbox 2280 5573 3886 5644">
    <p class='ocr_par' dir='ltr' id='par_1_120' title="bbox 2280 5573 3886 5644">
     <span class='ocr_line' id='line_1_120' title="bbox 2280 5573 3886 5644; baseline 0.006 -18"><span class='ocrx_word' id='word_1_912' title='bbox 2280 5575 2393 5626; x_wconf 88' lang='lat' dir='ltr'><strong>sive</strong></span> <span class='ocrx_word' id='word_1_913' title='bbox 2423 5587 2582 5626; x_wconf 76' lang='lat' dir='ltr'><strong>senes</strong></span> <span class='ocrx_word' id='word_1_914' title='bbox 2623 5573 2987 5644; x_wconf 76' lang='lat' dir='ltr'><strong>sivejuvenes</strong></span> <span class='ocrx_word' id='word_1_915' title='bbox 3030 5573 3222 5644; x_wconf 67' lang='lat' dir='ltr'><strong>carpi}.</strong></span> <span class='ocrx_word' id='word_1_916' title='bbox 3277 5579 3459 5633; x_wconf 89' lang='lat' dir='ltr'><strong>Potuit</strong></span> <span class='ocrx_word' id='word_1_917' title='bbox 3511 5573 3693 5635; x_wconf 78' lang='lat' dir='ltr'><strong>tamen</strong></span> <span class='ocrx_word' id='word_1_918' title='bbox 3732 5573 3886 5638; x_wconf 82' lang='lat' dir='ltr'><strong>error</strong></span> 
     </span>
    </p>
   </div>
   <div class='ocr_carea' id='block_1_121' title="bbox 2277 5644 3884 5724">
    <p class='ocr_par' dir='ltr' id='par_1_121' title="bbox 2277 5644 3884 5724">
     <span class='ocr_line' id='line_1_121' title="bbox 2277 5644 3884 5724; baseline 0.007 -27"><span class='ocrx_word' id='word_1_919' title='bbox 2277 5657 2398 5698; x_wconf 87' lang='lat' dir='ltr'><strong>esse</strong></span> <span class='ocrx_word' id='word_1_920' title='bbox 2421 5644 2768 5724; x_wconf 77' lang='lat' dir='ltr'><strong>scripturum,</strong></span> <span class='ocrx_word' id='word_1_921' title='bbox 2803 5663 2830 5698; x_wconf 90' lang='lat' dir='ltr'><strong>a</strong></span> <span class='ocrx_word' id='word_1_922' title='bbox 2861 5652 3055 5716; x_wconf 88' lang='lat' dir='ltr'><strong>quibus</strong></span> <span class='ocrx_word' id='word_1_923' title='bbox 3085 5650 3301 5702; x_wconf 82' lang='lat' dir='ltr'><strong>liberant</strong></span> <span class='ocrx_word' id='word_1_924' title='bbox 3351 5665 3446 5720; x_wconf 92' lang='lat' dir='ltr'><strong>pro</strong></span> <span class='ocrx_word' id='word_1_925' title='bbox 3493 5652 3715 5706; x_wconf 79' lang='lat' dir='ltr'><strong>liberum</strong></span> <span class='ocrx_word' id='word_1_926' title='bbox 3753 5670 3884 5708; x_wconf 76' lang='lat' dir='ltr'><strong>exa-</strong></span> 
     </span>
    </p>
   </div>
   <div class='ocr_carea' id='block_1_122' title="bbox 2275 5725 2572 5768">
    <p class='ocr_par' dir='ltr' id='par_1_122' title="bbox 2275 5725 2572 5768">
     <span class='ocr_line' id='line_1_122' title="bbox 2275 5725 2572 5768; baseline -0.007 0"><span class='ocrx_word' id='word_1_927' title='bbox 2275 5725 2451 5768; x_wconf 79' lang='lat' dir='ltr'><strong>ratum</strong></span> <span class='ocrx_word' id='word_1_928' title='bbox 2483 5727 2572 5768; x_wconf 89' lang='lat' dir='ltr'><strong>Sil.</strong></span> 
     </span>
    </p>
   </div>
   <div class='ocr_carea' id='block_1_123' title="bbox 2350 5785 3586 5855">
    <p class='ocr_par' dir='ltr' id='par_1_123' title="bbox 2350 5785 3586 5855">
     <span class='ocr_line' id='line_1_123' title="bbox 2350 5785 3586 5855; baseline 0.006 -18"><span class='ocrx_word' id='word_1_929' title='bbox 2350 5787 2362 5837; x_wconf 88' lang='lat' dir='ltr'><strong>l</strong></span> <span class='ocrx_word' id='word_1_930' title='bbox 2413 5785 2642 5854; x_wconf 84' lang='lat' dir='ltr'><strong>Quidam</strong></span> <span class='ocrx_word' id='word_1_931' title='bbox 2677 5802 2834 5855; x_wconf 85' lang='lat' dir='ltr'><strong>mss.,</strong></span> <span class='ocrx_word' id='word_1_932' title='bbox 2860 5805 3062 5844; x_wconf 79' lang='lat' dir='ltr'><strong>sensum</strong></span> <span class='ocrx_word' id='word_1_933' title='bbox 3103 5789 3302 5847; x_wconf 78' lang='lat' dir='ltr'><strong>doloris</strong></span> <span class='ocrx_word' id='word_1_934' title='bbox 3321 5791 3586 5847; x_wconf 81' lang='lat' dir='ltr'><strong>obdulcat.</strong></span> 
     </span>
    </p>
   </div>
  </div>
