4076 6172
215 369 357 427 1293
953 379 957 382 ’
1131 363 1221 429 DE
1260 369 1579 430 EXCESSU
1616 368 1922 430 ramus
1960 369 2074 430 SUl
2110 370 2367 431 SATYRI
2405 374 2517 433 LIB
2554 374 2597 433 l.
3375 376 3516 433 1294

213 486 343 540 vitae
374 483 606 542 tuaeboe
633 483 895 557 quidquid
922 493 1028 553 est,
1060 495 1086 525 ι
1114 487 1259 557 quod
1278 490 1574 559 spiramus,
1602 492 1815 559 spirare
1840 489 1895 549 A
1918 507 2014 549 ces
2039 502 2163 547 sunt
2196 492 2419 548 doloris.
2447 493 2763 565 Lacrymavi
2790 506 2947 562 ergo,
2972 491 3171 560 fateor,
3206 493 3370 549 etiam
3396 512 3517 564 ego,

212 590 525 647 possemus,
557 576 960 649 dimidiumque
998 594 1248 636 meorum
1280 580 1558 639 decideret
1604 593 1814 656 tempti‘
1914 586 2014 642 sed
2044 584 2361 656 Iacrytnavit
2404 593 2462 641 et
2493 585 2771 641 Dominus.
2816 585 2915 641 ille
2964 585 3198 640 alienum
3222 626 3237 651 ,
3265 600 3368 656 ego
3408 586 3516 641 fra-

212 683 355 735 rum,
388 668 535 739 quod
576 668 644 724 ad
694 679 912 725 tuorum
963 670 1257 741 proliceret
1300 674 1489 730 usum!
1520 675 1624 731 Par
1664 677 1812 732 enim
1918 689 2054 735 trem
2095 676 2378 752 (lentum,
2402 677 2496 749 55)
2529 695 2543 732 :
2578 678 2669 734 ille
2705 678 2756 732 in
2790 692 2899 732 uno
2939 677 3261 749 lacrymavit
3301 692 3513 744 omnes,

213 766 354 825 erat,
384 771 442 816 ut
464 760 662 832 quibus
692 761 985 819 indivisum
1024 779 1246 836 semper
1275 765 1375 822 fuit
1428 769 1812 838 patrimonium

216 854 739 923 facultatumbnon
770 867 919 915 esset
966 860 1090 914 vitae
1140 870 1353 929 tempus
1401 861 1635 918 divisum
1681 863 1815 921 :vel

215 956 367 1005 certe
394 948 487 1019 qui
516 948 828 1004 indistincta
873 965 1091 1020 seraper
1118 950 1405 1008 habuimus
1433 953 1645 1010 vivendi
1684 970 1818 1011 con-

217 1041 408 1107 sortia,
433 1057 539 1096 non
570 1041 898 1098 haberemus
929 1054 953 1081 ε
984 1042 1244 1099 distincta
1272 1046 1562 1102 moriendi.

288 1135 342 1189 8.
376 1132 528 1188 Nunc
552 1149 705 1201 vero,
733 1133 927 1202 frater,
957 1153 1065 1206 quo
1096 1137 1437 1209 progrediar,
1464 1155 1643 1211 quove
1683 1155 1817 1198 eon-

216 1226 441 1281 vertar?
470 1225 573 1281 Bos
604 1227 797 1282 bovem
824 1229 1074 1297 requirit,
1093 1244 1267 1300 seque
1295 1245 1405 1286 non
1435 1239 1606 1288 totum
1639 1242 1814 1304 putat,

216 1324 274 1371 et
299 1314 573 1385 frequenti
599 1318 811 1389 mugitu
840 1321 986 1389 pium
1015 1326 1248 1377 testatur
1285 1337 1551 1386 antorem,
1587 1326 1634 1379 si
1672 1325 1817 1381 forte

216 1408 483 1467 defecerit
509 1425 633 1467 cum
658 1425 771 1482 quo
792 1410 995 1469 ducere
1027 1413 1170 1468 collo
1197 1423 1377 1469 aratra
1406 1417 1692 1473 consuevit
1723 1435 1737 1471 :
1761 1428 1816 1473 et

216 1518 321 1574 ego
352 1512 427 1570 te,
454 1502 651 1571 frater,
678 1520 791 1560 non
821 1504 1143 1575 requiram?
1170 1506 1280 1562 Aut
1308 1522 1524 1577 possunt
1558 1524 1814 1581 umquam

218 1596 467 1653 oblivisci
496 1598 594 1663 tui,
626 1612 749 1652 cum
779 1614 888 1667 quo
916 1599 1044 1654 vita:
1070 1598 1227 1670 hujus
1253 1616 1472 1672 semper
1490 1612 1668 1659 aratra
1696 1618 1818 1659 sus-

219 1689 394 1747 tinui?
423 1689 634 1746 Labore
662 1689 912 1759 inferior,
941 1691 1037 1748 sed
1076 1707 1267 1750 amore
1290 1696 1636 1762 coniunctior
1666 1714 1682 1752 :
1708 1711 1817 1753 non

220 1794 329 1841 tam
361 1800 478 1840 mea
496 1785 699 1841 virtute
725 1785 948 1851 habilis,
966 1801 1132 1856 quam
1154 1794 1247 1843 tua
1275 1789 1531 1858 patientia
1558 1790 1820 1846 tolerabi-

1914 787 2018 844 (το
2046 774 2098 828 in
2122 772 2384 827 omnibus
2426 770 2735 843 lacrymabo
2758 779 2832 836 te,
2858 769 3046 826 frater.

1990 868 2080 922 il.
2101 866 2198 921 Ille
2226 874 2437 933 nostro,
2468 879 2578 920 non
2600 879 2707 920 suo
2728 864 3052 936 iaerymavit
3079 863 3308 930 affectu;
3340 878 3520 935 neque

1914 956 2062 1012 enim
2090 956 2349 1012 divinitas
2370 956 2639 1028 iacrymas
2662 956 2825 1013 habet
2849 973 2863 1010 :
2896 966 2920 994 ο
2950 955 3043 1012 sed
3074 955 3401 1029 lacrymavit
3429 971 3517 1022 eo,

1916 1063 2028 1119 quo
2052 1049 2226 1104 tristis
2244 1047 2346 1104 fuit
2373 1048 2591 1120 (Hatria.
2621 1064 2770 1115 nrt,
2799 1049 2926 1119 58):
2955 1048 3274 1120 lacrymavit
3303 1062 3394 1116 eo,
3413 1062 3523 1118 quo

1912 1141 2208 1201 crucifixus
2230 1151 2336 1208 est,
2368 1156 2478 1213 quo
2525 1149 2795 1208 mortuus,
2818 1155 2927 1213 quo
2954 1141 3201 1211 sepultus
3238 1150 3337 1196 est
3378 1157 3390 1194 :
3439 1142 3519 1194 la-

1917 1235 2185 1304 crymavit
2211 1232 2268 1288 in
2288 1247 2380 1298 eo,
2410 1234 2479 1289 de
2510 1248 2626 1304 quo
2653 1233 2815 1288 hodie
2860 1232 3025 1287 nobis
3072 1233 3370 1288 insinuavit
3398 1247 3526 1302 pro-

1919 1325 2080 1397 pheta
2105 1366 2120 1392 ,
2146 1325 2340 1382 dicens
2371 1346 2384 1382 :
2437 1325 2608 1381 Μαίον’
2649 1325 2779 1382 Sion
2817 1326 2953 1381 dicet
2987 1343 3000 1379 :
3036 1325 3229 1391 Homo,
3271 1335 3319 1381 et
3369 1327 3523 1381 homo

1920 1417 2090 1487 {actus
2110 1426 2186 1471 est
2212 1417 2269 1471 in
2297 1433 2376 1480 ea,
2397 1425 2445 1472 et
2466 1417 2580 1487 ipse
2603 1417 2843 1488 fundauit
2873 1433 2986 1472 eam
3016 1418 3311 1475 Altissimus
3338 1417 3515 1489 (Prol.

1920 1523 2145 1574 unm,
2173 1507 2249 1579 ὅ).
2282 1509 2364 1565 Eo
2413 1509 2758 1581 lacrymavit,
2793 1525 2904 1581 quo
2932 1521 3163 1567 matrem
3194 1511 3326 1567 Sion
3359 1512 3529 1578 dixit,

1917 1600 2136 1670 genitus
2160 1601 2219 1656 in
2247 1600 2460 1664 «Iudaea,
2490 1610 2779 1672 susceptus
2807 1601 3145 1673 e-xVirgine.
3176 1602 3409 1659 Matrem
3433 1620 3531 1658 att-

1918 1701 2029 1749 tem
2064 1694 2367 1750 secundum
2399 1694 2740 1750 divinitatem
2768 1695 2978 1752 habere
3037 1712 3143 1752 non
3174 1698 3369 1767 potuit,
3401 1700 3529 1768 qttia

1919 1793 2111 1842 auctor
2136 1795 2224 1843 est
2253 1787 2466 1843 matris.
2490 1789 2588 1843 Ille
2628 1787 2802 1843 factus
2826 1796 2913 1844 est
2939 1803 3048 1842 non
3082 1788 3276 1844 divina
3297 1804 3534 1860 genera-

217 1879 320 1944 lis,
356 1878 568 1952 1116
608 1879 700 1949 qui
734 1880 824 1948 pio
875 1896 1095 1951 semper
1141 1880 1411 1941 sollicitus
1446 1882 1642 1939 aﬂ'ectu
1680 1884 1820 1939 latus
1846 1876 1901 1938 Β
1924 1880 2096 1947 tione,
2124 1879 2224 1935 sed
2258 1879 2535 1946 humana;
2565 1880 2691 1952 quia
2736 1880 2905 1937 homo
2948 1880 3129 1937 factus
3179 1889 3296 1946 est,
3333 1880 3352 1920 ί
3384 1882 3530 1938 Deus

217 1987 396 2027 meum
450 1981 542 2027 tuo
599 1972 768 2028 latere
813 1972 1068 2042 sepiehas
1110 1996 1125 2031 :
1160 1975 1452 2042 charitate,
1496 1985 1556 2033 ut
1607 1976 1816 2033 frater:

215 2077 369 2129 cura.
401 2072 462 2120 ut
496 2070 650 2134 pater
677 2080 693 2130 ;
724 2064 1118 2132 sollicitudine,
1148 2075 1206 2120 ut
1226 2068 1412 2123 senior
1444 2085 1457 2121 :
1490 2070 1819 2136 reverentia,

219 2165 276 2211 ut
293 2155 497 2226 junior.
521 2156 596 2212 ita
625 2158 680 2212 in
722 2158 883 2213 unius
916 2159 1345 2216 necessitudinis
1367 2162 1537 2231 gradu
1574 2163 1822 2233 complu-

217 2250 358 2306 rium
392 2251 523 2307 mihi
555 2252 1015 2307 necessitudinum
1046 2252 1225 2308 ofﬁcia
1258 2253 1650 2324 impendebas;
1684 2265 1741 2309 ut
1766 2256 1821 2311 in

212 2353 271 2401 te
306 2361 415 2400 non
445 2360 635 2410 unum,
660 2346 758 2401 sed
806 2346 990 2416 plures
1016 2348 1248 2402 amissas
1290 2350 1607 2418 requiram,
1628 2350 1683 2404 in
1712 2365 1822 2420 quo

217 2450 327 2492 uno
356 2436 603 2508 ignorata
633 2420 909 2504 adt-datio,
936 2452 1198 2506 expressa
1244 2447 1331 2493 cst
1387 2440 1582 2508 pictas.
1637 2440 1824 2512 Neque

218 2528 364 2583 enim
413 2527 654 2584 habebas
683 2527 827 2598 quod
865 2528 1217 2584 simulatione
1235 2530 1488 2597 adderes,
1517 2530 1610 2601 qui
1652 2540 1821 2586 totum

218 2622 419 2691 pietate
462 2620 986 2692 comprehenderes,
1030 2632 1085 2677 ut
1134 2637 1235 2678 nec
1285 2623 1621 2679 incrementa
1668 2638 1821 2680 rece—

208 2713 387 2787 peris,
418 2729 518 2771 nec
546 2716 719 2770 vicem
745 2715 1113 2785 exspectaris.

287 2808 341 2864 9.
398 2808 505 2866 Sed
545 2824 653 2878 quo
695 2809 985 2865 immemor
1006 2808 1197 2873 cilicii,
1232 2824 1445 2864 memor
1484 2809 1694 2879 gratim,
1722 2809 1826 2863 im-

217 2900 432 2956 modico
473 2900 663 2956 dolore
718 2902 1084 2971 progredior?
1117 2901 1360 2956 ReVocat
1394 2901 1722 2971 Apostolus,
1770 2910 1827 2956 et

218 3004 494 3065 tamquam
524 2991 708 3048 frenos
738 2994 962 3050 muneri
988 2994 1220 3059 inducit,
1248 2993 1439 3049 dicens
1486 2994 1629 3048 sicut
1654 3007 1827 3063 nuper

217 3085 447 3141 audistis
476 3102 490 3140 :
525 3083 786 3140 Nolumus
828 3101 914 3140 vos
944 3086 1206 3159 ignorare,
1239 3085 1446 3153 fratres,
1469 3085 1533 3139 de
1558 3084 1824 3139 dormien-

218 3178 387 3247 tibus;
418 3187 472 3232 ut
499 3195 603 3233 non
631 3179 802 3233 tristes
836 3180 972 3241 sitis,
1000 3178 1130 3233 sicut
1151 3188 1199 3232 et
1240 3179 1415 3233 cteteri
1442 3179 1532 3249 qui
1556 3195 1699 3248 spem
1722 3192 1825 3231 non

1920 1982 2085 2029 natus
2108 1983 2215 2028 est.

1994 2067 2083 2122 ﬁ.
2119 2067 2214 2122 Sic
2263 2076 2319 2123 et
2357 2067 2486 2124 alibi
2508 2067 2684 2122 babes
2718 2084 2731 2119 :
2788 2066 2935 2120 Puer
2956 2077 3112 2121 natus
3137 2076 3212 2121 est
3234 2068 3404 2133 nobis,
3436 2067 3533 2122 Fi-

1921 2161 2025 2215 lius
2048 2161 2201 2215 datus
2238 2170 2315 2216 est
2345 2160 2492 2215 nobis
2517 2159 2691 2233 (Euri.
2722 2175 2799 2224 rx,
2830 2158 2913 2231 6).
2960 2159 3017 2212 in
3050 2174 3223 2229 puero
3252 2162 3395 2215 enim
3435 2176 3534 2216 no-

1925 2267 2046 2307 men
2078 2252 2279 2316 :etatis,
2314 2252 2367 2306 in
2391 2251 2530 2306 Filio
2556 2250 2842 2320 plenitudo
2866 2251 3172 2305 divinitatis
3202 2260 3305 2306 est.
3332 2251 3531 2306 Factus

1922 2359 1990 2400 ex
2020 2354 2217 2408 matre,
2248 2353 2405 2400 natus
2431 2359 2497 2400 ex
2520 2344 2724 2409 Patre;
2758 2343 2900 2399 idem
2934 2352 3118 2399 tamen
3146 2353 3204 2400 et
3254 2354 3418 2399 natus
3447 2357 3531 2400 est

1923 2447 1979 2493 et
2010 2437 2219 2493 datus:
2252 2454 2360 2493 non
2407 2438 2723 2504 diversum,
2773 2438 2870 2493 sed
2924 2454 3090 2493 unum
3149 2447 3327 2508 putes.
3381 2440 3534 2495 Unus

1925 2531 2073 2586 enim
2117 2530 2214 2585 Dei
2241 2528 2442 2597 Filius,
2470 2540 2525 2585 et
2549 2538 2709 2585 natus
2735 2544 2800 2584 cx
2834 2529 3014 2596 Patre,
3044 2536 3101 2585 et
3125 2540 3277 2586 ortus
3320 2546 3385 2587 ex
3414 2530 3540 2586 Vir-

1924 2624 2075 2694 gine,
2102 2621 2324 2676 distanti
2356 2620 2571 2686 ordine,
2600 2630 2626 2669 δ
2655 2620 2753 2677 sed
2778 2621 2833 2675 in
2856 2636 3024 2675 unum
3049 2632 3414 2678 concurrente
3436 2639 3537 2677 no-

1928 2716 2094 2779 mine,
2132 2715 2276 2769 sicut
2314 2723 2368 2768 et
2416 2727 2661 2783 prtcsens
2704 2712 2870 2768 lectio
2895 2712 3077 2778 docet,
3110 2715 3235 2784 quia
3285 2723 3335 2769 et
3380 2717 3534 2769 homo

1929 2810 2095 2878 factus
2111 2816 2186 2861 est
2214 2811 2269 2859 in
2290 2821 2369 2871 eo,
2393 2815 2442 2860 et
2464 2806 2576 2876 ipse
2598 2805 2838 2874 {undavit
2863 2805 3076 2878 ιιιῚ
3102 2822 3213 2860 eam
3238 2806 3533 2862 Altissimus

1929 2897 2102 2970 (Paul.
2124 2913 2358 2964 LXXXVI,
2382 2896 2466 2969 ὃ),
2494 2896 2659 2951 homo
2698 2896 2889 2967 utique
2925 2913 3180 2967 corpore,
3230 2899 3535 2955 altissimus

1928 2998 2215 3060 pateatate.
2264 2990 2331 3044 Et
2372 2989 2417 3043 si
2468 2989 2613 3042 Deus
2640 2997 2696 3044 et
2725 2986 2891 3044 homo
2932 2988 3252 3046 diversitate
3288 3000 3532 3057 naturae;

1931 3083 2072 3137 idem
2107 3092 2285 3137 tamen
2331 3080 2609 3137 nonalter
2654 3079 2709 3134 in
2758 3089 3011 3152 utroque.
3043 3081 3208 3137 Aliud
3251 3097 3383 3153 ergo
3408 3096 3537 3153 spe-

1928 3176 2064 3231 ciale
2093 3183 2304 3229 natura:
2327 3189 2461 3241 sure,
2492 3172 2645 3228 aliud
2678 3168 3279 3231 commtme'nobiscuut
3310 3194 3322 3229 :
3356 3176 3451 3232 sed
3481 3178 3534 3233 in

220 3269 406 3324 habent
430 3268 477 3339 (l
502 3268 679 3325 Thess.
714 3284 784 3335 tv,
818 3269 927 3340 l2).
956 3268 1092 3324 Date
1115 3269 1355 3332 veniam,
1387 3267 1584 3324 fratres
1606 3269 1820 3323 citaris-
1838 3264 1893 3326 (ἲ.
1918 3277 2157 3337 utroque
2177 3283 2319 3322 unus
2342 3309 2354 3331 ,
2385 3277 2441 3323 et
2466 3277 2700 3336 utroque
2727 3265 3024 3337 perfectus.

218 3362 365 3419 simi.
412 3361 598 3433 Neque
628 3362 774 3418 enim
822 3377 1021 3418 omnes
1058 3376 1347 3431 possumus
1375 3360 1562 3416 dicere
1595 3378 1609 3414 :
1640 3359 1827 3414 Imita-

223 3464 357 3509 torcs
380 3454 477 3507 mei
498 3462 674 3516 estote,
702 3454 836 3508 sicut
853 3462 903 3507 et
933 3469 1026 3525 ego
1048 3451 1242 3508 Christi
1265 3450 1310 3524 (l
1333 3451 1456 3508 Cor.
1482 3468 1557 3521 tv,
1585 3451 1696 3526 16);
1727 3452 1825 3509 sed

220 3548 290 3606 ad
332 3546 656 3604 imitandum
687 3549 733 3605 si
782 3556 1061 3603 auctorem
1091 3547 1363 3615 «immitis,
1404 3548 1620 3603 habetis
1664 3561 1824 3616 quem

222 3641 448 3714 possitis
499 3641 724 3698 imitari.
771 3639 889 3696 Non
926 3655 1123 3697 omnes
1170 3640 1237 3696 ad
1289 3639 1593 3696 docendum
1620 3639 1826 3705 idonei,

223 3734 431 3790 utinam
471 3747 665 3791 omnes
694 3734 762 3788 ad
790 3733 1110 3791 discendum
1148 3734 1394 3788 habiles!

298 3826 389 3887 1ορ
417 3827 488 3881 At
515 3842 624 3881 non
649 3840 875 3895 gravem
896 3826 1152 3897 lacrymis
1170 3826 1547 3880 contraximus
1570 3823 1789 3893 cuipam
1813 3842 1825 3878 :

225 3934 337 3974 non
389 3916 570 3979 omnis
614 3915 955 3972 infidelitatis
998 3926 1098 3972 aut
1146 3916 1477 3971 infirmitatis
1527 3921 1614 3969 est
1648 3915 1825 3970 ﬂetus.

223 4007 381 4067 Alius
409 4016 492 4064 est
516 4016 723 4063 natura:
754 4006 932 4072 dolor,
954 4007 1060 4061 alia
1105 4015 1191 4063 est
1216 4006 1435 4060 tristitia
1463 4004 1785 4060 diffidentia:
1810 4023 1826 4063 τ

222 4113 281 4161 et
304 4103 594 4176 plurimum
620 4100 794 4158 refert
821 4100 1162 4165 desiderare,
1185 4099 1325 4168 quod
1349 4098 1639 4165 habueris;
1671 4107 1724 4153 et
1747 4098 1831 4153 lu-~

224 4214 379 4271 gere.
409 4196 554 4270 quod
590 4195 871 4253 amiseris.
904 4193 1021 4248 Non
1054 4192 1204 4247 solus
1234 4192 1394 4248 dolor
1416 4192 1689 4264 laerymas
1724 4191 1828 4245 ha-

228 4288 533 4355 bet,‘habet
563 4297 620 4342 et
646 4287 830 4343 laetitia
858 4285 1126 4358 lacrymas
1154 4300 1304 4351 snas,
1336 4295 1390 4340 et
1430 4285 1605 4356 pictas
1642 4284 1828 4340 ﬂetum

227 4385 448 4448 excitat,
480 4394 535 4440 et
562 4383 741 4439 oratio
771 4391 999 4438 stratum
1043 4386 1204 4452 rigat,
1238 4389 1294 4435 et
1323 4378 1350 4416 ά
1382 4381 1646 4450 precatio,
1679 4380 1829 4451 juxta

218 4479 610 4551 Propiteeicutn
662 4476 868 4533 dictum
912 4474 1087 4549 (Paul.
1120 4489 1196 4541 vt,
1230 4472 1309 4547 7),
1354 4473 1612 4528 lectulum
1660 4473 1824 4531 lavat.

218 4573 502 4649 Fecerunt
531 4583 585 4629 et
608 4554 798 4629 fletum
822 4585 1079 4643 magnum
1111 4572 1194 4626 sui
1222 4584 1344 4625 cum
1387 4568 1715 4638 patriarcha
1744 4582 1832 4625 se-

2000 3362 2091 3417 13.
2124 3361 2240 3416 Non
2293 3362 2454 3433 igitur
2503 3360 2809 3416 mirandum
2839 3371 2944 3425 est,
2970 3363 3094 3433 quia
3142 3372 3198 3419 et
3249 3363 3536 3421 Dominum

1928 3467 2051 3507 eum
2083 3462 2140 3507 ct
2158 3452 2431 3508 Christum
2460 3453 2590 3509 fecit
2610 3454 2778 3509 Dens.
2808 3453 2961 3509 Fecit
3006 3469 3139 3523 ergo
3164 3454 3375 3524 Iesum,
3404 3473 3528 3512 eum

1928 3545 2115 3615 utique
2140 3546 2233 3616 qui
2263 3559 2328 3601 ex
2360 3560 2592 3616 corpore
2621 3560 2821 3599 nomen
2865 3546 3075 3614 accepit
3099 3562 3114 3610 ;
3138 3547 3268 3600 fecit
3298 3562 3422 3602 eum
3462 3550 3530 3603 de

1929 3653 2037 3709 quo
2057 3640 2219 3694 etiam
2242 3638 2551 3709 patriarcha
2575 3638 2758 3692 scribit
2787 3637 2953 3691 David
2980 3655 2992 3689 :
3020 3636 3191 3691 Mater
3219 3638 3349 3693 Sion
3368 3639 3534 3694 dicet:

1933 3729 2127 3793 Homo,
2159 3738 2206 3784 et
2235 3731 2386 3784 homo
2411 3726 2439 3765 δ
2475 3728 2645 3798 factus
2666 3736 2740 3783 est
2759 3729 2813 3781 in
2842 3744 2922 3782 ea.
2950 3727 3125 3782 ilomo
3156 3736 3334 3784 autem
3359 3728 3534 3786 factus

1932 3823 2209 3882 dissimilis
2234 3823 2417 3891 utique
2446 3828 2658 3875 estnon
2676 3820 2981 3884 divinitate,
3013 3820 3107 3874 sed
3132 3835 3362 3890 corpore
3389 3840 3403 3876 :
3434 3840 3537 3881 nec

1931 3919 2202 3973 discretus
2228 3930 2258 3968 a
2284 3914 2461 3977 Patre,
2489 3911 2585 3967 sed
2613 3919 2880 3981 exceptus
2906 3910 2959 3965 in
2986 3926 3218 3967 munere
3250 3930 3263 3967 :
3297 3929 3530 3971 manens

1934 4009 1987 4064 in
2010 4005 2291 4063 consortio
2320 4003 2623 4076 potestatis,
2654 4011 2968 4073 segregatus
3015 4004 3068 4057 in
3118 4007 3379 4076 mysterio
3410 4022 3538 4077 pas-

1922 4100 2123 4155 eiunis.

2010 4192 2095 4247 i4.
2149 4191 2308 4245 Plura
2350 4188 2453 4242 loci
2516 4184 2712 4256 hujusi
2749 4193 3011 4242 tractatus
3040 4186 3305 4255 exposcit,
3334 4188 3535 4256 quibus

1933 4284 2207 4355 possimus
2235 4279 2527 4335 ostendere
2561 4276 2942 4334 auctoritatem
2994 4277 3193 4344 Patris,
3226 4279 3536 4349 proprieta-

1936 4388 2043 4434 tem
2084 4376 2228 4439 Filii,
2257 4373 2535 4430 Trinitatis
2588 4372 2754 4426 totius
2797 4372 3059 4427 unitatem
3095 4388 3109 4424 :
3142 4369 3155 4421 i
3193 4371 3286 4426 sed
3338 4386 3537 4426 conso-

1934 4469 2079 4526 lantli
2109 4468 2294 4533 hodie,
2325 4482 2433 4523 non
2465 4463 2734 4521 tractandi
2766 4472 2949 4534 partes
2979 4466 3182 4534 recepi;
3206 4478 3533 4534 quamquam

1914 4562 2203 4619 abducere
2246 4576 2283 4615 a
2326 4573 2565 4616 maerore
2612 4558 2855 4614 animum
2907 4556 3213 4613 intentione
3268 4556 3538 4612 tractandi

232 4667 556 4739 pulirentur.
578 4664 863 4738 Lacrymat
884 4676 1036 4733 ergo,
1066 4662 1285 4733 pietatis
1318 4661 1550 4728 indices,
1578 4675 1686 4716 non
1717 4659 1827 4715 ilii-
1856 4653 1911 4713 D
1934 4654 2325 4713 consolationis
2355 4654 2427 4708 sit
2454 4665 2606 4708 usus.
2640 4649 2665 4689 ιι
2688 4650 2798 4707 Sed
2832 4651 3220 4720 temperandus
3242 4650 3377 4705 mihi
3422 4666 3559 4717 ma:

308 4836 334 4864 α
375 4827 500 4882 Mss.
550 4825 821 4889 nonnulli,
843 4823 980 4896 quod
1006 4836 1285 4893 speramus
1312 4818 1581 4891 (qnidem,
1606 4835 1707 4888 spe
1735 4834 1829 4890 pu-

233 4897 433 4971 ναηιιίξ)
465 4913 671 4971 θρέψε
695 4896 975 4969 rem”
1225 4963 1237 4971 .
1718 4959 1751 4971 ..
1788 4960 1799 4971 .

306 4968 333 5007 ι»
373 4959 628 5023 Nonnulli
670 4959 826 5034 mss.,
880 4981 981 5019 non
1031 4972 1160 5019 esset
1190 4963 1294 5018 vita
1346 4972 1394 5016 et
1447 4971 1646 5032 tempus
1695 4959 1828 5013 diri-

233 5056 768 5186 “?Ogodex-Turen
799 5149 815 5172 ,
844 5103 1103 5186 Piscinae
1132 5104 1395 5186 moriendi
1437 5101 1792 5186 contubernio.

307 5178 335 5222 δ
375 5180 536 5236 Bato.
570 5179 804 5242 edit.,et
844 5179 1275 5250 locryma,ju:cto
1318 5175 1698 5250 propheticum,
1724 5180 1830 5250 etc.

312 5264 336 5291 '~‘
372 5252 609 5309 Marnas.
642 5250 857 5320 .piures,
890 5244 977 5303 αἱ
1006 5248 1372 5320 probatiores,
1417 5259 1449 5298 a
1472 5244 1687 5320 quibus
1712 5249 1828 5320 yet.

242 5324 376 5382 edit.
402 5338 508 5377 non
538 5314 820 5386 recedunt,
853 5320 953 5374 nisi
978 5314 1118 5390 quod
1146 5333 1250 5388 pro
1270 5315 1601 5390 ilncrytnavit,
1636 5314 1836 5383 ubique

308 5397 538 5451 aferunt
582 5392 896 5464 loctyototus
923 5388 1325 5464 cuinonttuiii
1374 5396 1558 5464 autem
1601 5393 1841 5464 τηεψ-ει

308 5412 538 5451 atterunt
582 5412 896 5464 tangamus
923 5412 999 5445 Iit
1028 5412 1046 5444 :
1072 5412 1325 5444 “(mnum
1374 5412 1558 5440 autem
1603 5412 1733 5437 lusa.
1785 5412 1841 5439 ct

226 5412 403 5524 agent.
440 5463 613 5532 edit.,
645 5464 737 5518 sul
778 5462 1087 5533 lacrymauit
1116 5461 1171 5513 in
1215 5476 1300 5523 eo,
1347 5460 1439 5533 qui
1478 5457 1643 5510 tristis
1688 5456 1842 5528 fuit:

239 5536 544 5609 [συνεστιαυῇ
570 5529 626 5590 iu
666 5552 749 5599 eo,
777 5534 867 5605 qui
891 5529 1188 5609 :crttciﬁtcns
1223 5543 1319 5593 est,
1340 5529 1440 5609 _qui
1462 5538 1699 5609 mortuus
1720 5608 1723 5609 ν
1744 5536 1838 5592 est,

239 5611 330 5738 gari
353 5600 606 5734 'sﬂus
632 5600 844 5661 eum}.
880 5602 944 5658 In
985 5600 1406 5674 so'locrgmavit,
1439 5600 1576 5671 quod
1620 5608 1836 5653 matrem

287 5698 377 5736 ton
446 5694 513 5732 nrt
548 5719 560 5732 .

287 5698 377 5736 1οη
406 5694 560 5734 αιωιι.

316 5750 335 5789 ί
368 5751 552 5806 Codex
590 5745 1110 5819 Renigxetiﬂnign
1145 5785 1160 5810 ,
1189 5742 1327 5819 Deus
1348 5742 1506 5819 homo
1545 5749 1698 5797 natus
1719 5747 1839 5819 εει-ξ

236 5823 434 5881 melius
457 5822 580 5885 alii,
604 5830 659 5876 et
676 5810 839 5882 edit”
868 5817 1012 5873 Deus
1031 5810 1218 5879 Mss;
1256 5814 1348 5870 hic
1373 5814 1524 5868 enim
1542 5810 1841 5880 temporali

239 5894 574 5966 generationi
597 5901 801 5950 teterna
825 5889 1135 5961 opponitur.
1159 5886 1302 5941 Infra
1347 5885 1512 5942 etiam
1543 5898 1663 5954 pro,
1682 5891 1731 5936 et
1752 5897 1845 5934 na-

1935 4826 2017 4870 tus
2044 4823 2090 4867 rt
2121 4814 2296 4874 datus,
2326 4809 2490 4866 iidem
2518 4809 2742 4875 habent,
2765 4818 2813 4863 et
2836 4811 3260 4881 factus-ctdatus.

1997 4896 2022 4931 Β
2060 4883 2318 4949 Plerique
2351 4898 2507 4947 ntss.,
2541 4882 2628 4935 sed
2669 4881 2724 4935 in
2774 4898 2878 4935 uno
2907 4881 3174 4935 concurrit
3198 4883 3424 4937 nomine.
3469 4884 3536 4939 Et

1935 4951 2072 5011 inira
2100 4969 2201 5026 pro
2229 4955 2281 5008 in
2307 4960 2520 5021 utroque
2544 4953 2825 5023 perfectus,
2858 4952 3023 5008 iidem
3063 4951 3344 5019 exhibent,
3367 4955 3536 5009 utrin-

1934 5040 2033 5100 que
2056 5030 2334 5100 perfectus.

2008 5092 2204 5154 h'llls's.
2250 5096 2478 5166 aliquot,
2526 5094 2695 5164 factus
2744 5102 2818 5148 est
2877 5095 2931 5150 in
2971 5110 3050 5151 ea.
3095 5092 3382 5150 Dissimilis
3428 5097 3535 5151 uti-

1973 5186 2053 5226 ue.
2087 5178 2195 5225 810.

1936 5185 2053 5279 qui,
2077 5185 2365 5296 ’l‘lt‘gctatus
2388 5235 2715 5307 quandoque
2747 5235 2891 5292 idem
2918 5243 3003 5308 est
3033 5250 3095 5289 ac
3117 5236 3345 5306 simplex
3373 5253 3540 5308 expo-

1937 5312 2065 5367 sitio
2096 5327 2115 5365 :
2154 5310 2242 5364 hic
2270 5319 2401 5363 vero
2426 5308 2565 5362 idem
2591 5316 2772 5372 senat,
2813 5321 2876 5378 ac
2898 5307 3220 5378 disceptatio
3259 5322 3354 5363 seu
3389 5313 3541 5378 poles

1944 5385 2080 5437 mica
2123 5381 2439 5449 disputatio.
2491 5378 2599 5451 Nec
2638 5377 2931 5451 absurdum
2981 5380 3149 5451 videri
3186 5377 3348 5434 debet
3394 5377 3538 5451 quod

1944 5454 2050 5508 hnc
2077 5454 2197 5507 loco
2227 5449 2651 5507 controversiam
2678 5449 2799 5503 lidei
2832 5448 3201 5520 perstringere
3227 5448 3540 5520 neutiquam

1946 5523 2179 5579 alienum
2209 5521 2417 5587 putavit
2460 5520 2800 5574 Ambrosius.
2833 5520 2947 5575 Hoc
2974 5535 3204 5588 namque
3233 5523 3543 5576 attribuen-

1948 5594 2075 5649 dnm
2106 5603 2186 5649 est
2219 5590 2543 5661 Arianorum
2575 5591 3038 5661 improbitati,lqui
3078 5607 3200 5645 cum
3228 5591 3407 5647 adhuc
3437 5592 3547 5649 ire-

1945 5673 2178 5737 qncntes
2206 5667 2391 5737 essem
2410 5660 2719 5727 Mediolani,
2749 5662 2945 5716 crebro
2970 5660 3273 5718 catholicus
3300 5662 3548 5721 versutiis

1947 5731 2060 5791 suis
2085 5731 2448 5802 exagitaﬁlutnt.

2026 5805 2039 5855 i
2089 5800 2342 5859 Nonnulli
2377 5815 2537 5867 mss,
2566 5801 2655 5857 sed
2672 5802 2973 5865 consulendi
2996 5803 3171 5867 hodie,
3202 5814 3312 5863 etc.

2024 5874 2051 5913 ιι
2092 5872 2255 5929 Pauci
2288 5884 2448 5937 mss.,
2475 5871 2566 5925 sed
2588 5871 2921 5941 imperandus
2946 5885 3019 5930 est
3042 5876 3171 5931 mihi
3196 5893 3401 5933 maeror.
