4092 6190
170 143 335 202 1297

1089 146 1178 202 DE
1219 143 1533 203 EXCESSU
1578 144 1874 204 FRATRIS
1911 148 2019 207 SUI
2056 149 2310 207 SATYRI
2349 151 2480 207 LIB.
2521 153 2561 207 l.

3342 149 3483 207 1298

253 267 356 322 20.
395 265 534 335 Quid
562 266 726 336 igitur
750 279 892 321 nunc
908 278 1094 336 agam,
1120 280 1238 320 cum
1265 280 1458 322 omnes
1487 266 1612 320 vitae
1633 265 1790 321 istius
1814 271 1865 330 Α
1963 269 2053 324 25.
2095 271 2165 326 At
2194 286 2326 326 vero
2354 271 2442 328 ubi
2473 273 2738 328 ambobus
2771 273 3140 344 prodeundum
3190 272 3323 339 fuit,
3373 287 3486 329 non

168 358 530 424 suavitates,
578 367 770 412 cuncta
824 356 1053 420 solatia,
1099 366 1289 411 cuncta
1341 356 1578 429 denique
1617 372 1786 413 orna-

175 464 377 510 menta
403 455 724 511 amiserim?
754 453 834 510 Tu
863 454 1007 509 enim
1038 452 1172 508 mibi
1199 469 1337 508 unus
1367 468 1490 509 eras
1520 454 1671 509 domi
1699 469 1788 510 so-

174 547 359 613 latio,
391 548 522 602 foris
549 546 734 603 decori
760 563 773 599 :
805 555 858 600 tu
879 586 895 612 ,
927 545 1178 616 inquam,
1212 547 1264 601 in
1294 546 1538 601 consiliis
1560 547 1784 614 arbiter,

177 657 343 699 cura:
373 643 676 712 particeps,
724 639 1044 708 deprecator
1086 638 1501 706 sollicitudinis,
1533 639 1788 710 depulsor

180 735 451 793 maeroris
485 752 498 788 :
531 743 586 789 tu
626 748 871 790 meorum
915 743 1156 788 assertor
1203 743 1456 798 actuum,
1503 734 1789 804 cogitatio-

181 843 434 900 numque
485 827 740 883 defensor
779 843 794 881 :
841 835 897 881 tu
947 835 1227 896 postremo
1269 842 1404 880 unus
1429 867 1444 890 ,
1471 826 1526 880 in
1551 840 1658 896 quo
1693 823 1792 879 do-

181 921 418 986 naestiea
447 919 756 976 sollicitudo
778 917 1069 984 resideret,
1090 917 1302 989 publica
1321 932 1452 972 cura
1480 917 1792 988 requiesce-

183 1024 297 1070 ret.
331 1013 526 1069 Testor
547 1020 792 1068 sanctam
817 1011 1056 1066 animam
1090 1019 1235 1065 tuam
1260 1052 1274 1077 ,
1308 1025 1395 1066 me
1425 1009 1477 1064 in
1509 1020 1533 1046 ⁸
1572 1007 1792 1063 fabricis

1893 362 2047 434 plura
2070 364 2121 417 in
2151 363 2348 421 itinere
2378 367 2631 437 vestigia,
2663 381 2821 438 quam
2853 367 3046 430 verba;
3083 381 3183 422 nec
3205 366 3477 431 incessus,

1891 471 2052 528 quam
2102 472 2284 513 sermo
2335 458 2581 514 crebrior
2623 477 2637 514 :
2686 476 2784 516 nec
2833 459 3143 516 ambulandi
3191 475 3353 528 cura,
3385 459 3485 516 sed

1893 549 2241 620 colloquendi
2267 551 2476 621 gratia;
2511 560 2738 623 uterque
2773 553 2920 608 enim
2967 561 3215 607 nostrum
3256 567 3322 606 ex
3355 550 3492 609 alte-

1893 641 2008 696 rius
2034 656 2129 696 ore
2156 642 2448 712 pendebat.
2477 642 2596 698 Non
2625 641 2832 699 intento
2864 653 3087 715 aspectu
3133 643 3316 715 legere
3360 645 3487 710 iter,

1894 737 1994 794 sed
2026 746 2212 793 mutuo
2257 748 2280 776 θ
2320 739 2586 794 sollicitos
2636 740 2872 810 experiri
2922 754 3236 803 sermones,
3270 738 3493 794 haurire

1894 832 2174 887 oculorum
2200 833 2422 903 gratiam
2447 876 2460 900 ,
2490 835 2701 904 spirare
2727 834 2978 892 fraternae
3022 833 3274 907 imaginis
3305 834 3493 904 volup-

1897 934 2054 980 tates.
2087 925 2260 994 Quam
2290 927 2522 982 virtutes
2550 937 2668 983 tuas
2693 929 2888 984 tacitus
2919 944 3129 983 mecum
3177 928 3296 999 ipse
3322 928 3492 982 mira-

1896 1017 2028 1073 bar!
2059 1033 2218 1088 quam
2252 1019 2570 1089 plaudebam
2597 1019 2728 1075 mibi
2749 1063 2763 1086 ,
2795 1021 2940 1090 quod
2973 1021 3062 1074 tali
3096 1035 3184 1076 me
3227 1020 3492 1075 Dominus

185 1108 458 1164 Ecclesiae
485 1106 538 1162 id
567 1119 713 1176 saepe
745 1105 976 1160 veritum
1007 1118 1130 1160 esse
1151 1145 1167 1171 ,
1199 1119 1268 1160 ne
1292 1102 1636 1174 displicerem
1671 1083 1862 1157 tibin/
1897 1083 2416 1178 fratre-donapeml,
2465 1123 2572 1169 tam
2613 1083 2844 1184 pudiea;
2897 1125 3004 1170 tam
3037 1113 3056 1152 r
3092 1113 3299 1170 efﬁcaci
3326 1155 3341 1180 ’
3381 1123 3489 1168 tam

193 1201 443 1273 Denique
487 1199 580 1255 ubi
625 1199 868 1265 rediisti,
899 1198 1198 1269 objurgasti
1248 1212 1457 1254 moram
1502 1199 1618 1252 :ita
1645 1196 1793 1252 domi

190 1293 436 1365 forisque
465 1291 712 1348 eruditor
753 1291 976 1363 quidam
1017 1299 1073 1346 et
1111 1290 1316 1346 arbiter
1359 1288 1658 1345 sacerdotis
1689 1330 1703 1353 ,
1736 1296 1796 1343 ut

193 1392 497 1449 domestica
525 1391 767 1462 cogitare
796 1403 902 1445 non
931 1389 1173 1453 sineres,
1208 1386 1426 1458 publica
1452 1400 1646 1441 curare
1667 1399 1795 1441 cen-

195 1500 374 1542 seres.
406 1485 478 1540 At
503 1499 612 1541 non
639 1499 862 1551 verear,
894 1499 964 1539 ne
992 1481 1178 1538 videar
1213 1491 1533 1552 arroganter
1571 1478 1793 1546 dicere;

201 1580 319 1634 lucc
351 1579 493 1635 enim
517 1579 692 1636 laudis
721 1589 826 1636 tua:
856 1583 1034 1651 portio
1058 1589 1174 1643 est,
1204 1579 1327 1649 quia
1352 1580 1470 1635 sine
1495 1577 1796 1634 offensione

1898 1193 2207 1271 innocenti,
2243 1215 2350 1260 tam
2396 1207 2662 1276 simplici;
2697 1215 2757 1261 ut
2787 1223 2910 1262 cum
2942 1216 3089 1262 tuam
3121 1207 3491 1262 innocentiam

1898 1299 2226 1368 cogitarem,
2275 1299 2574 1355 efﬁcaciam
2625 1300 3011 1371 desperarem:
3041 1316 3163 1356 cum
3194 1299 3492 1357 efﬁcaciam

1899 1408 2210 1458 cernerem,
2263 1394 2631 1450 innocentiam
2683 1410 2792 1449 non
2823 1403 3068 1465 putarem
3095 1395 3108 1447 ι
3141 1391 3251 1449 Sed
3283 1402 3494 1448 utrum—

1900 1501 2004 1556 qua
2036 1485 2169 1540 mira
2197 1484 2426 1557 quadam
2457 1485 2656 1542 virtute
2698 1486 2980 1557 jungebas.

1971 1580 2064 1635 24.
2107 1580 2348 1651 Denique
2375 1596 2436 1635 ea
2479 1596 2598 1652 quae
2629 1581 2788 1635 ambo
2829 1581 3246 1650 nequiveramus
3275 1579 3495 1634 conclu-

199 1671 315 1724 ulla
357 1680 414 1726 et
439 1672 754 1742 gubernasti
785 1672 968 1728 fratris
1017 1672 1270 1738 domum,
1304 1681 1359 1727 et
1397 1669 1794 1727 commendasti
1831 1663 1873 1722 Β
1901 1671 2031 1728 dere
2052 1715 2067 1739 ,
2097 1673 2247 1728 solus
2289 1673 2547 1741 implesti.
2577 1671 2875 1727 Plaudebat
2897 1672 3029 1741 sibi,
3061 1680 3119 1726 ut
3143 1672 3338 1738 audio,
3359 1670 3500 1726 Pro-

197 1762 586 1819 sacerdmium.

272 1856 362 1910 2f.
406 1856 596 1914 Sentio
625 1857 879 1927 equidem
909 1855 1052 1928 quod
1086 1854 1398 1926 repetendis
1424 1853 1620 1910 ofﬁciis
1653 1853 1757 1908 tuis
1778 1893 1794 1918 ,

199 1949 661 2021 recensendisque
705 1951 1017 2017 virtutibus,
1065 1949 1334 2005 afﬁciatur
1383 1949 1596 2003 animus
1636 1967 1648 1999 :
1701 1945 1798 2002 sed

202 2055 383 2100 tamen
415 2043 469 2098 in
509 2044 628 2114 ipsa
657 2044 763 2099 mei
813 2042 1102 2099 affectione
1150 2042 1430 2112 requiesco
1452 2083 1468 2106 ,
1499 2049 1663 2110 atque
1711 2037 1797 2092 hae

201 2140 334 2196 mihi
380 2138 789 2195 recordationes
829 2138 929 2194 etsi
972 2137 1216 2192 dolorem
1266 2145 1568 2201 renovant,
1616 2143 1796 2188 tamen

199 2233 433 2289 afferunt
462 2231 818 2302 voluptatem.
849 2229 931 2285 An
974 2245 1074 2301 ego
1119 2242 1338 2299 possum
1373 2236 1466 2280 aut
1497 2241 1603 2280 non
1647 2224 1798 2295 cogi-

204 2337 320 2383 tare
346 2325 416 2382 de
445 2333 500 2381 te
522 2365 537 2392 ,
568 2335 662 2380 aut
689 2339 944 2396 umquam
973 2324 1092 2379 sine
1131 2320 1386 2393 lacrymis
1419 2317 1700 2391 cogitare?
1732 2317 1801 2373 Et

204 2429 395 2492 potero
447 2433 702 2489 umquam
753 2425 847 2472 aut
874 2417 1030 2487 .tanti
1065 2430 1171 2470 non
1217 2412 1531 2470 meminisse
1579 2410 1797 2474 fratris,

205 2522 297 2567 aut
319 2513 438 2569 sine
466 2510 802 2583 lacrymabili
833 2508 1064 2580 quadam
1089 2507 1403 2563 meminisse
1423 2504 1597 2576 gratia
1618 2503 1641 2557 ?
1659 2501 1798 2570 Quid

205 2609 348 2663 enim
399 2607 529 2662 mihi
581 2621 838 2676 umquam
865 2603 1165 2676 jucundum
1187 2643 1202 2667 ,
1239 2599 1384 2670 quod
1418 2613 1522 2654 non
1553 2605 1702 2653 esset
1731 2611 1796 2651 ex

209 2709 264 2756 tc
293 2699 638 2770 profectum?
667 2697 806 2768 Quid
827 2737 844 2764 ,
877 2698 1096 2768 inquam
1119 2737 1134 2761 ,
1166 2694 1296 2749 mibi
1323 2694 1440 2748 sine
1471 2702 1552 2758 te,
1585 2699 1677 2746 aut
1705 2688 1800 2744 tibi

208 2806 463 2862 umquam
495 2790 614 2845 sine
643 2805 732 2845 me
757 2788 1021 2859 voluptati
1071 2785 1217 2841 fuit?
1245 2784 1378 2852 Quis
1409 2799 1516 2838 non
1546 2798 1675 2837 usus
1708 2795 1805 2835 no-

211 2883 327 2949 bis,
375 2891 429 2938 et
475 2897 644 2954 prope
690 2883 841 2938 visus
889 2882 1033 2953 ipse,
1087 2891 1422 2948 somnusque
1466 2872 1804 2931 communis?

210 2978 344 3046 Quae
387 2977 623 3034 discreta
674 2992 928 3047 umquam
977 2973 1275 3031 voluntas?
1303 2969 1457 3038 Quod
1509 2984 1616 3024 non
1654 2982 1806 3022 com-

1903 1782 2064 1837 sper,
2097 1765 2241 1838 quod
2274 1766 2565 1822 sacerdotii
2594 1766 2698 1820 mei
2729 1765 3018 1820 occasione
3047 1764 3386 1820 redditurum
3414 1777 3498 1826 se,

1902 1875 2024 1931 quas
2066 1858 2395 1924 abstulerat,
2441 1874 2549 1912 non
2585 1856 2844 1926 putabat:
2879 1856 2979 1913 sed
3029 1855 3497 1912 vehementiorem

1905 1961 2047 2006 tuam
2082 1951 2241 2004 unius
2271 1949 2573 2004 efﬁcaciam
2603 1958 2866 2018 expertus
2892 1956 3006 2013 est,
3039 1963 3201 2017 quam
3247 1947 3500 2002 duorum.

1904 2045 2089 2114 Itaque
2119 2043 2277 2096 solvit
2309 2041 2524 2108 omnia,
2555 2056 2654 2095 nec
2681 2039 3045 2094 moderationi
3079 2040 3323 2110 ingratus
3354 2048 3460 2094 tua:
3487 2082 3503 2101 ,

1903 2153 2004 2192 nec
2031 2135 2263 2190 illudens
2303 2132 2495 2202 pudori
2542 2149 2554 2185 :
2599 2132 2694 2185 sed
2728 2141 2784 2186 et
2824 2130 3104 2186 modestiae
3145 2141 3366 2201 gratus,
3401 2145 3502 2185 nec

1903 2227 2145 2283 insolens
2193 2223 2471 2280 efﬁcaciae.
2521 2221 2627 2278 Sed
2680 2222 2799 2287 cui,
2841 2220 3040 2284 frater,
3091 2220 3180 2273 illa
3230 2220 3507 2289 quaesisti?

1903 2321 2012 2378 Nos
2035 2319 2179 2375 enim
2210 2317 2350 2372 idem
2371 2315 2686 2370 volebamus
2707 2313 2949 2366 laborum
2981 2319 3199 2365 tuorum
3222 2325 3344 2365 esse
3366 2325 3504 2380 pra:-

1905 2415 2072 2470 mium
2093 2455 2107 2479 ,
2141 2410 2282 2482 quod
2330 2409 2715 2465 documentum
2743 2414 2879 2460 erat.
2910 2404 3177 2475 Peregisti
3206 2404 3385 2458 omnia
3405 2444 3420 2470 ,
3451 2413 3506 2458 et

1904 2507 1996 2563 ubi
2053 2505 2368 2576 perfunctus
2412 2500 2667 2556 omnibus
2694 2499 2996 2566 revertisti,
3031 2507 3087 2552 tu
3112 2497 3263 2553 solus
3309 2495 3466 2551 nobis
3491 2539 3504 2561 ,

1903 2600 1994 2670 qui
2025 2597 2276 2652 omnibus
2320 2609 2381 2651 es
2430 2591 2801 2664 praeferendus
2823 2632 2838 2657 ,
2872 2590 3136 2660 eriperis;
3169 2589 3321 2659 quasi
3379 2588 3504 2643 ideo

1904 2697 2136 2746 mortem
2178 2686 2489 2751 distuleris,
2541 2691 2599 2738 ut
2646 2696 3056 2738 consummares
3111 2680 3330 2751 pietatis
3379 2677 3503 2733 ofﬁ-

1902 2783 2048 2839 cium
2071 2821 2086 2848 ,
2120 2779 2354 2851 palmam
2386 2775 2645 2834 efﬁcaciae
2669 2785 3000 2845 reportares.

1974 2873 2068 2928 25.
2101 2872 2272 2939 Quam
2306 2884 2414 2924 nec
2439 2867 2540 2938 ipsi
2573 2882 2703 2934 nos,
2743 2865 2908 2921 frater
2935 2861 3254 2919 charissime
3276 2904 3290 2927 ,
3321 2862 3506 2917 saeculi

1909 2965 2068 3035 bujus
2111 2961 2460 3018 delectabant
2509 2961 2777 3023 bonores,
2805 2956 2948 3028 quod
2980 2970 3078 3010 nos
3107 2971 3135 3008 a
3183 2954 3339 3009 nobis
3369 2954 3510 3008 invi-

210 3085 371 3127 mune
389 3068 762 3141 vestigiunﬂb
790 3046 907 3124 fere
927 3077 989 3122 ut
1017 3081 1140 3121 cum
1161 3065 1386 3136 gradum
1411 3061 1685 3123 tollerem,
1714 3058 1799 3114 vel
1827 3058 1873 3120 Ο
1904 3074 2022 3115 cem
2051 3056 2398 3111 dividebant!
2427 3053 2576 3122 Quos
2609 3051 2733 3106 ideo
2762 3050 2941 3117 adepti
2979 3062 3165 3102 sumus
3189 3089 3203 3112 ,
3246 3061 3355 3100 non
3387 3046 3511 3116 quia

211 3173 268 3219 tu
292 3178 470 3218 meum
493 3205 508 3229 ,
539 3163 626 3217 vel
651 3177 752 3232 ego
782 3171 930 3215 tuum
963 3173 1160 3229 corpus
1175 3158 1490 3212 videremur
1530 3153 1803 3209 attollere.

280 3255 369 3310 22.
411 3254 567 3323 Quod
597 3254 641 3309 si
670 3251 890 3324 quando
917 3253 1035 3307 sine
1059 3251 1236 3304 altero
1266 3245 1644 3326 prodeundum
1673 3244 1805 3311 fuit,

212 3350 470 3405 intectum
501 3348 641 3402 latus
670 3355 923 3418 putares,
951 3357 973 3383 ο
1005 3331 1256 3400 affectum
1292 3343 1498 3396 vultum
1526 3355 1807 3404 cerneres,

213 3450 464 3497 mmstum
493 3440 733 3494 animum
757 3438 1035 3508 judicares
1060 3454 1072 3489 :
1095 3450 1202 3491 non
1230 3441 1442 3489 assueta
1483 3431 1677 3502 gratia,
1700 3447 1808 3488 non

216 3533 366 3603 vigor
392 3531 583 3586 solitus
615 3529 977 3602 praenitebat:
1011 3538 1261 3598 suspecta
1294 3523 1547 3579 omnibus
1573 3518 1811 3577 solitudo

214 3632 416 3680 metum
447 3624 677 3693 alicujus
707 3621 1043 3694 aegritudinis
1070 3619 1351 3675 afferebat.
1387 3617 1462 3671 Ita
1503 3629 1702 3671 novum
1731 3613 1812 3667 vi-

213 3717 438 3773 debatur
479 3716 731 3770 omnibus
783 3730 884 3770 nos
924 3713 1129 3770 dividi!
1186 3712 1302 3781 Ego
1348 3718 1497 3764 certe
1554 3706 1813 3761 fraternae

216 3809 242 3847 ἀ
261 3810 546 3879 impatiens
568 3817 624 3863 et
647 3825 752 3864 non
771 3809 972 3863 oblitus
999 3806 1280 3870 absentia),
1307 3803 1460 3873 quasi
1482 3809 1810 3871 prmsentem

217 3904 414 3958 reﬂexa
447 3902 646 3973 szepius
676 3903 887 3957 cervice
929 3898 1239 3969 qumrebam
1260 3938 1272 3960 ,
1305 3907 1356 3950 et
1387 3908 1570 3948 coram
1613 3891 1814 3960 alloqui

219 4005 378 4066 atque
405 3995 650 4065 aSpieere
681 3993 903 4048 videbar
923 3991 1053 4045 mibi
1082 4008 1094 4042 :
1125 3988 1221 4044 sed
1251 3997 1520 4057 tamquam
1550 3997 1816 4053 suspenso

220 4091 359 4147 collo
391 4091 614 4161 jngum,
649 4088 736 4142 ubi
784 4086 1014 4157 speratis
1053 4081 1394 4143 excideram,
1450 4077 1664 4150 1120
1708 4086 1817 4130 tra—

225 4182 351 4237 bere
399 4197 484 4235 me
532 4181 829 4252 putabam,
878 4172 1116 4232 difﬁcilis
1160 4168 1446 4244 progredi,
1478 4166 1818 4224 verecundus

223 4274 426 4341 videri,
457 4281 513 4330 et
539 4273 715 4329 redire
747 4284 1042 4343 properans
1063 4309 1079 4334 ,
1111 4265 1252 4338 quod
1282 4265 1399 4319 sine
1440 4271 1492 4317 te
1523 4260 1819 4332 procedere

229 4385 331 4429 non
360 4370 572 4426 liberet.

304 4544 328 4571 ιι
367 4532 570 4587 Omnes
618 4530 774 4593 edit.,
804 4529 860 4581 in
887 4523 1107 4597 publicis
1137 4520 1405 4582 ecclesiis;
1445 4515 1619 4597 Paris.
1665 4525 1815 4583 quze-
1839 4520 1896 4581 ι)

232 4586 392 4665 dam,
423 4603 668 4658 Ecclesiis
700 4618 718 4654 :
747 4586 950 4662 optime
979 4612 1107 4650 vero
1137 4606 1267 4648 mss.
1304 4603 1476 4665 prope
1503 4586 1571 4642 ad
1603 4599 1770 4640 unum
1796 4622 1812 4665 ε

232 4653 818 4745 ξιιτῇιέινῆἶέἵὶῥὲιειὶιιξ.
849 4666 992 4722 infra
1020 4666 1184 4721 etiam
1215 4653 1346 4745 pro,
1377 4653 1446 4745 _Ut
1472 4671 1646 4745 vereor
1670 4653 1814 4745 quod

234 4730 347 4799 erat
377 4748 429 4798 in
460 4744 712 4797 omnibus
735 4740 867 4795 edit.
901 4752 964 4792 ac
994 4750 1126 4790 mss.
1160 4730 1483 4803 quibusdam
1503 4771 1516 4792 ,
1547 4730 1637 4803 alii
1681 4739 1814 4780 mss.

237 4812 652 4883 frequentissimi
704 4812 924 4883 legunt,
973 4817 1028 4860 ut
1077 4799 1404 4883 non'uerenr.
1450 4799 1604 4883 Quod
1634 4805 1816 4883 autem

239 4869 580 4958 priremittitnr
609 4883 678 4938 de
721 4869 940 4958 fabricis
977 4876 1238 4958 ecclesia:
1259 4916 1274 4939 ,
1321 4873 1388 4927 de
1413 4869 1821 4958 constructione

241 4941 643 5019 intelligendum
673 4963 756 5007 est
787 4951 929 5004 illius
977 4947 1217 5019 basilica:
1240 4984 1254 5008 ,
1285 4958 1446 5013 quam
1480 4941 1573 5019 Yir
1601 4947 1824 5019 sanctus

241 5008 522 5083 Mediolani
552 5021 888 5083 construxit,
921 5028 976 5072 et
1003 5017 1250 5072 eamdem
1278 5008 1403 5069 esse
1433 5011 1499 5066 ad
1539 5008 1822 5083 epistcnam

240 5079 739 5155 22arntotavimus,
770 5079 928 5159 cujus
949 5090 1018 5142 ab
1041 5103 1108 5142 eo
1137 5085 1335 5159 ibidem
1373 5085 1434 5159 fit
1454 5080 1683 5159 mentio;
1696 5079 1828 5159 _Ejus

241 5149 400 5225 ctiam
435 5166 675 5219 meminit
697 5149 989 5230 Gregorius
1014 5155 1354 5230 Turonensis
1380 5153 1478 5230 lib.
1511 5167 1525 5204 ι
1555 5149 1827 5230 de__(}l_ori_a

499 5218 651 5309 cap._
667 5234 790 5309 με-
811 5218 956 5284 sicut
993 5238 1050 5309 ent
1079 5223 1558 5309 .‘Ughellns-Tomo
1578 5218 1824 5309 an‘ital.

245 5291 444 5372 ὲᾱὲτῶ,
473 5291 594 5376 pag'.
622 5303 712 5359 54.
747 5291 931 5370 Neque
953 5291 1325 5366 olﬁcithuod
1359 5295 1460 5348 bac
1500 5296 1551 5376 in
1577 5291 1832 5376 Oratione

247 5359 572 5438 Χιίιιὶῐιόεἳυέ
593 5383 821 5430 testatur
847 5359 1030 5424 curam
1056 5359 1240 5438 rerum
1272 5363 1646 5438 temporalium
1649 5377 1701 5438 ξι
1728 5359 1832 5438 fra-

250 5429 560 5519 ἰδέ-ξδ’ιῇέο
583 5429 890 5519 susceptam
917 5455 1067 5519 esse;
1086 5435 1354 5519 .quidqnid
1385 5429 1530 5519 enim
1557 5433 1624 5488 ad
1649 5429 1835 5519 Eccita:

249 5505 342 5580 siue
376 5505 563 5575 decus
605 5505 840 5588 pertinet
856 5511 985 5588 .“ab
1014 5505 1530 5588 episcopalimofﬁcio
1562 5519 1669 5559 non
1687 5512 1836 5588 “esse

252 5571 486 5649 iiiénirhi
513 5571 744 5658 ipsemet
771 5571 1171 5658 profitetur'lib.
1203 5571 1238 5630 it
1267 5577 1506 5658 Officior.
1533 5590 1668 5658 cap.
1687 5571 1782 5625 2|.

327 5645 508 5714 t3Non
538 5645 694 5728 'pauei
725 5645 882 5715 mss”
924 5645 1088 5713 Vere,
1123 5659 1175 5700 ut
1202 5662 1316 5699 cum
1343 5645 1588 5716 gradum.
1621 5655 1731 5700 etc.

1909 3149 2010 3205 fuit
2044 3158 2069 3196 ε
2095 3162 2284 3204 eorum
2318 3144 2618 3217 expetenda
2649 3141 2958 3212 perceptio,
2987 3139 3082 3194 sed
3106 3155 3171 3194 ne
3197 3137 3320 3192 vilis
3346 3137 3508 3192 dissi-

1911 3241 2135 3295 mulatio
2160 3238 2455 3294 videretur.
2488 3238 2593 3291 Aut
2621 3235 2849 3291 fortasse
2894 3232 3016 3289 ideo
3045 3241 3174 3286 sunt
3199 3230 3384 3286 tributi
3408 3271 3423 3295 ,
3452 3238 3513 3284 ut

1911 3335 2038 3406 quia
2061 3337 2350 3388 immaturo
2372 3333 2446 3386 tui
2477 3330 2626 3385 obitu
2650 3338 2852 3383 nostrze
2882 3327 3094 3382 futurus
3125 3339 3247 3380 eras
3267 3324 3512 3394 voluptac

1915 3428 1983 3482 tis
2011 3440 2269 3494 occasus,
2301 3425 2418 3479 sine
2446 3423 2603 3478 nobis
2621 3421 2732 3491 jam
2762 3422 2947 3475 vivere
2971 3419 3324 3474 disceremus.

1985 3519 2078 3576 26.
2120 3519 2187 3574 Et
2214 3517 2429 3588 quidem
2473 3529 2728 3585 praesagae
2770 3512 2967 3567 mentis
3003 3524 3241 3580 agnosco
3263 3508 3510 3563 formidi-

1917 3626 2039 3666 nem
2060 3651 2076 3675 ,
2101 3610 2228 3663 dum
2251 3617 2441 3678 repeto
2462 3621 2638 3675 sarpe,
2664 3618 2785 3672 qua!
2812 3602 3143 3672 scripserim.
3166 3599 3508 3654 Revoeabam

1919 3714 2004 3767 te,
2037 3704 2204 3757 frater
2225 3743 2238 3764 ,
2271 3715 2338 3754 ne
2379 3699 2496 3768 ipse
2541 3697 2776 3750 Africam
2823 3702 3036 3763 peteres
3057 3735 3070 3754 ,
3101 3707 3164 3746 ac
3191 3691 3372 3761 potius
3412 3691 3513 3745 ali-

1917 3809 2076 3865 quem
2109 3792 2436 3847 dcstinares.
2467 3788 2749 3842 Timebam
2774 3793 2826 3840 te
2851 3785 3194 3840 c0uunittere
3224 3783 3356 3848 vim,
3405 3782 3509 3836 ﬁtt-

1918 3887 2097 3944 ctibus
2146 3885 2407 3948 credere,
2462 3893 2517 3936 et
2561 3879 2724 3935 solito
2774 3887 2952 3934 metus
2994 3877 3168 3945 major
3209 3876 3517 3932 incesserat

1920 3981 2159 4036 animum
2183 3995 2195 4030 :
2225 3977 2319 4033 sed
2346 3984 2401 4030 et
2429 3972 2923 4045 peregrinationem
2947 3968 3263 4039 explicuisti
3284 4010 3299 4036 ,
3325 3979 3511 4025 etrem

1922 4071 2214 4136 ordinasti,
2245 4078 2302 4124 ct
2328 4067 2496 4122 veteri
2525 4063 2554 4102 ιι
2583 4074 2636 4120 et
2665 4064 2982 4127 sentiuoso,
3013 4071 3072 4115 ut
3090 4061 3274 4128 audio,
3298 4062 3514 4133 navigio

1923 4166 2122 4220 iterum
2168 4172 2218 4219 te
2261 4161 2516 4216 ﬁuctibus
2544 4155 2851 4213 credidisti.
2883 4154 3128 4225 Namque
3156 4169 3280 4210 cum
3318 4155 3519 4210 celeri-

1922 4267 2090 4315 tatem
2137 4255 2456 4326 aucuparis,
2506 4250 2775 4307 cautelam
2827 4247 3267 4318 pnetermisisti,
3326 4245 3517 4303 avidus

1925 4358 2126 4407 nostra:
2153 4347 2376 4419 gratias,
2410 4341 2763 4400 dissimulans
2793 4339 3023 4412 periculi
3057 4339 3154 4395 tui.

1996 4519 2018 4544 ο
2060 4505 2243 4562 Codex
2275 4503 2404 4559 Tur.
2437 4501 2620 4565 solus,
2653 4497 2900 4566 aﬂ'ectum
2925 4497 3220 4551 multatum.
3261 4494 3524 4564 Sequenti

1921 4588 2104 4635 autem
2136 4591 2296 4631 versu
2329 4575 2484 4628 mttlti
2515 4571 2640 4627 cod.
2681 4569 2876 4634 simul,
2909 4585 3014 4622 non
3041 4569 3109 4620 ad
3151 4575 3385 4638 sanctam?
3403 4583 3524 4638 gra-

1923 4652 2048 4704 tiam
2090 4649 2235 4718 vigor
2284 4645 2473 4700 solitus
2508 4640 2818 4711 pwnitebat:
2845 4640 3041 4694 melius
3089 4649 3269 4692 tamen
3298 4637 3424 4704 alii,
3457 4653 3522 4694 ac

1923 4735 2115 4776 omnes
2144 4717 2276 4774 edit.
2309 4717 2443 4771 utin
2473 4724 2641 4769 textu.

1997 4789 2024 4828 ά
2068 4790 2194 4845 Mss.
2224 4788 2430 4858 aliquot
2453 4786 2742 4849 omittunt,
2769 4785 3012 4852 fraterna:
3047 4779 3233 4836 oblitus
3254 4779 3520 4836 absentia.

1925 4861 2042 4918 Non
2073 4876 2240 4930 pravo
2262 4872 2446 4914 sensu.

2004 4943 2027 4970 θ
2068 4924 2184 4988 Non
2206 4929 2359 5001 pauci
2391 4925 2762 5001 mss.,‘sofitos
2793 4924 3340 5001 cnciperesermones.

2006 5003 2025 5042 ί
2067 4993 2481 5058 Ιιιθοέῐῐὶοειοθε
2504 5038 2520 5062 ,
2549 4997 2602 5051 id
2632 5005 2750 5060 est,
2782 4995 2852 5049 ad
2872 4993 3160 5066 agendum
3181 5007 3336 5049 acres
3365 5001 3528 5066 atque

1931 5075 2173 5140 habiles,
2209 5069 2592 5140 innocentibus
2635 5081 2698 5140 ac
2724 5063 3065 5140 simplicibus
3112 5063 3532 5140 hic_opponun-

1932 5155 2043 5209 tur,
2067 5135 2192 5214 quia
2217 5157 2340 5197 cum
2363 5141 2481 5214 illis
2495 5139 2614 5214 plus
2632 5138 2764 5214 insit
2784 5136 3069 5214 sanguinis
3080 5143 3135 5214 et
3153 5135 3376 5200 caloris,
3402 5135 3532 5190 faci-

1934 5205 2040 5272 lius
2058 5205 2341 5271 a'ﬁ'ectibus
2363 5205 2677 5279 cupiditatis
2702 5215 2797 5261 aut
2816 5207 2925 5261 odii
2959 5205 3303 5275 abripiuntur
3319 5248 3333 5272 ,
3367 5221 3530 5277 quam

2011 5367 2035 5404 ε
2077 5356 2205 5410 Mss.
2249 5355 2482 5424 aliquot,
2536 5367 2735 5424 eorum
2763 5347 3106 5424 ers‘pectauda
3146 5347 3536 5424 perceptio._Et

1938 5427 2077 5483 infra
2124 5417 2356 5495 partim,
2407 5421 2736 5495 maturo__tui
2772 5417 2951 5495 «obitu,
3021 5419 3217 5488 partim
3265 5417 3538 5472 maturiori

1944 5499 2082 5552 obitu
2105 5492 2242 5550 {alii
2287 5510 2450 5560 vero,
2479 5504 2533 5548 et
2562 5492 2691 5549 edit.
2727 5502 2783 5545 ut
2813 5493 2863 5544 in
2894 5499 3062 5544 textu.

2020 5567 2044 5604 ¹¹
2087 5567 2365 5623 Sentinoso
2385 5605 2401 5632 ,
2426 5567 2477 5620 id
2505 5576 2586 5620 est
2606 5603 2620 5628 ,
2651 5565 2703 5617 in
2733 5562 2886 5632 cujus
2906 5560 3175 5615 sentinam
3205 5572 3341 5629 aqua
3371 5559 3539 5614 multa

1950 5654 2045 5708 per
2081 5638 2391 5693 fatiscente:
2422 5638 2587 5692 rimas
2619 5632 2892 5690 inﬂuebat.
