4076 6172
547 169 685 222 129‘)

1881 162 2131 219 SANCTI
2169 162 2493 219 AJIBBOSII

3719 159 3884 215 1300

612 282 704 335 :17.
748 283 793 337 Ο
822 282 982 337 fallax
1017 278 1199 333 laatitia
1226 280 1238 330 !
1270 295 1300 330 o
1329 278 1538 331 incerta
1566 274 1924 329 humanarum
1949 289 2136 328 rerum
2166 281 2216 338 Α
2246 275 2544 345 Evangelia
2572 275 2834 344 legimus,
2863 290 2983 344 qum
3012 274 3188 328 futura
3212 283 3341 328 sunt
3371 273 3741 344 intelligimus
3771 291 3784 328 :
3812 284 3874 328 et

539 375 817 429 curricula
844 376 856 426 !
887 373 965 426 Ex
990 371 1167 424 Africa
1205 371 1514 434 redditum,
1542 384 1608 422 ex
1641 367 2142 432 tnarirestitutum,

542 480 608 519 ex
661 465 945 532 naufragio
972 472 1285 525 servatum,
1319 460 1646 529 putabamus
1671 459 1786 526 jam
1834 458 1993 512 nobis
2032 471 2142 512 non

550 573 713 625 posse
735 556 871 626 eripi
901 573 914 609 ;
941 554 1039 609 sed
1069 555 1320 624 graviora
1355 552 1634 623 naufragia
1663 554 1873 624 1121
1904 554 1955 606 in
1986 552 2147 606 terris

544 648 710 719 positi
742 648 1113 711 sustinemus;
1161 663 1287 700 nam
1320 661 1481 716 quem
1511 660 1616 699 non
1667 653 1965 714 potuerunt
2014 657 2148 696 nau-

546 742 719 812 fragia
755 743 918 796 maris
949 741 1014 794 ad
1049 750 1283 794 mortem
1325 739 1597 794 deducere
1619 780 1633 803 ,
1678 737 1917 792 strenuis
1947 735 2145 791 natati-

545 836 652 891 bus
674 834 873 888 evitata
900 875 916 900 ,
948 833 1064 902 ejus
1097 849 1243 887 mors
1271 832 1441 902 ('(Bpil.
1471 833 1634 886 nobis
1673 847 1796 886 esse
1837 830 2143 901 naufragio.

543 927 685 996 Quid
712 928 858 981 enim
888 937 1144 996 superest
1168 926 1461 980 suavitatis
1479 968 1494 991 ,
1521 925 1718 995 quibus
1741 935 1848 978 tam
1875 923 2148 994 prmdulce

547 1020 752 1085 decus,
801 1028 908 1073 tam
959 1018 1164 1073 clarum
1218 1019 1272 1072 in
1324 1019 1406 1071 his
1444 1016 1630 1071 mundi
1673 1016 1911 1071 tenebris
1962 1015 2148 1069 lumen

551 1112 879 1164 exsunetnm
899 1118 1022 1162 est:
1056 1111 1106 1161 in
1140 1124 1246 1178 quo
1277 1121 1385 1162 non
1431 1117 1635 1162 nostrae
1663 1108 1839 1162 solum
1888 1105 2108 1160 familia:
2129 1145 2145 1171 ,

552 1203 646 1258 sed
683 1204 850 1257 totius
881 1204 1070 1271 patria:
1097 1203 1262 1256 decus
1293 1200 1536 1256 occidit?

616 1298 707 1351 28.
753 1296 937 1351 Habeo
966 1311 1099 1350 sane
1123 1297 1309 1361 vobis,
1344 1296 1544 1349 fratres
1572 1294 1921 1349 dilectissimi
1947 1335 1963 1359 ,
1991 1293 2151 1363 plebs

548 1399 731 1444 sancta
755 1432 769 1455 ,
801 1389 1097 1442 maximam
1121 1388 1349 1459 gratiam
1371 1429 1385 1452 ,
1408 1387 1553 1457 quod
1585 1402 1691 1441 non
1713 1387 1876 1440 alium
1903 1386 2150 1440 dolorem

548 1498 728 1537 meum
753 1524 767 1546 ,
797 1498 958 1551 quam
985 1489 1226 1535 vestrum
1260 1481 1494 1551 putatis;
1528 1479 1672 1550 quod
1705 1480 1861 1534 vobis
1885 1478 2150 1533 accidisse

554 1578 694 1630 hanc
728 1575 896 1629 nostri
925 1585 950 1610 ⁸
983 1574 1208 1629 creditis
1240 1573 1628 1638 solitudinem,
1658 1572 1800 1642 quod
1831 1571 2017 1626 fletum
2069 1581 2150 1624 to-

550 1668 658 1721 tius
702 1665 977 1732 civitatis,
1024 1673 1241 1720 aetatum
1276 1666 1552 1728 omnium,
1601 1665 1859 1718 ordinum
1906 1664 2151 1718 omnium

552 1769 678 1813 vota
703 1801 717 1823 ,
761 1774 897 1813 nova
927 1757 1160 1828 quadam
1194 1758 1398 1828 pietate
1429 1755 1673 1811 defertis.
1724 1755 1842 1810 Non
1873 1757 2017 1810 enim
2053 1756 2154 1809 mi-

553 1850 868 1905 sericordia:
899 1850 1122 1920 privatae
1151 1849 1338 1914 dolor,
1371 1849 1466 1903 sed
1495 1848 1767 1918 quoddam
1811 1848 2044 1918 publica:
2073 1846 2156 1902 of-

552 1949 733 2002 ficiunt
759 1955 815 2000 et
846 1962 1042 1999 munus
1070 1952 1154 1999 est
1174 1944 1362 2014 gratiae
1387 1962 1400 1997 :
1424 1954 1515 1998 aut
1540 1943 1708 2012 siqua
1732 1956 1830 1995 vos
1856 1942 1959 1995 mei
1985 1942 2158 2012 tangit

552 2039 926 2095 misericordia
949 2080 963 2103 ,
995 2038 1142 2107 quod
1178 2039 1337 2093 talem
1370 2036 1594 2092 fratrem
1629 2038 1946 2103 amiserim,
1982 2035 2160 2091 habeo

551 2135 788 2188 fructum
817 2132 1073 2196 uberem,
1107 2131 1284 2185 habeo
1314 2131 1487 2185 vestri
1520 2130 1716 2200 pignus
1742 2130 1990 2184 aﬂectus.
2031 2129 2154 2184 Mal-

557 2227 663 2280 lem
698 2224 920 2278 fratrem
971 2225 1286 2287 viventem;
1332 2223 1427 2277 sed
1475 2232 1656 2277 tamen
1712 2221 1987 2292 publicum
2033 2221 2158 2275 offi-

555 2318 700 2372 cium
735 2318 787 2371 in
819 2316 1076 2373 secundis
1108 2317 1273 2372 rebus
1299 2316 1595 2386 jucundius
1632 2324 1719 2371 est
1744 2356 1760 2380 ,
1811 2316 1865 2370 in
1916 2315 2162 2370 adversis

559 2410 791 2479 gratius.

629 2500 722 2554 39.
766 2499 952 2570 Neque
1003 2515 1132 2554 vero
1188 2498 1320 2554 milii
1381 2499 1660 2554 mediocre
1715 2499 1972 2554 meritum
2030 2500 2164 2555 tanti

562 2590 783 2647 videtur
813 2592 1000 2647 otlieii.
1051 2591 1234 2662 Neque
1280 2591 1426 2646 enim
1475 2592 1651 2644 otiose
1699 2592 1785 2644 vel
1832 2592 1885 2646 in
1936 2593 2164 2649 Actibus

560 2683 936 2752 apostolorum
967 2681 1106 2752 (Act.
1142 2697 1227 2749 ιχ,
1258 2682 1386 2750 59),
1419 2679 1647 2734 Tltabita
1683 2690 1931 2744 mortua,
1971 2680 2167 2736 ﬂentes

555 2778 733 2829 vidum
765 2776 1179 2835 describuntur,
1213 2774 1301 2828 vel
1333 2774 1384 2827 in
1418 2773 1710 2841 Evangelio
1743 2771 1894 2842 (Luc.
1930 2790 2024 2838 vn,
2058 2773 2150 2845 12)

563 2883 707 2925 mota
758 2869 1014 2940 laciytnis
1063 2867 1238 2921 vidua:
1273 2878 1608 2934 prosequens
1653 2865 1809 2919 turba
1840 2864 2007 2920 funus
2035 2866 2167 2920 ado-

565 2967 824 3019 lcSCcltlts
853 2961 1126 3016 inducitur
1147 3002 1163 3024 ,
1192 2960 1278 3012 cui
1301 2959 1635 3012 resurrectio
1658 2958 1991 3023 debebatur;
2019 2959 2166 3014 illam

570 3070 748 3112 tamen
778 3056 1063 3111 Tliabitani
1095 3053 1271 3107 vidua:
1293 3095 1308 3119 ,
1336 3052 1479 3108 hunc
1503 3063 1613 3107 tota
1635 3056 1826 3108 civitas
1849 3055 2016 3110 flevit.
2049 3056 2164 3110 Non
2195 3043 2240 3106 C

568 3166 700 3218 ergo
730 3148 955 3200 dubium
985 3155 1069 3200 est
1097 3144 1123 3181 δ
1154 3145 1349 3198 vestris
1377 3145 1630 3216 laerymis
1669 3148 2041 3215 apostolorum
2073 3163 2168 3217 pa-

571 3241 859 3295 trocinium
909 3237 1215 3307 comparari
1261 3256 1274 3291 :
1325 3252 1464 3300 non,
1518 3239 1766 3308 inquam,
1819 3239 2042 3294 dubium
2086 3249 2172 3296 est

569 3337 848 3390 Clit-istum
879 3331 1251 3386 misi-rictirdia
1279 3342 1484 3386 motum
1507 3371 1522 3398 ,
1553 3348 1674 3388 cum
1713 3350 1810 3388 vos
1841 3334 2037 3390 flentes
2085 3338 2166 3390 vi-

570 3429 745 3482 deret.
801 3425 914 3479 Etsi
960 3440 1104 3478 nunc
1155 3442 1262 3478 non
1316 3425 1495 3495 tetigit
1544 3425 1820 3491 loculum,
1858 3438 1880 3466 ε
1928 3432 2170 3498 suscepit

569 3530 747 3574 tamen
776 3516 1215 3572 commendatum
1243 3517 1495 3586 spiritum
1523 3534 1536 3569 :
1573 3526 1627 3571 et
1657 3517 1704 3570 si
1735 3533 1842 3572 non
1869 3520 2167 3588 appellavit

571 3611 819 3681 Corporis
852 3624 983 3664 voce
1029 3607 1389 3674 defunctum;
1422 3608 1624 3664 divina:
1655 3619 1834 3665 tamen
1883 3613 2166 3681 potestatis

571 3703 894 3757 auctoritate
924 3717 955 3756 a
985 3700 1320 3756 cruciatibus
1342 3702 1564 3768 mortis,
1590 3711 1645 3756 et
1668 3719 1698 3758 a
1729 3704 1981 3775 nequitiae
2010 3706 2171 3775 spiri-

574 3798 698 3850 talis
724 3794 1132 3851 incursionibus
1161 3794 1279 3864 ejus
1306 3795 1539 3848 animam
1569 3795 1822 3851 liberavit
1850 3816 1862 3849 :
1897 3808 1952 3852 et
1983 3798 2028 3851 si
2059 3814 2168 3852 non

573 3887 776 3943 resedit
805 3889 858 3942 in
892 3887 1108 3953 loeulo,
1139 3888 1229 3956 qui
1263 3897 1380 3941 erat
1422 3898 1700 3953 mortuus;
1734 3898 1914 3944 tamen
1957 3893 2170 3961 requie-

576 3983 653 4036 vit
683 3982 736 4036 in
778 3980 1032 4037 Christo:
1063 3992 1119 4038 et
1156 3984 1200 4037 si
1233 3999 1342 4038 non
1385 3984 1600 4040 locutus
1635 3995 1720 4040 est
1761 3988 1956 4052 nobis;
1990 3997 2172 4043 tamen

576 4088 639 4127 ea
667 4087 788 4144 qua).
817 4089 977 4145 supra
1009 4089 1108 4130 nos
1139 4086 1300 4141 sunt,
1333 4077 1510 4131 cernit
1536 4094 1548 4130 :
1580 4087 1635 4132 et
1661 4093 1782 4148 quae
1807 4081 2019 4148 potiora
2042 4089 2172 4136 sunt

577 4167 763 4235 nobis,
791 4167 903 4240 jam
934 4185 993 4224 se
1021 4168 1206 4226 videre
1255 4170 1493 4224 laetatur.
1525 4169 1630 4226 Per
1673 4187 1739 4227 ea
1769 4173 1915 4228 enim
1955 4189 2076 4244 qua:
2109 4173 2163 4228 in

2250 369 2601 437 prie-sentiunt
2627 368 2840 436 species
2869 367 3127 420 indicium
3160 376 3244 420 est
3265 367 3595 420 futurorum.

2320 460 2409 515 se;
2451 458 2569 514 Non
2601 474 2740 528 opus
2771 457 2869 512 fuit
2897 459 2946 514 ei
2975 455 3002 494 ά
3037 458 3368 512 resurrectio
3393 457 3741 528 temporalis,
3771 457 3872 512 cui

2249 561 2449 606 aeterna
2502 552 2756 606 debetur.
2805 551 2944 619 Quid
2991 552 3138 606 enim
3193 552 3247 606 in
3294 551 3433 606 Itane
3486 550 3757 605 miseram
3807 561 3872 605 et

2249 643 2770 698 arumnosissitnam
2825 642 3098 698 recideret
3142 644 3354 708 labem,
3405 652 3569 713 atque
3612 644 3667 697 in
3713 642 3872 698 hanc

2250 738 2486 792 flebilem
2514 739 2676 790 vitam
2711 738 2950 802 rediret,
2980 754 3142 807 quem
3184 748 3396 807 raptum
3429 738 3602 808 magis
3639 740 3878 810 ll”

2251 846 2374 887 esse
2403 846 2474 886 ex
2503 840 2609 883 tam
2643 829 3059 886 imminentibus
3088 830 3247 884 malis
3280 829 3715 899 urgentibusque
3762 845 3870 898 pe—

2253 923 2445 977 riculis
2495 925 2735 994 gaudere
2779 922 3088 978 debemus?
3123 921 3258 976 Nam
3305 923 3352 976 si
3385 933 3580 990 pacato
3607 923 3822 977 stacqu
3848 965 3868 988 ,

2255 1017 2523 1085 bellisque
2566 1015 2946 1081 cessantibus,
2994 1025 3207 1084 raptum
3239 1014 3425 1068 Euoeb
3455 1012 3623 1084 (Gen.
3654 1031 3721 1082 v,
3753 1014 3869 1085 ει)

2254 1123 2415 1164 nemo
2444 1106 2696 1172 deﬂevit,
2744 1107 2839 1162 sed
2893 1109 3063 1177 tnagis
3097 1108 3362 1176 propheta
3395 1107 3670 1171 laudavit,
3713 1111 3871 1163 sicut

2255 1201 2324 1256 de
2355 1200 2448 1254 illo
2477 1198 2758 1268 Scriptura
2787 1199 2926 1252 dixit
2953 1216 2965 1250 :
3003 1199 3201 1267 Raptus
3227 1209 3300 1252 est
3322 1237 3338 1265 ,
3371 1215 3432 1252 ne
3453 1199 3660 1254 malitis
3693 1209 3719 1238 ο
3745 1216 3869 1254 mss—

2258 1301 2388 1347 taret
2417 1307 2507 1345 cor
2535 1293 2646 1362 ejus
2676 1291 2832 1360 (Sep.
2861 1305 2934 1352 tv.
2968 1290 3057 1359 it)
3084 1306 3100 1355 ;
3127 1301 3332 1360 quanto
3368 1293 3540 1363 magis
3565 1307 3709 1346 nunc
3732 1293 3869 1363 jure

2255 1383 2548 1439 dicendum
2587 1390 2690 1449 est,
2726 1397 2850 1436 eum
2895 1381 2962 1436 ad
2995 1383 3178 1437 saeculi
3209 1382 3504 1448 lubricum,
3533 1386 3659 1438 vita:
3702 1400 3868 1441 acce-

2255 1477 2342 1530 dat
2375 1475 2726 1546 antbiguum!
2759 1474 2967 1545 Raptus
2993 1485 3106 1541 est,
3138 1489 3206 1529 ne
3255 1475 3309 1529 in
3357 1491 3554 1530 manus
3593 1475 3872 1533 incideret

2256 1568 2658 1623 Barbarorum:
2690 1578 2875 1637 raptus
2925 1579 3041 1632 est,
3095 1584 3164 1623 ne
3207 1570 3373 1623 totius
3414 1569 3565 1624 orbis
3606 1568 3824 1625 excidia
3849 1611 3868 1636 ,

2180 1665 2230 1725 B
2257 1664 2440 1720 mundi
2487 1666 2671 1728 linem,
2710 1662 3134 1732 propinquorum
3165 1663 3376 1728 funera,
3406 1663 3604 1718 civium
3633 1677 3869 1731 mortes,

2258 1772 2325 1811 ne
2367 1765 2640 1825 postremo
2673 1764 2983 1808 sanctarum
3016 1756 3283 1822 virginum
3333 1765 3496 1819 atque
3542 1754 3868 1822 viduarum,

2258 1849 2403 1921 quod
2435 1847 2582 1902 omni
2616 1856 2791 1902 tnorte
2830 1847 3083 1902 acerbius
3101 1858 3208 1914 est,
3238 1847 3604 1902 colluvionem
3629 1847 3861 1903 videret.

2333 1947 2421 2000 5|.
2464 1945 2578 2013 Ego
2607 1959 2738 1998 vero
2768 1954 2820 1998 te
2840 1985 2856 2009 ,
2890 1942 3092 2011 frater,
3123 1959 3246 1998 cum
3280 1945 3408 1998 vitae
3434 1956 3539 1998 tuae
3566 1944 3724 2011 ﬂore,
3751 1956 3868 2000 tmn

2263 2037 2456 2092 mortis
2476 2035 2864 2091 commoditate
2896 2035 3113 2089 beatum
3142 2035 3407 2090 arbitror.
3440 2034 3557 2090 Non
3584 2036 3729 2090 enim
3763 2051 3867 2091 uo-

2261 2130 2347 2185 bis
2371 2136 2593 2198 ereptus
2620 2143 2712 2192 es,
2751 2127 2846 2182 sed
2890 2125 3189 2196 periculis:
3223 2141 3333 2180 non
3375 2126 3538 2180 vitam
3586 2128 3817 2182 amisisti
3849 2169 3867 2193 ,

2264 2223 2363 2278 sed
2431 2221 2794 2292 ingruentium
2845 2219 3204 2274 acerbitatum
3259 2218 3553 2276 formidine
3609 2221 3866 2279 caruisti.

2271 2313 2445 2369 fNam
2476 2328 2586 2384 qua
2613 2327 2736 2367 eras
2770 2321 2970 2366 sancta:
2991 2312 3192 2367 mentis
3207 2312 3586 2367 misericordia
3616 2313 3671 2368 in
3702 2324 3826 2369 tuos
3851 2356 3868 2378 ,

2267 2408 2313 2463 si
2347 2422 2492 2462 nunc
2524 2407 2704 2475 urgeri
2732 2404 2940 2460 Italiam
2975 2414 3082 2459 tam
3113 2408 3418 2476 propinquo
3448 2404 3601 2460 hoste
3631 2421 3867 2478 cognos-

2268 2516 2453 2567 ceres,
2480 2511 2738 2570 quantum
2768 2498 3186 2569 ingemisceres,
3214 2513 3374 2568 quam
3415 2497 3633 2553 doleres
3665 2499 3718 2553 in
3768 2500 3867 2554 Al-

2271 2594 2418 2663 pium
2466 2593 2610 2647 vallo
2669 2607 2938 2646 summam
3003 2602 3206 2646 nostra:
3269 2589 3463 2645 salutis
3521 2593 3869 2660 consistere,

2273 2696 2297 2734 tt
2322 2686 2699 2756 lignorumque
2724 2685 3070 2740 concaedibus
3096 2687 3340 2741 construi
3372 2703 3585 2741 murum
3603 2686 3828 2756 pudoris
3852 2693 3867 2743 l

2272 2781 2385 2846 Qua
2431 2778 2727 2833 afflictione
2759 2793 3022 2834 maereres
3065 2790 3173 2832 tam
3209 2782 3355 2834 tenui
3401 2777 3716 2834 discrimine
3747 2790 3873 2837 tuos

2272 2875 2340 2927 ab
2369 2874 2524 2926 hoste
2568 2871 2850 2935 distineri,
2884 2871 2954 2925 ab
2995 2871 3155 2926 hoste
3186 2873 3399 2941 impuro
3426 2884 3589 2942 atque
3628 2873 3869 2940 crudeli,

2273 2967 2363 3036 qui
2396 2980 2495 3019 nec
2526 2964 2798 3034 pudicitia:
2831 2975 3109 3033 parceret,
3146 2981 3244 3019 nec
3276 2965 3475 3020 saluti!

2343 3060 2436 3116 5:2.
2477 3060 2753 3127 Quonam,
2804 3061 3055 3128 inquam,
3107 3061 3224 3114 lucc
3266 3060 3428 3115 modo
3494 3060 3699 3128 ferres,
3747 3077 3873 3131 qua:

2275 3167 2374 3206 nos
2404 3149 2428 3186 l-
2457 3152 2699 3221 perpeti,
2730 3162 2784 3207 et
2827 3153 3058 3206 fortasse
3090 3152 3274 3225 (quod
3306 3154 3524 3224 gravius
3553 3152 3671 3226 est)
3713 3171 3873 3224 spec-

2275 3255 2390 3300 tare
2417 3261 2672 3315 cogemur
2695 3286 2711 3312 ,
2740 3247 2857 3314 rapi
2885 3246 3150 3315 virgines,
3180 3257 3235 3300 et
3272 3250 3488 3301 avolsos
3509 3262 3538 3299 a
3574 3247 3868 3316 complexu

2275 3349 2556 3408 parentum
2587 3339 2842 3406 parvulos
2884 3339 3089 3392 liberos
3117 3354 3282 3407 supra
3329 3341 3433 3395 tela
3477 3340 3692 3408 jactari.
3718 3342 3867 3395 ioce-

2274 3430 2402 3483 Stari
2433 3441 2642 3482 sacrata
2677 3429 2786 3482 Deo
2812 3443 3075 3498 corpora,
3100 3441 3152 3485 et
3197 3430 3426 3485 senilem
3469 3431 3646 3484 vidua:
3686 3443 3870 3485 matu-

2278 3521 2436 3575 rioris
2468 3529 2678 3574 uterum
2709 3522 2762 3573 in
2787 3537 2914 3574 usus
2935 3521 3191 3576 desuetos
3220 3539 3441 3577 onerum
3492 3523 3670 3578 redire
3696 3563 3712 3587 ,
3761 3539 3871 3579 non

2278 3614 2611 3683 pignorum?
2640 3613 2918 3682 Quonam,
2954 3615 3208 3686 inquam,
3242 3616 3400 3670 modo
3446 3616 3546 3669 ista
3574 3616 3871 3682 tolerares,

2277 3708 2368 3776 qui
2396 3708 2558 3760 etiam
2606 3707 2803 3761 ultimo
2832 3708 3026 3776 spititu
3069 3710 3142 3762 tui
3178 3709 3289 3777 jam
3338 3708 3581 3764 fortassis
3622 3709 3830 3763 oblitus
3857 3751 3872 3776 ,

2278 3811 2332 3852 et
2361 3798 2543 3852 adhuc
2589 3800 2759 3854 nostri
2793 3815 2897 3854 non
2948 3800 3272 3867 immernor,
3303 3801 3372 3856 de
3414 3799 3649 3854 cavenda
3691 3802 3876 3858 incur—

2281 3890 2437 3944 sione
2465 3891 2824 3958 Barbarorum
2872 3905 2973 3945 nos
3013 3891 3216 3961 saepius
3245 3891 3606 3960 admonebas,
3637 3909 3877 3950 contine-

2282 3997 2500 4036 morans
2546 3996 2655 4036 non
2686 3983 2880 4036 frustra
2920 3993 2972 4037 te
3002 3982 3210 4039 dixisse
3255 3984 3587 4054 fugiendum.
3621 3984 3876 4043 Fortasse

2275 4075 2400 4130 ideo
2445 4073 2590 4144 quod
2635 4090 2735 4129 nos
2767 4075 2985 4138 destitui
3037 4084 3124 4130 tua
3171 4087 3345 4131 morte
3389 4078 3697 4134 cernebas:
3727 4079 3872 4149 quod

2272 4186 2380 4226 non
2427 4165 2743 4226 infirmitate
2786 4169 2994 4236 animi,
3043 4169 3139 4225 sed
3185 4170 3389 4242 pietate
3418 4170 3696 4237 faciebas;
3727 4183 3778 4227 et
3821 4173 3871 4228 si

649 4331 675 4360 ιι
729 4321 872 4377 Edit.
924 4321 1169 4391 quaedam
1220 4320 1420 4394 Paris.,
1474 4323 1684 4378 creditis
1729 4325 2171 4390 sollicitudinem,-
2199 4328 2254 4390 Ι)
2278 4325 2369 4379 bus
2399 4321 2585 4379 haberi
2617 4323 2920 4393 cangeribus
2958 4322 3057 4392 (in
3095 4324 3416 4394 quibusdam
3452 4327 3709 4382 scribitur
3747 4346 3874 4384 con-

579 4396 803 4463 reliqnaz
842 4407 906 4447 ac
945 4407 1076 4446 mss.
1124 4393 1348 4454 melius,
1382 4394 1590 4447 creditis
1641 4395 1971 4450 solitudinem
1996 4415 2016 4461 ,-
2044 4397 2173 4450 soli-

584 4467 712 4520 tudo
734 4463 876 4518 enim
905 4471 960 4516 et
983 4463 1185 4517 orbitas
1209 4464 1277 4532 de
1304 4475 1479 4518 morte
1503 4465 1755 4518 dicuntur
1780 4469 2170 4532 proximorum.

580 4537 766 4592 Tertio
791 4542 971 4588 autem
1005 4547 1163 4588 versu
1195 4531 1347 4588 deest
1376 4535 1429 4588 in
1463 4550 1593 4588 mss.
1627 4531 1869 4603 pluribus
1893 4549 1993 4590 vox
2022 4548 2138 4592 eota
2161 4581 2174 4604 ,

579 4622 683 4676 qna
711 4605 926 4675 quidem
951 4615 1225 4677 exempta,
1253 4619 1449 4659 sensus
1475 4604 1654 4661 adhuc
1678 4609 1889 4677 integer
1917 4619 2130 4663 constat
2157 4652 2171 4676 ,

581 4675 675 4733 sed
707 4686 886 4731 tamen
917 4675 1118 4745 aliquid
1152 4678 1406 4730 adimitur
1439 4675 1809 4732 concinnitati.

653 4747 679 4784 δ
723 4748 1140 4819 Eodemsensu
1192 4749 1352 4802 lletus
1395 4762 1692 4817 pauperum
1744 4764 1906 4819 supra
1947 4753 2176 4808 vocabat

581 4822 841 4890 lacryntas
865 4818 1246 4887 redemptrices.
1276 4819 1382 4874 Sed
1401 4830 1455 4874 et
1483 4822 1684 4888 passim
1710 4820 1765 4874 in
1795 4818 1895 4877 hac
1915 4824 2174 4880 Oratione

585 4889 744 4961 quain
774 4891 1011 4943 ellicacia
1048 4890 1424 4964 vivorumpro
1449 4889 1718 4964 defunctis
1757 4892 2042 4964 suffragia,
2075 4911 2176 4951 nec

582 4979 688 5034 non
723 4971 1168 5034 sanctor-nmmo
1205 4962 1449 5034 utrisque
1491 4963 1725 5034 subsidia
1755 4963 1864 5031 jam
1908 4962 1945 5016 a‘
1984 4967 2176 5034 primis

584 5032 844 5088 Ecclesiae
874 5031 1089 5086 saeculis
1117 5032 1510 5097 crederentur,
1545 5033 1891 5088 manifestum
1916 5031 1992 5088 ﬁt.

662 5115 686 5142 ε
725 5101 979 5156 Nonnulli
1009 5117 1167 5166 mss.,
1208 5106 1430 5172 suscepit
1459 5116 1628 5158 tamen
1653 5106 1832 5159 datum
1860 5122 1878 5158 :
1905 5116 1953 5159 et
1990 5108 2036 5160 si
2075 5123 2176 5162 non

585 5174 960 5255 appellemus
991 5189 1094 5255 non
1123 5175 1307 5226 resedit
1335 5179 1386 5227 in
1409 5176 1634 5255 lectulo.

660 5244 687 5282 ιι
727 5244 856 5298 Mss.
883 5245 1121 5313 aliquot,
1151 5247 1452 5299 resurrectio
1478 5249 1782 5314 corporalis.

661 5325 695 5388 Ἀ
726 5315 855 5368 Mss.
887 5315 1162 5388 nonnulli,
1189 5328 1408 5370 mutaret
1425 5320 1739 5372 intellectum
1759 5335 1900 5387 elus,
1924 5330 2014 5373 aut
2034 5320 2175 5388 ﬁctio

585 5386 837 5453 deciperet
857 5387 1085 5438 animum
1113 5387 1245 5453 ejus.

659 5457 681 5494 τ
723 5455 914 5510 Plures
943 5471 1074 5510 mss.
1104 5464 1162 5512 et
1184 5457 1429 5522 Amerb.,
1459 5455 1599 5511 Nam
1623 5461 1712 5528 qui
1742 5475 1945 5515 eras...
1975 5462 2174 5516 miseri-

585 5530 760 5582 cordia
793 5530 845 5580 in
876 5536 1025 5594 tuos;
1061 5529 1274 5600 quidam
1306 5529 1651 5592 meliuscule.
1685 5547 1878 5600 pronus
1916 5533 1969 5585 in
2011 5542 2126 5587 tuos
2152 5549 2173 5587 :

584 5600 886 5670 elegantius
914 5610 1090 5670 tamen
1111 5598 1203 5653 alii
1224 5640 1239 5662 ,
1265 5609 1428 5669 atque
1452 5600 1584 5654 edit.
1613 5598 1751 5656 utin
1781 5611 2060 5659 contextu.

656 5669 688 5716 ε
720 5670 963 5726 Nannius
993 5669 1084 5726 ubi
1110 5671 1387 5728 annOtavit
1407 5670 1460 5726 iu
1498 5671 1617 5729 aliis
1643 5673 1765 5731 cod.
1796 5689 1895 5750 pro
1921 5676 2174 5733 concedi-

2278 4395 2511 4470 geriebus
2537 4399 2554 4464 )
2581 4437 2594 4455 .
2625 4395 2680 4447 in
2710 4395 2841 4470 aliis
2871 4410 2999 4449 vero
3023 4397 3291 4470 aggeribus
3315 4438 3330 4458 ,
3366 4398 3566 4470 idest,
3602 4399 3874 4470 stragibus

2278 4465 2614 4534 dejectarum
2644 4465 2898 4518 arborum
2920 4508 2934 4529 ,
2967 4475 3026 4519 ut
3057 4465 3246 4521 itinera
3271 4468 3519 4522 ltoStibus
3549 4465 3876 4528 interclude-

2278 4548 2498 4592 rentur:
2523 4536 2832 4605 subjungit,
2864 4536 2994 4605 quid
3024 4538 3093 4591 sit
3122 4539 3338 4599 melius,
3367 4540 3486 4594 aliis
3516 4541 3870 4598 divinandum

2278 4623 2338 4663 se
2369 4608 2716 4682 relinquere;
2747 4622 2868 4682 cum
2903 4623 3036 4663 voce
3062 4610 3386 4682 concreditum
3412 4611 3634 4682 intelligi
3667 4616 3878 4679 possint

2279 4680 2447 4734 multa
2482 4679 2622 4744 ligna
2645 4681 2798 4748 quasi
2826 4681 3100 4733 communi
3129 4681 3278 4734 caede
3302 4693 3366 4734 ac
3392 4683 3555 4736 simul
3585 4679 3774 4738 strata.
3801 4686 3877 4741 Et

2280 4759 2428 4806 certe
2457 4766 2562 4805 non
2589 4751 2864 4822 aberravit
2891 4769 2920 4803 a
2952 4765 3118 4815 scopo
3145 4752 3262 4805 haec
3303 4753 3648 4822 conjectura;
3679 4757 3875 4813 eadem

2279 4827 2426 4878 enim
2462 4837 2597 4875 voce
2642 4819 2747 4876 huc
2795 4822 2912 4888 ipso
2939 4836 3108 4877 sensu
3150 4819 3520 4879 Tacitum'lib.
3551 4841 3570 4878 ι
3599 4841 3755 4880 usum
3787 4844 3878 4881 re.

2278 4895 2474 4963 perias.
2493 4893 2903 4962 Consequenter
2921 4901 3126 4958 autem,
3148 4895 3238 4948 ubi
3264 4910 3364 4948 nos
3383 4909 3505 4950 cum
3530 4896 3680 4961 Gill.,
3707 4898 3868 4955 Hom.

2279 4966 2411 5039 edit.
2462 4979 2526 5019 ac
2566 4978 2701 5039 mss.
2753 4964 2998 5039 ali_qttot,
3047 4975 3151 5018 tam
3199 4966 3334 5019 tenui
3364 4967 3694 5030 discrimine,
3735 4980 3876 5039 etc.,

2279 5037 2409 5089 edit.
2443 5035 2664 5089 Ainerb.
2699 5045 2755 5089 et
2799 5034 2955 5088 Eras.
3002 5051 3126 5089 cum
3175 5050 3306 5090 mss.
3350 5040 3625 5092 noonullis
3673 5034 3876 5107 praifel

2279 5118 2409 5182 runt
2430 5147 2444 5170 ,
2477 5108 2531 5159 iu
2560 5116 2706 5158 tanto
2731 5109 2890 5159 teneri
2915 5107 3212 5160 discrimine
3239 5118 3354 5161 tuos
3377 5109 3440 5161 ab
3462 5113 3607 5182 hoste
3633 5111 3836 5182 impuro
3854 5130 3876 5168 :

2280 5178 2369 5230 alii
2402 5191 2530 5231 vero
2564 5191 2692 5229 mss.
2721 5193 2828 5230 non
2854 5193 3018 5247 parvo
3050 5191 3300 5244 numero,
3334 5188 3442 5233 tam
3471 5181 3610 5234 tenui
3639 5178 3878 5238 ab'lrosts

2283 5247 2580 5302 discrimine
2607 5257 2722 5302 tuos
2751 5264 2859 5301 esse
2879 5287 2895 5314 ,
2933 5247 2997 5301 ab
3026 5247 3174 5301 hoste
3211 5250 3451 5318 impuro,
3499 5258 3605 5305 etc.
3650 5252 3877 5311 Minime

2282 5320 2445 5373 male.

2352 5386 2378 5426 ¹³
2412 5389 2552 5466 _Cod.
2583 5388 2796 5466 itemig.
2845 5400 2895 5444 et
2943 5389 3196 5466 Benign.,
3243 5393 3440 5459 perpeti
3465 5407 3484 5446 :
3510 5401 3668 5466 atque
3703 5392 3879 5466 (quod

2279 5461 2485 5530 gravius
2510 5459 2620 5534 est)
2648 5459 2781 5527 ferre
2808 5477 3067 5534 cogemur.
3092 5461 3271 5514 Minus
3293 5459 3605 5518 commode.
3633 5459 3879 5522 autem

2279 5527 2461 5606 autem
2509 5527 2596 5583 hic
2614 5533 2818 5606 perpeti
2870 5527 3014 5587 idem
3059 5547 3255 5587 sonare
3301 5549 3366 5588 ac
3408 5550 3517 5589 non
3571 5537 3878 5606 impedire,

2279 5603 2424 5685 quod
2452 5617 2583 5657 sane
2611 5605 2785 5658 levius
2811 5615 2900 5660 est
2923 5621 3083 5676 quam
3113 5606 3158 5660 si
3188 5616 3439 5678 spectare
3479 5603 3881 5682 turpitudinem

2276 5690 2396 5752 quis
2415 5685 2720 5748 cegeretur.
3871 5685 3876 5690 ‘
