4092 6190
206 188 367 245 ιδθι

1133 197 1224 256 DE
1264 198 1577 259 EXCESSU
1614 200 1922 263 νηιτιιιε
1961 205 2079 265 SOI
2110 207 2368 268 SATYRI
2406 210 2536 268 LIB.
2581 213 2623 269 l.

3399 226 3539 284 1392

204 324 481 382 infirmus
529 344 630 398 pro
674 331 863 397 nobis,
896 340 1075 389 tamen
1108 333 1297 391 lirmus
1339 335 1459 391 tibi.
1507 337 1613 405 Qui
1637 350 1803 394 eum:

1933 323 2145 393 pendo!
2191 322 2325 391 Qua
2353 334 2479 382 vota
2510 327 2813 385 deﬁciunt!
2854 330 2993 398 Qua
3011 333 3313 392 ministeria
3338 352 3535 393 suecev

202 418 346 473 viro
390 421 557 477 nobili
602 427 939 481 revocareris
970 436 995 463 α
1025 426 1360 499 Symmacho
1409 437 1505 485 tuo
1553 445 1821 501 parente,

203 512 375 584 quod
405 514 601 571 ardere
641 516 787 573 bello
823 515 979 574 italia
1001 519 1315 590 diceretur,
1345 521 1495 593 quod
1530 522 1586 578 in
1615 523 1823 595 pericu-

203 602 351 661 lum
373 608 626 665 tenderes
648 651 664 675 ,
698 610 841 682 quod
875 613 930 667 in
978 615 1187 669 hostem
1220 619 1564 683 incurreres;
1597 632 1825 689 respon-

204 697 352 755 disti
399 700 536 757 hanc
585 703 755 773 ipsam
811 705 905 762 tibi
962 720 1187 763 causam
1233 716 1357 764 esSe
1401 710 1698 779 veniendi,
1755 727 1824 770 ne

205 796 417 846 nostro
463 792 687 850 deesses
733 797 1009 866 periculo,
1060 809 1119 854 ut
1161 808 1475 858 consortem
1517 810 1572 859 te
1598 801 1822 862 fraterni

203 882 563 941 discriminis
601 888 912 946 exhiberes.

291 978 386 1034 53.
431 977 460 1017 δ
487 979 638 1037 Felix
666 981 830 1053 igitur
851 990 959 1040 tam
987 994 1298 1056 opportuno
1326 986 1478 1042 obitu
1501 1029 1516 1053 ,
1548 988 1673 1058 quia
1707 1003 1819 1044 non

204 1079 304 1127 est
332 1074 393 1127 in
420 1072 566 1130 hunc
596 1085 852 1133 servatus
876 1076 1144 1135 dolorem.
1175 1077 1338 1136 Certe
1365 1080 1572 1136 felicior
1609 1082 1820 1155 1123

203 1180 387 1234 quam
436 1174 621 1224 sancta
671 1158 860 1239 soror,
894 1186 1017 1242 quae
1058 1180 1149 1226 tuo
1178 1173 1376 1228 solatio
1404 1172 1662 1229 destituta
1685 1176 1821 1240 ,'de

203 1270 319 1312 suo
377 1257 583 1323 pudore
630 1261 900 1328 sollicita,
945 1262 1157 1319 duobus
1185 1279 1358 1335 nuper
1395 1265 1553 1321 beata
1598 1280 1816 1337 germa-

205 1349 300 1405 nis
318 1386 336 1417 ,
365 1366 507 1407 nunc
535 1366 599 1408 ex
632 1352 843 1409 duobus
870 1354 1129 1411 fratribus
1155 1370 1466 1413 aerumnosa
1492 1398 1505 1422 ,
1531 1372 1711 1428 neque
1739 1359 1818 1413 al-

209 1451 400 1498 terum
421 1445 572 1514 sequi
600 1453 814 1515 potest,
845 1462 1019 1518 neque
1041 1435 1269 1503 alierum
1290 1449 1701 1521 derelinquere:
1725 1451 1817 1506 cui

207 1537 461 1591 tumulus
510 1537 802 1608 hospitium
848 1549 1004 1608 tuus,
1034 1551 1088 1595 et
1114 1543 1365 1612 corporis
1396 1542 1470 1599 tui
1500 1544 1812 1613 sepulcrum

204 1637 296 1681 est
349 1626 563 1685 domus.
598 1631 776 1702 Atque
826 1633 1034 1687 utinam
1081 1634 1167 1690 vel
1215 1633 1319 1689 hoc
1371 1643 1540 1689 tutum
1570 1634 1813 1690 diverso-

1929 413 2095 470 dnnt!
2124 415 2278 472 Aliud
2309 419 2717 491 praeparabant,
2743 421 2895 478 aliud
2919 422 3179 482 exhibere
3202 431 3529 499 compellor;

1928 521 2039 562 non
2086 507 2199 578 jam
2250 510 2364 580 ipse
2404 512 2764 569 ministerium
2817 514 3063 582 funeris,
3112 518 3212 574 sed
3261 522 3530 579 miniSter.

1926 599 1972 657 Ο
1998 600 2129 657 dura
2159 603 2441 659 oculorum
2466 606 2672 661 lumina
2694 649 2709 673 ,
2738 623 2859 679 qua:
2900 610 3155 679 potuistis
3194 609 3421 669 fratrem
3452 616 3535 670 vi-

1926 692 2058 748 dere
2083 694 2407 753 morientem
2433 698 2447 752 !
2494 696 2543 754 Ο
2566 698 2806 756 immites
2835 710 2889 756 et
2928 717 3137 772 aspera:
3164 719 3381 772 manus,
3411 721 3534 778 quae

1925 784 2199 843 clausistis
2218 788 2432 856 oculos,
2456 789 2508 845 in
2532 790 2731 861 quibus
2756 791 2879 861 plus
2902 792 3148 849 videbam
3175 796 3191 851 ι
3221 792 3250 833 ά
3278 795 3323 852 0
3343 794 3534 853 durior

1923 881 2107 936 cervix
2129 923 2145 947 ,
2170 897 2292 952 quae
2324 892 2434 939 tam
2461 884 2689 955 lugubre
2715 900 2859 943 onus
2878 926 2897 955 ,
2927 888 3249 961 consolabili
3275 890 3404 947 licet
3429 893 3530 948 ob-

1923 975 2135 1046 sequio,
2156 985 2375 1048 gestare
2399 980 2659 1050 potuisti!

1994 1066 2083 1123 57.
2133 1070 2257 1124 llaec
2289 1079 2344 1125 tu
2368 1111 2385 1137 ,
2418 1069 2607 1139 frater,
2641 1074 2775 1128 mihi
2812 1074 3014 1145 justius
3053 1076 3365 1135 exhiberes.
3401 1079 3527 1137 llaec

1921 1175 2024 1230 ego
2048 1176 2078 1216 a
2103 1170 2157 1217 te
2183 1164 2597 1233 exspectabam,
2629 1166 2744 1222 hac
2769 1182 2876 1238 ego
2906 1168 3088 1224 ofﬁcia
3130 1171 3527 1229 desiderabam.

1920 1252 2075 1309 Nunc
2117 1269 2245 1310 vero
2287 1255 2418 1325 ipsa:
2447 1272 2585 1315 mea;
2613 1260 2739 1313 vitae
2768 1272 3085 1331 superstes,
3130 1265 3274 1334 quod
3326 1266 3445 1322 sine
3478 1277 3530 1323 te

1919 1346 2169 1401 solatium
2193 1348 2426 1418 capiam,
2451 1350 2543 1421 qui
2572 1352 2720 1406 solus
2752 1365 3072 1411 maerentem
3101 1356 3267 1412 solari
3289 1359 3526 1428 solebas,

1918 1439 2160 1496 excitare
2181 1441 2447 1509 laetitiam,
2464 1444 2893 1503 mmstitudinem
2918 1449 3279 1520 propulsare?
3300 1451 3527 1519 Qualem

1920 1542 1973 1587 te
2016 1549 2157 1593 nunc
2201 1550 2334 1605 ego,
2368 1536 2546 1603 frater,
2597 1539 2826 1608 aspicio,
2856 1540 2969 1610 jam
3019 1543 3168 1597 nulla
3197 1544 3331 1599 mihi
3358 1546 3529 1601 verba

1918 1623 2279 1688 referentem,
2333 1626 2547 1699 1135
2581 1628 2689 1697 iam
2738 1631 2885 1687 nulla
2928 1631 3255 1690 offerentem
3290 1637 3522 1692 oscula!

207 1720 361 1775 rium
391 1724 405 1777 l
456 1723 621 1778 Cibus
652 1725 704 1779 in
751 1723 990 1788 ﬂetibus,
1022 1735 1182 1796 potus
1219 1728 1271 1781 In
1314 1727 1601 1799 lacrymis;
1634 1728 1803 1783 cibum

1921 1714 2263 1786 Quamquam
2284 1718 2358 1772 ita
2380 1732 2601 1775 mutuus
2630 1735 2851 1801 semper
2877 1726 3094 1794 utrique
3116 1735 3362 1783 nostrum
3381 1729 3531 1784 inse-

204 1815 417 1871 etenim
446 1816 641 1873 dedisti
671 1817 825 1873 nobis
868 1833 1064 1888 panem
1106 1821 1471 1891 lacrymarum
1495 1862 1509 1887 ,
1543 1828 1597 1875 et
1625 1829 1813 1891 potum

202 1907 411 1964 dedisti
457 1909 615 1965 nobis
642 1910 699 1966 in
745 1908 1004 1982 lacrymis
1032 1912 1086 1967 in
1120 1927 1410 1980 mensura,
1454 1910 1814 1971 aut’fortasse

202 2001 354 2056 ultra
383 2016 691 2058 mensuram
724 2002 902 2075 (Paul.
936 2019 1129 2071 Lxxtx,
1160 2005 1241 2076 6).
1474 2070 1479 2075 ί

274 2093 370 2150 54.
412 2094 545 2150 Nam
569 2096 697 2167 quid
724 2096 791 2152 de
822 2112 909 2153 me
933 2097 1147 2169 loquar,
1171 2099 1260 2153 cui
1290 2112 1466 2170 neque
1492 2099 1637 2154 mori
1660 2100 1811 2167 licet,

199 2201 271 2242 ne
308 2200 559 2241 sororem
601 2187 906 2259 relinquam
946 2207 958 2242 :
989 2202 1169 2260 neque
1198 2190 1381 2246 vivere
1421 2190 1577 2257 libet,
1606 2206 1676 2247 ne
1707 2206 1739 2246 a
1759 2201 1814 2247 te

196 2280 450 2336 avellar?
491 2280 633 2349 Quid
676 2282 821 2337 enim
855 2283 986 2338 mihi
1014 2285 1136 2339 sine
1167 2292 1220 2339 te
1260 2292 1437 2354 potest
1464 2298 1589 2341 esse
1611 2286 1809 2355 jucun-

196 2368 333 2428 dum
359 2415 373 2438 ,
416 2373 468 2427 in
512 2390 618 2444 quo
649 2374 829 2430 omnis
872 2390 1089 2446 semper
1119 2375 1216 2430 fuit
1242 2387 1430 2432 nostra
1457 2377 1811 2446 jucundius?

196 2476 298 2520 aut
326 2465 455 2537 quid
482 2467 684 2523 diutius
723 2468 776 2522 in
821 2467 923 2523 hac
967 2468 1079 2524 vita
1105 2469 1304 2540 degere
1328 2469 1481 2540 juvat
1507 2511 1521 2536 ,
1561 2479 1727 2541 atque
1754 2471 1809 2527 in

201 2560 364 2615 terris
406 2563 648 2629 morari,
682 2562 736 2617 in
781 2562 979 2633 quibus
1026 2562 1229 2617 tamdiu
1272 2564 1512 2634 jucunde
1550 2566 1807 2634 viximus,

198 2653 457 2723 quamdiu
478 2653 640 2709 simul
665 2654 930 2709 viximus!
955 2655 1067 2710 Etsi
1092 2663 1235 2711 esset
1254 2657 1397 2727 quod
1422 2657 1507 2712 hic
1526 2656 1809 2729 delectare

200 2762 303 2804 nos
327 2756 529 2819 posset,
551 2750 671 2805 sine
699 2758 752 2806 te
772 2751 1047 2807 delectare
1070 2767 1176 2805 non
1198 2760 1384 2823 posset
1408 2771 1422 2808 :
1452 2763 1505 2809 et
1521 2754 1566 2809 si
1590 2754 1809 2824 quando

200 2842 561 2897 voluissemus
612 2843 853 2914 impense
898 2845 1063 2900 vitam
1113 2844 1432 2912 producere,
1472 2846 1583 2917 jam
1623 2858 1805 2903 tamen

200 2934 321 2990 sine
344 2945 397 2992 te
423 2950 545 2992 esse
569 2935 856 2993 nollemus.
1124 3006 1127 3007 γ

272 3025 360 3082 55.
410 3026 538 3082 Haec
587 3027 977 3085 intolerabilia.
1011 3030 1155 3099 Quid
1189 3032 1334 3087 enim
1373 3032 1656 3088 tolerabile
1686 3034 1804 3089 sine

1917 1807 2060 1863 derit
2100 1824 2254 1864 amor
2283 1851 2300 1878 ,
2354 1820 2413 1865 ut
2457 1811 2721 1869 interiore
2750 1815 2933 1883 potius
2983 1816 3263 1875 foveretur
3303 1821 3526 1889 aﬂ'cctu,

1916 1914 2079 1969 quam
2127 1901 2327 1956 loreusi
2370 1901 2635 1959 blanditia
2679 1905 3091 1977 divulgaretur;
3147 1925 3326 1982 neque
3379 1914 3527 1969 enim

1917 1994 2145 2049 aliorum
2166 1996 2547 2066 quaerebamus
2567 1999 2968 2069 testimonium,
2994 2004 3087 2073 qui
3116 2012 3324 2060 tantam
3347 2009 3527 2065 nostri

1913 2085 2143 2157 gratiam
2201 2088 2542 2144 tenebamus.
2594 2091 2670 2145 ita
2717 2092 2894 2147 virilis
2936 2109 2998 2150 se
3026 2094 3241 2167 utrique
3276 2108 3522 2153 nostrum

1913 2178 2513 2263 germanitatissuccus
2544 2179 2837 2250 infuderat,
2869 2194 2924 2239 ut
2950 2200 3056 2240 non
3088 2186 3369 2251 blanditiis
3390 2203 3522 2263 pro-

1916 2269 2046 2325 bare
2082 2258 2362 2335 amorem,
2408 2271 2505 2328 sed
2543 2275 2760 2330 conscia
2802 2284 2989 2332 mente
3044 2278 3259 2347 pietatis
3307 2258 3522 2338 interno

1913 2375 2100 2417 amore
2138 2362 2417 2427 contenti,
2452 2364 2632 2421 fucum
2673 2365 3053 2423 blanditiarum
3093 2384 3202 2425 non
3242 2372 3522 2442 requirere

1913 2453 2257 2522 videremur,
2290 2470 2428 2525 quos
2455 2466 2511 2513 et
2540 2458 2654 2527 ipsa
2683 2460 2735 2514 in
2767 2475 3011 2517 amorem
3050 2471 3296 2519 mutuum
3339 2466 3520 2537 imago

1912 2548 2211 2614 formarat;
2260 2549 2447 2605 nescio
2495 2560 2518 2588 ο
2562 2552 2709 2609 enim
2747 2564 2856 2622 qua
2903 2557 3256 2625 expressione
3297 2562 3517 2629 mentis,

1911 2651 2019 2710 qua
2048 2640 2295 2709 corporis
2333 2640 2689 2701 similitudine
2723 2644 2865 2701 alter
2894 2646 2947 2699 in
2975 2647 3150 2705 altero
3177 2647 3517 2708 videbamur.

1982 2730 2071 2787 58.
2117 2730 2253 2798 Quis
2295 2738 2351 2788 te
2380 2735 2625 2804 aspexit,
2666 2737 2760 2806 qui
2795 2752 2901 2792 non
2931 2754 3021 2794 me
3056 2739 3233 2796 visum
3262 2744 3515 2812 putaret?

1909 2822 2135 2892 Quoties
2168 2826 2383 2897 aliquos
2410 2828 2673 2894 salutavi,
2712 2831 2806 2901 qui
2835 2832 3092 2902 quoniam
3132 2844 3185 2895 te
3212 2835 3359 2904 prius
3382 2851 3515 2893 con-

1908 2919 2278 2977 salutaverant
2309 2961 2323 2986 ,
2373 2936 2436 2979 se
2491 2937 2521 2975 a
2578 2937 2667 2978 me
2722 2924 2831 2992 jam
2902 2924 3153 2981 dicerent
3204 2927 3515 2987 salutatos!

1908 3013 2105 3079 Quanti
2135 3014 2230 3068 tibi
2271 3012 2525 3070 dixerunt
2546 3015 2889 3087 aliqttid,‘qui
2916 3031 2975 3075 se
3004 3019 3134 3077 mihi
3164 3018 3369 3078 dixisse
3396 3036 3513 3079 me-

200 3128 255 3172 te
277 3126 426 3172 tanto
456 3118 585 3174 vitae
627 3121 868 3189 comite,
903 3131 1057 3176 tanto
1104 3121 1631 3199 laborummeorum
1679 3123 1800 3179 olli-

1908 3109 2219 3165 morarentl
2251 3108 2382 3176 Quae
2415 3108 2551 3164 mihi
2571 3108 2701 3167 hinc
2723 3112 2941 3182 gaudia,
2971 3122 3172 3183 quanta
3199 3114 3515 3184 frequenter

196 3208 511 3280 ciorumquc
562 3212 860 3266 consorte?
904 3211 1070 3282 Cujus
1116 3228 1216 3283 ego
1271 3230 1455 3269 casum
1502 3222 1625 3285 quo
1653 3226 1803 3272 esset

199 3300 555 3369 tolerabilior,
588 3316 687 3357 nec
715 3303 1081 3372 praemeditari
1110 3304 1296 3374 potui;
1327 3305 1399 3363 ita
1425 3307 1653 3376 parebat
1677 3309 1798 3361 ani-

201 3410 317 3449 mus
345 3394 414 3450 de
444 3395 539 3450 illo
571 3395 676 3451 tale
721 3394 923 3467 aliquid
965 3397 1237 3467 cogitare!
1290 3413 1401 3454 non
1450 3415 1558 3469 quo
1607 3400 1799 3455 condi-

200 3487 400 3542 tionem
445 3487 749 3559 ignorarem
779 3532 792 3559 ,
824 3488 919 3545 sed
966 3489 1182 3561 quidam
1226 3500 1477 3548 votorum
1512 3506 1638 3547 usus
1669 3507 1797 3549 sen-

199 3596 316 3639 snm
343 3583 645 3639 communis
667 3582 978 3655 fragilitatis
1011 3584 1343 3651 obduxerat;
1392 3595 1448 3642 ut
1475 3584 1544 3642 de
1571 3586 1662 3643 illo
1691 3587 1796 3649 nisi

200 3676 428 3728 secunda
452 3677 634 3731 omnia
664 3677 907 3747 cogitare
938 3678 1229 3733 nescirem.

269 3764 355 3821 ‘56.
380 3765 622 3839 Denique
645 3769 892 3838 proxime
913 3783 1036 3824 cum
1058 3771 1206 3842 gravi
1232 3769 1489 3843 (quodam
1511 3779 1673 3842 atque
1694 3773 1801 3826 uti-

201 3874 320 3915 nam
341 3875 596 3930 supremo
614 3859 661 3933 l)
686 3876 910 3931 urgerer
930 3878 1158 3929 occasu;
1202 3861 1307 3918 hoc
1330 3862 1503 3919 solum
1522 3862 1791 3934 dolebam,

197 3951 338 4021 quod
359 3967 464 4007 non
488 3952 605 4022 ipse
626 3952 897 4010 assideres
919 3955 1140 4020 lectulo,
1171 3970 1234 4011 ac
1255 3955 1496 4011 votivum
1520 3956 1649 4013 mihi
1672 3970 1793 4013 cum

197 4054 375 4100 sancta
411 4060 601 4101 sorore
650 4047 880 4115 partitus
928 4046 1168 4102 oflicium
1191 4089 1206 4113 ,
1239 4057 1262 4085 ε
1293 4048 1575 4104 morientis
1605 4049 1794 4106 oculos

197 4135 371 4208 digitis
420 4138 524 4201 tuis
568 4136 871 4195 clauderes.
926 4136 1065 4207 Quid
1111 4139 1462 4211 optaveram!
1512 4140 1650 4209 Quid
1693 4157 1782 4197 re-

269 4283 292 4311 δ
331 4273 649 4350 Ambrosius
674 4274 866 4330 eodem
891 4274 1053 4331 modo
1081 4275 1466 4350 Symmachum
1494 4275 1673 4347 Satyri
1700 4292 1793 4350 pa-

197 4343 524 4417 retttemjhoc
547 4346 664 4401 loco
691 4356 867 4409 Vocat,
898 4363 1005 4413 quo
1045 4343 1325 4402 ah'eodem
1355 4350 1514 4415 epist.
1542 4343 1608 4404 17
1636 4343 1787 4405 ιιιιίη.

201 4417 457 4491 1?,epist.
479 4418 562 4491 52
582 4419 854 4491 nttm._l'l,
876 4428 928 4473 et
945 4420 1105 4491 epist.
1127 4420 1194 4473 55
1210 4434 1358 4491 num.
1379 4420 1433 4484 5,
1450 4418 1789 4475 Theodosius

200 4487 400 4563 Valent.
418 4489 641 4563 minoris
655 4487 1182 4563 ctGratianiparetis
1198 4488 1415 4563 dicitur,
1434 4502 1487 4548 et
1506 4509 1609 4563 quo
1623 4496 1785 4549 etiam

203 4560 252 4642 in
285 4556 415 4614 bene
457 4560 639 4656 multis
678 4560 910 4656 .Cndicis.
941 4556 1156 4618 Theod.
1210 4556 1446 4656 legibus.
1472 4556 1785 4656 superiores
1811 4596 1864 4656 υ
1897 4561 2135 4656 δαψιεῇ
2155 4559 2258 4656 sed

202 4631 545 4703 imperatores
572 4632 694 4687 licet
723 4634 987 4701 sanguine
1018 4649 1239 4703 prorsus
1273 4631 1447 4689 alieni
1485 4631 1677 4689 eodem
1711 4634 1779 4687 ti-

206 4701 307 4756 tulo
328 4717 355 4755 a
378 4703 784 4757 successoribus
813 4701 1077 4758 ornantur
1103 4705 1248 4768 suis,
1278 4706 1531 4760 nimirum
1560 4703 1783 4759 honoris

203 4787 261 4826 ac
289 4772 644 4845 venerationis
682 4774 852 4845 gratia
877 4815 892 4837 ,
925 4785 971 4827 et
1009 4774 1144 4829 forte
1177 4776 1260 4829 hic
1288 4776 1449 4831 etiam
1483 4777 1645 4833 animi
1693 4791 1784 4831 ac-

204 4850 468 4912 ceptorum
499 4842 883 4898 beneﬁciorum
918 4860 1025 4903 non
1057 4846 1390 4901 immemoris
1445 4848 1776 4903 testimonio.

207 4912 331 4988 iliuc
358 4913 888 4988 autemconjicitmn
915 4914 1167 4988 Satyrum
1213 4917 1265 4971 in
1300 4917 1473 4973 reditu
1502 4933 1569 4973 ex
1599 4914 1781 4973 Alrica

206 4982 359 5037 Roma
387 4984 685 5039 transiisse.

268 5053 293 5091 ι)
332 5053 427 5108 Hic
448 5067 646 5125 aperta
673 5097 687 5119 ,
738 5065 796 5110 ιιι
840 5056 1073 5113 advertit
1106 5055 1386 5125 Nannius,
1424 5059 1656 5114 imitatio
1700 5068 1784 5114 est

206 5125 413 5193 hujusce
446 5124 546 5180 loci
581 5125 857 5195 Virgiliani
884 5143 897 5180 :

290 5215 831 5281 2...............'l‘uque,
855 5231 887 5281 o
906 5218 1208 5281 sanctissima
1232 5218 1430 5281 coniux,

288 5277 423 5330 Felix
450 5284 608 5331 morte
631 5276 743 5339 tua,‘
758 5276 851 5328 nec
878 5279 925 5329 in
951 5276 1081 5328 hunc
1105 5287 1298 5329 serrata
1322 5276 1560 5331 dolorem.

273 5396 292 5424 ο
332 5384 412 5437 Ab
440 5384 678 5455 antiquis
710 5381 876 5455 petita
912 5383 1007 5455 luit
1036 5396 1099 5437 ea
1129 5386 1466 5441 consuetudo
1489 5426 1504 5450 ,
1532 5400 1636 5455 qua
1664 5401 1778 5440 mo-

206 5456 443 5512 rientium
487 5454 629 5507 oculi
673 5453 1239 5522 eonjnnmissimornm
1280 5459 1529 5513 manibus
1553 5453 1783 5512 claude-

209 5530 403 5582 bantur.
466 5525 593 5595 Ejus
637 5524 885 5595 meminit
929 5537 991 5595 ac
1021 5525 1303 5595 rationem
1352 5530 1534 5583 reddit
1582 5527 1791 5583 Plinius

209 5600 291 5654 lib.
316 5614 388 5663 XI,
417 5593 535 5665 cap.
570 5598 662 5664 57,
686 5606 736 5648 ct
763 5593 853 5647 alii
881 5593 1031 5647 multi
1055 5595 1385 5651 mentionem
1422 5601 1646 5654 faciunt.

273 5666 295 5707 ἀ
323 5668 432 5723 Hoc
462 5669 631 5722 etiam
665 5669 717 5720 in
746 5680 846 5720 usu
879 5667 1113 5732 positum
1135 5667 1274 5731 apud
1294 5668 1589 5733 Romanos,
1620 5678 1672 5722 ut
1705 5683 1796 5722 ca-

216 5742 400 5813 davera
445 5751 733 5815 parentum
761 5754 788 5791 ο
821 5735 943 5792 ﬁliis
968 5777 983 5806 ,
1025 5746 1375 5809 cognatorum
1406 5756 1434 5795 a
1474 5738 1796 5811 consanguiv

1906 3204 2099 3258 oborta
2136 3202 2353 3266 laetitia,
2386 3203 2528 3273 quod
2568 3218 2661 3259 eos
2690 3219 2876 3260 errare
2915 3205 2968 3260 in
3000 3206 3158 3261 nobis
3185 3221 3465 3263 cernerem
3493 3211 3507 3263 !

1912 3295 1932 3333 τ
1961 3295 2132 3364 Quam
2159 3304 2343 3365 gratus
2368 3312 2544 3367 error,
2576 3314 2736 3373 quam
2761 3299 2997 3371 jucunda
3031 3301 3325 3383 prolapsio,
3349 3318 3511 3375 quam

1904 3391 2158 3461 religiosa
2182 3390 2413 3457 fallacia,
2435 3407 2597 3463 quam
2619 3394 2805 3449 suavis
2824 3393 3091 3453 calumnia
3113 3396 3129 3451 l
3157 3394 3344 3467 Neque
3364 3398 3511 3457 enim

1904 3484 1973 3539 de
2015 3485 2123 3539 tuis
2155 3494 2276 3540 erat
2303 3485 2505 3551 aliquid
2541 3495 2634 3541 aut
2664 3486 2821 3541 factis
2853 3496 2946 3541 aut
2969 3489 3334 3554 sermonibus,
3365 3489 3509 3560 quod

1903 3578 2177 3642 timerem,
2212 3579 2302 3650 qui
2332 3579 2464 3635 mihi
2493 3589 2583 3634 tua
2604 3580 2827 3637 iactabar
2854 3580 3071 3636 ascribi.

1972 3673 2063 3728 39.
2110 3671 2313 3729 Tamen
2344 3674 2388 3727 si
2415 3672 2789 3729 vehementius
2829 3674 3243 3737 contenderent.
3272 3675 3416 3744 quod
3445 3692 3507 3733 se

1902 3766 2032 3820 mihi
2086 3764 2289 3834 aliquid
2336 3764 2617 3820 intimasse
2653 3774 3061 3834 ntemorarent,
3109 3768 3503 3837 respondebam

1901 3859 2085 3916 ridens
2126 3869 2181 3915 et
2209 3859 2452 3930 gaudens
2482 3876 2495 3912 :
2523 3857 2720 3914 Videte
2758 3875 2826 3914 ne
2875 3858 3023 3914 fratri
3058 3859 3332 3915 dixeritis.
3366 3861 3501 3931 Nam

1898 3968 2020 4011 cum
2057 3952 2238 4006 omnia
2268 3950 2426 4007 nobis
2461 3959 2649 4009 essent
2691 3959 2878 4006 nostra
2922 3953 3265 4021 communia,
3300 3954 3505 4013 indivi.

1896 4045 2039 4101 duus
2080 4043 2346 4114 spiritus,
2397 4041 2716 4097 individuus
2767 4043 3031 4109 allectus;
3086 4045 3263 4102 solum
3323 4058 3501 4103 tamen

1892 4151 2182 4194 commune
2228 4150 2334 4192 non
2380 4146 2497 4195 erat
2540 4144 2810 4193 secretum
2858 4135 3157 4193 amicorum
3197 4156 3214 4194 :
3255 4154 3360 4195 non
3390 4157 3499 4217 quo

1901 4274 2018 4331 neis
2036 4316 2051 4342 ,
2088 4272 2474 4347 imperatorum
2504 4286 2531 4325 a
2559 4272 2893 4347 principibus
2921 4282 3143 4329 senatus
3169 4276 3495 4345 cﬂ‘errentur

1899 4347 1964 4402 ad
1997 4344 2293 4427 rogumch
2326 4344 2708 4427 ad_ttimuiuni.
2738 4345 2829 4427 sic
2855 4348 3252 4427 posterioribus
3280 4365 3495 4427 quoque

1898 4413 2114 4474 sa‘culis
2163 4413 2346 4471 divum
2390 4414 2726 4487 Ludovicum
2769 4414 3000 4487 Philippi
3041 4417 3133 4474 lilii
3172 4434 3236 4474 ac
3274 4413 3493 4476 succes-

1897 4492 2036 4563 soris
2064 4488 2273 4563 cervice
2295 4495 2567 4563 portatum
2596 4486 2664 4541 ad
2710 4486 2971 4559 majorum
3014 4491 3261 4560 sepulcra
3293 4492 3494 4563 cogno-

2332 4573 2408 4615 mc
2437 4559 2616 4613 obvia.

1966 4631 2161 4706 ἤμεε.
2200 4629 2436 4706 aliquot,
2478 4630 3020 4706 ea'prcssiore_mentis
3065 4647 3219 4698 quam
3255 4637 3493 4706 corporis

1888 4701 2247 4756 similitudine.
2280 4701 2397 4755 Non
2425 4701 2560 4755 satis
2586 4712 2753 4755 recte.
2802 4701 2880 4759 Ex
2916 4707 3018 4758 hoc
3045 4714 3225 4760 autem
3254 4701 3377 4758 loco
3406 4706 3491 4761 in-

1890 4773 2199 4843 telligamus
2228 4771 2354 4826 licet
2379 4775 2755 4840 «ιρὶεοοιιοτιιηι
2787 4783 2967 4828 vestes
2999 4774 3066 4827 ab
3092 4776 3314 4829 aliorum
3343 4778 3492 4831 cultu

1890 4847 2070 4903 potius
2098 4843 2446 4915 simplicitate
2480 4857 2547 4915 ac
2565 4843 2860 4907 modrsﬁa,
2893 4860 3054 4915 quam
3086 4845 3257 4899 forma
3290 4848 3371 4900 vel
3398 4862 3491 4901 co-

1889 4914 2005 4986 lore
2031 4913 2481 4986 fnissediversas.
2509 4912 2621 4967 lloc
2645 4916 2865 4986 pulchre
2887 4912 3239 4973 conﬁrmatur
3259 4919 3490 4986 epistola

1886 4984 2217 5059 Ctelestinil
2265 4983 2653 5059 adcpiscopos
2699 4983 3023 5059 Viennensis
3072 4983 3371 5059 provinciae
3417 4990 3489 5043 ita

1888 5056 2177 5113 scribentis
2229 5074 2243 5111 :
2294 5052 2633 5109 Discernendi
2671 5072 2703 5108 ιι
2755 5055 2899 5126 plebe
2946 5057 3025 5111 vel
3072 5052 3267 5112 caneris
3315 5074 3490 5113 sumus

1889 5127 2147 5192 doctrina,
2177 5143 2279 5180 non
2306 5134 2477 5179 veste:
2507 5128 2903 5191 conversatione,
2930 5144 3029 5181 non
3054 5126 3231 5182 habitu
3262 5145 3281 5183 :
3309 5131 3489 5185 utentis

1890 5201 2129 5265 puritate,
2160 5214 2261 5251 non
2289 5199 2429 5268 cultu
2454 5238 2468 5268 _,
2496 5207 2600 5251 etc.
2648 5196 2783 5268 Vide
2817 5199 3063 5265 similiter
3086 5216 3205 5268 qua:
3234 5200 3301 5255 de
3328 5205 3491 5255 vesti-

1890 5268 2127 5333 mentis,
2199 5267 2390 5334 quibus
2434 5266 2765 5338 Augustinus
2814 5269 2962 5322 indui
3015 5266 3268 5336 solebat,
3326 5274 3491 5327 tradit

1890 5338 2188 5411 Possidius.
2218 5339 2486 5411 Nonnulli
2508 5354 2682 5411 mssa,
2723 5341 2893 5393 nescio
2921 5356 3077 5411 quam
3115 5344 3487 5409 rmpressiorem

1895 5408 2076 5481 mentis
2100 5426 2256 5480 quam
2287 5410 2518 5481 corporis
2542 5408 2942 5464 similitudinem
2961 5412 3144 5468 habere
3171 5408 3486 5467 rideSunmr.

1970 5480 2008 5557 ξ,
2032 5481 2228 5557 Etuhoc
2258 5480 2473 5551 quoque
2498 5523 2511 5544 ,
2545 5482 2712 5550 inquit
2745 5481 3005 5551 Nannius,
3037 5484 3211 5555 aliqua
3242 5499 3308 5539 ex
3338 5496 3490 5557 parte

1892 5567 1920 5606 a
1949 5551 2169 5624 Virgilio
2195 5561 2379 5607 mutuo
2405 5561 2677 5621 sumptum
2709 5562 2790 5606 est
2824 5570 2837 5606 :

1993 5689 2195 5757 paucis,
2220 5688 2422 5757 Laride,
2446 5690 2781 5755 'l‘ymberque,
2808 5689 3051 5757 simillima
3068 5689 3255 5757 proles,
3344 5748 3351 5754 ι

1994 5750 2271 5807 indiscreta
2297 5750 2418 5817 suis,
2443 5750 2717 5817 gratusque
2740 5750 3028 5816 parentibus
3049 5750 3206 5806 error.
