4076 6172
547 159 566 212 1
585 159 688 212 603

1968 147 2212 205 SANCTI
2252 145 2577 204 AMBROSII

3722 149 3892 208 150's

541 272 858 330 conferendi
890 272 1188 344 periculum
1212 286 1530 329 vereremur
1549 315 1564 339 ,
1594 272 1690 329 sed
1719 269 1939 327 tenendi
1965 283 2148 325 serva-
2175 272 2228 332 Α
2251 267 2490 324 ducebas
2518 266 2869 322 coercitionis
2897 265 3117 331 affectu,
3150 265 3427 322 vindicare
3458 265 3738 338 pollicens
3765 309 3784 337 ,
3828 275 3893 321 et

544 380 731 422 remus
777 367 958 421 fidem.
1011 365 1155 421 Sane
1192 365 1236 418 si
1266 365 1495 420 consilio
1531 363 1818 435 pendeuda
1859 378 1948 418 res
1974 371 2141 429 esset,

546 469 669 513 erat
731 471 945 526 semper
1009 471 1300 512 commune
1372 455 1698 520 consilium,
1767 469 1865 510 nec
1929 467 2146 523 semper

548 562 833 602 commune
905 556 1197 603 secretum.
1283 547 1416 602 Nam
1473 547 1576 603 etsi
1649 546 1808 601 amici
1865 547 1939 600 ita
1989 544 2147 600 alteri

543 650 790 696 nostrum
834 640 1083 697 dicerent
1107 683 1121 707 ,
1153 651 1210 696 ut
1240 642 1385 698 dicta
1417 657 1511 696 sua
1546 650 1572 678 α
1597 641 1664 696 ad
1690 642 1922 696 alterum
1955 656 2146 711 perve-

544 734 726 788 nirent
750 751 765 797 ;
813 743 991 788 tamen
1014 734 1130 788 scio
1159 734 1482 805 plerumque
1507 737 1576 790 ita
1610 733 1770 789 fidem
1797 734 1994 789 secreti
2025 748 2147 789 esse

542 836 851 891 servatam,
905 837 962 882 ut
997 843 1097 882 nec
1136 827 1290 882 fratri
1327 829 1783 883 committeretur.
1834 826 1964 880 Erat
2002 827 2146 881 enim

547 917 707 973 fidele
735 918 1016 984 indicium,
1039 928 1096 974 et
1115 929 1384 976 extraneo
1409 935 1513 975 non
1539 934 1660 975 esse
1682 918 1977 989 proditum,
1999 918 2145 990 quod

547 1024 655 1064 non
689 1019 835 1064 esset
864 1025 986 1065 cum
1015 1009 1186 1065 fratre
1213 1011 1495 1066 collatum.

615 1103 705 1158 40.
743 1103 839 1160 His
866 1103 1030 1176 igitur
1059 1105 1222 1160 tantis
1252 1120 1316 1160 ac
1350 1106 1552 1161 talibus
1581 1106 1737 1163 bonis
1767 1107 1819 1161 in
1857 1122 2146 1163 excessum

543 1193 875 1264 quemdam,
921 1193 1097 1248 fateor
1126 1235 1140 1260 ,
1183 1196 1382 1250 mentis
1422 1195 1633 1261 elatus,
1667 1197 2014 1266 superstitem
2063 1213 2150 1254 me

546 1284 572 1322 ιι
607 1285 798 1341 timere
825 1285 1114 1351 desieram,
1147 1287 1287 1356 quod
1315 1287 1468 1341 illum
1491 1288 1600 1342 vita
1629 1287 1910 1343 crederem
1939 1288 2152 1360 dignio-

545 1395 660 1444 rem
685 1395 699 1434 :
725 1389 780 1434 et
802 1378 927 1434 ideo
943 1380 1130 1450 excepi
1149 1373 1383 1451 plagam,
1407 1395 1568 1451 quam
1593 1379 1738 1437 ferre
1760 1398 1868 1437 non
1892 1397 2110 1453 possum
2133 1401 2146 1450 ;

546 1474 913 1531 tolerabiliora
940 1475 1085 1530 enim
1115 1476 1247 1530 tanti
1295 1475 1500 1530 doloris
1546 1476 1913 1546 praemeditata
1943 1519 1956 1544 ,
1988 1493 2147 1548 quam

549 1569 886 1640 ineXplorata
919 1569 1165 1623 vulnera.
1216 1567 1350 1636 Quis
1392 1568 1502 1638 jam
1545 1577 1797 1624 maestum
1841 1570 2151 1626 solabitur?

2252 360 2424 414 lenire
2454 358 2791 413 desiderans.

2319 450 2410 504 42.
2453 449 2568 505 Νοιι
2597 450 2887 506 mediocris
2919 450 3086 521 igitur
3113 451 3418 520 prudentia;
3448 452 3888 518 testimonium,

2248 559 2369 612 qua:
2411 543 2483 597 ita
2509 559 2538 598 a
2565 543 2900 614 sapientibus
2923 543 3220 598 delinitur:
3254 554 3276 580 θ
3308 544 3588 600 Bonorum
3619 546 3887 615 primum

2249 650 2373 692 esse
2404 635 2572 691 Deum
2607 638 2779 703 scire,
2810 646 2867 692 et
2892 651 3082 692 verum
3115 636 3247 692 illud
3276 647 3443 708 atque
3490 639 3747 694 divinum
3785 640 3889 712 pia

2251 741 2434 785 mente
2456 732 2700 785 venerari
2729 771 2743 794 ,
2781 731 2929 786 illam
2961 730 3250 786 amabilem
3283 740 3336 786 et
3363 734 3885 803 concupiscendam

2251 835 2468 880 attenta:
2502 825 2957 894 pulchritudinem
3001 825 3248 881 veritatis
3278 835 3390 882 tota
3435 829 3634 883 mentis
3677 828 3890 883 chari-

2251 925 2362 972 tate
2385 917 2633 988 diligere.
2661 917 2972 974 Secundum
3000 927 3206 982 autem,
3230 917 3283 972 in
3309 919 3589 988 proximos
3614 935 3642 972 a
3670 919 3885 976 divino

2253 1010 2348 1064 illo
2384 1010 2531 1065 fonte
2571 1021 2732 1080 atque
2775 1009 2992 1066 caelesti
3023 1021 3230 1065 natura:
3265 1011 3516 1067 derivare
3549 1013 3822 1082 pietatem
3867 1033 3880 1065 :

2252 1103 2397 1174 quod
2423 1104 2587 1158 etiam
2621 1103 2803 1158 mundi
2849 1103 3125 1171 sapientes
3174 1104 3378 1158 nostris
3421 1105 3656 1160 hausere
3685 1105 3766 1162 de
3796 1106 3884 1162 le-

2251 1198 2429 1268 gibus.
2458 1195 2642 1267 Neque
2667 1198 2812 1252 enim
2844 1195 3093 1252 derivare
3120 1197 3223 1251 ista
3250 1197 3302 1250 itt
3327 1195 3613 1252 hominum
3645 1195 3665 1236 τ
3695 1198 3886 1253 disci-

2255 1290 2450 1361 plinas,
2483 1290 2586 1344 nisi
2617 1289 2684 1346 dc
2709 1290 2916 1345 ctelesti
2950 1289 3043 1344 illo
3068 1289 3267 1344 divinae
3313 1290 3445 1361 legis
3473 1289 3624 1347 fonte
3654 1293 3886 1362 potuis-

2254 1396 2396 1440 sent.

2265 1545 2275 1554 .
2324 1480 2416 1535 45.
2455 1478 2593 1548 Quid
2619 1480 2780 1550 igitur
2805 1479 3212 1535 observantiam
3236 1479 3355 1550 ejus
3381 1494 3508 1550 erga
3532 1478 3626 1535 Dei
3653 1478 3880 1535 cultum

2258 1573 2545 1643 prtedicem
2567 1573 2592 1624 ?
2629 1573 2729 1640 Qui
2779 1573 3089 1642 priusquam
3136 1571 3554 1642 perfectioribus
3578 1580 3734 1629 esset
3765 1573 3881 1627 ini-

548 1665 683 1733 Quis
711 1664 972 1720 afflictum
998 1663 1242 1718 levabit?
1285 1662 1418 1718 Cum
1445 1678 1554 1733 quo
1584 1664 1920 1733 participabo
1947 1665 2153 1720 curas?
2184 1672 2228 1731 Β
2261 1666 2422 1720 tiatus
2446 1664 2740 1735 mysteriis,
2766 1664 2819 1718 in
2841 1662 3121 1733 naufragio
3141 1664 3486 1729 constitutus,
3517 1679 3640 1718 cum
3672 1678 3743 1719 ea
3764 1679 3880 1736 qua

550 1759 685 1823 Quis
711 1772 798 1812 me
819 1757 886 1811 ab
911 1755 1068 1811 istius
1092 1755 1278 1810 mundi
1309 1755 1604 1810 vindicabit
1629 1768 1649 1793 ε
1677 1756 1875 1810 usura?
1901 1756 1983 1810 'l‘u
2009 1758 2153 1812 enim

551 1858 739 1903 auctor
770 1848 1114 1918 negotiorum
1139 1889 1154 1915 ,
1185 1862 1383 1903 censor
1405 1848 1745 1902 servulorum
1771 1889 1785 1912 ,
1819 1838 2026 1902 arbiter
2050 1832 2157 1902 ιτς.

555 1949 736 2004 trum;
765 1954 870 1994 non
904 1938 1032 2006 litis,
1066 1938 1160 1993 sed
1195 1939 1411 2008 pietatis
1431 1940 1655 2005 arbiter.

623 2034 713 2088 41.
758 2032 893 2088 Nam
940 2034 984 2086 si
1033 2032 1252 2102 quando
1302 2032 1506 2104 aliquid
1556 2049 1680 2089 cum
1736 2043 1919 2090 sancta
1971 2049 2160 2092 sorore

562 2127 771 2201 1125
799 2127 929 2182 mihi
950 2126 1341 2183 conferendum
1369 2128 1487 2192 fuit,
1514 2137 1631 2184 utra
1659 2131 1852 2185 melior
1876 2129 2160 2186 videretur

554 2221 850 2288 sententia,
889 2231 944 2276 te
976 2220 1218 2292 judicem
1247 2223 1629 2290 sumebamus,
1660 2222 1686 2260 ά
1716 2201 1808 2295 qui
1835 2225 2034 2280 nullius
2066 2226 2158 2280 la:-

556 2313 716 2368 tleres
773 2327 870 2377 os,
927 2321 1088 2383 atque
1142 2314 1356 2384 utrique
1413 2314 1732 2370 satisfacere
1776 2316 2060 2385 gestiens,
2109 2326 2163 2371 et

557 2404 774 2460 amandi
804 2405 1056 2460 affectum
1087 2405 1330 2474 tenebas,
1356 2415 1413 2462 et
1437 2407 1695 2462 censendi
1737 2408 1994 2474 modum;
2030 2419 2085 2464 ut
2109 2418 2165 2466 et

559 2509 850 2569 utrumque
869 2508 1082 2570 gratum
1100 2499 1427 2563 dimitteres.
1444 2510 1498 2556 et
1516 2501 1794 2571 utriusque
1819 2500 1912 2556 tibi
1934 2502 2161 2571 gratiam

559 2593 884 2648 vindicares.
905 2592 1013 2646 Aut
1034 2593 1079 2646 si
1099 2593 1214 2661 ipse
1235 2591 1442 2663 aliquid
1466 2592 1872 2664 disceptandum
1896 2593 2159 2670 deferres,

561 2699 724 2756 quam
754 2693 906 2754 grata
937 2685 1214 2739 contentio
1246 2685 1365 2738 tua!
1411 2700 1572 2755 quam
1615 2687 1731 2741 sine
1774 2685 1900 2743 felle
1931 2686 2046 2756 ipsa
2083 2688 2166 2742 in-

563 2777 838 2849 dignatio!
885 2793 1046 2848 quam
1081 2778 1316 2834 servulis
1347 2779 1481 2848 ipsis
1504 2781 1766 2835 coercitio
1801 2795 1908 2836 non
1939 2796 2122 2835 amara
2149 2799 2163 2845 ;

561 2888 688 2929 cum
737 2883 788 2928 te
833 2871 1092 2927 fratribus
1137 2872 1308 2943 magis
1362 2871 1603 2938 deferre,
1649 2888 1808 2944 quam
1855 2889 1922 2930 ex
1971 2874 2165 2930 affectu

564 2965 805 3021 diseeres
834 2965 1156 3021 vindicare!
1208 2964 1374 3019 Nobis
1413 2966 1558 3020 enim
1602 2965 1866 3036 professio
1907 2969 2171 3038 repressit

2262 1756 2581 1821 veheretur,
2610 1756 2762 1810 navis
2789 1755 3082 1825 scopuloso
3112 1756 3250 1812 illisa
3274 1755 3432 1819 vado.
3460 1767 3516 1812 et
3541 1757 3881 1826 urgentibus

2261 1848 2387 1902 hinc
2409 1857 2566 1918 atque
2595 1850 2719 1903 inde
2740 1847 2992 1904 fluctibus
3021 1849 3344 1916 solveretur,
3371 1867 3478 1905 non
3501 1859 3738 1906 mortem
3758 1867 3851 1907 me
3873 1884 3880 1889 -

2262 1953 2448 2007 tuens,
2479 1942 2572 1998 sed
2620 1957 2686 1996 ne
2733 1957 2934 1998 vacuus
2978 1943 3222 2014 mysterii
3271 1944 3450 1999 exiret
3478 1943 3680 2006 evita;
3732 1958 3882 2011 quos

2262 2035 2504 2090 initiatos
2533 2049 2658 2090 esse
2687 2043 3018 2105 cognoverat
3041 2077 3056 2102 ,
3088 2035 3157 2092 ab
3183 2034 3266 2092 his
3295 2035 3539 2091 divinum
3568 2035 3702 2091 illud
3739 2035 3881 2091 fide-

2264 2127 2396 2182 lium
2454 2133 2861 2182 sacramentum
2908 2128 3159 2198 p0poscit
3209 2145 3224 2182 :
3274 2137 3298 2174 ε
3353 2141 3459 2182 non
3519 2137 3577 2182 ut
3618 2128 3881 2183 curiosos

2264 2219 2452 2274 oculos
2495 2217 2724 2274 inferret
2761 2219 3006 2284 arcanis,
3036 2217 3134 2274 sed
3164 2225 3224 2274 ut
3254 2219 3378 2274 fidei
3419 2233 3534 2275 suae
3561 2233 3878 2289 conseque-

2265 2322 2417 2368 retur
2453 2311 2734 2368 auxilium.
2774 2311 2990 2367 Etenim
3036 2311 3191 2382 ligari
3241 2310 3368 2366 fecit
3407 2310 3434 2347 ίι
3478 2311 3534 2366 itt
3564 2311 3791 2378 orario,
3820 2321 3880 2366 et

2265 2409 2507 2466 orarium
2535 2408 2761 2463 involvit
2789 2408 2951 2473 collo,
2983 2416 3146 2478 atque
3175 2409 3247 2462 ita
3281 2421 3340 2462 se
3370 2405 3571 2478 dejecit
3600 2407 3654 2461 in
3693 2422 3875 2473 mare,

2267 2518 2373 2558 non
2407 2502 2689 2573 requirens
2714 2503 2783 2558 de
2812 2502 2968 2557 navis
2996 2516 3262 2572 compage
3283 2501 3576 2556 resolutam
3606 2500 3874 2566 tabulam,

2267 2597 2356 2652 cui
2383 2606 2747 2667 supernatans
2767 2597 3071 2666 juvaretur,
3097 2595 3352 2666 quoniam
3379 2592 3502 2648 fidei
3525 2594 3698 2648 solius
3719 2609 3878 2649 arma

2268 2692 2580 2761 quaesierat.
2623 2689 2808 2760 Itaque
2837 2688 2922 2744 bis
2943 2704 3002 2744 se
3025 2697 3226 2744 tectum
3256 2696 3421 2758 atque
3446 2685 3716 2742 munitum
3741 2687 3879 2742 satis

2270 2783 2522 2850 credens,
2551 2783 2656 2838 alia
2687 2783 2886 2838 auxilia
2919 2798 3026 2836 non
3053 2780 3405 2837 desideravit.
3885 2841 3892 2845 η

2342 2877 2433 2932 Iul.
2475 2875 2646 2931 Simul
2694 2875 3067 2930 fortitudinem
3123 2873 3240 2943 ejus
3284 2880 3533 2944 spectare
3575 2871 3743 2937 licet,
3782 2872 3876 2943 qui

2273 2967 2564 3024 fatiscente
2611 2967 2837 3038 remigio
2863 3008 2878 3032 ,
2911 2982 3018 3022 non
3049 2966 3201 3037 quasi
3245 2966 3535 3038 naufragus
3576 2965 3590 3003 ί
3633 2964 3874 3020 tabulam

562 3058 742 3113 studia
770 3058 1091 3121 coercendi;
1135 3059 1301 3111 immo
1332 3066 1409 3123 tu,
1438 3057 1607 3114 frater
1627 3101 1641 3123 ,
1669 3060 1738 3114 ab
1777 3061 1922 3115 omni
1952 3077 2050 3116 nos
2075 3061 2170 3117 ab-
2197 3052 2243 3115 C
2275 3061 2601 3132 sumpserit,
2630 3059 2726 3146 sed
2771 3060 2924 3131 quasi
2955 3059 3111 3115 fortis
3136 3074 3202 3115 ex
3244 3074 3303 3114 se
3331 3059 3450 3130 ipso
3477 3057 3877 3116 adminiculum

640 3282 667 3310 ⁸
702 3273 903 3330 Omnes
932 3271 1063 3327 edit.
1088 3313 1102 3337 ,
1143 3273 1211 3325 ad
1245 3271 1553 3324 alterutrum
1588 3272 1943 3340 pervenirent;
1983 3286 2174 3326 omnes

568 3359 701 3400 mss.
725 3387 741 3410 ,
781 3343 848 3396 ad
884 3343 1101 3397 alterum
1143 3344 1485 3414 pervenirent.
1537 3341 1741 3414 Meliori
1789 3356 1976 3398 sensu.
2017 3343 2173 3409 Quod

565 3428 750 3470 autem
780 3415 1040 3469 adverbio
1069 3411 1368 3484 plerumque
1395 3414 1446 3466 in
1462 3411 1782 3481 quibusdam
1805 3427 1934 3466 mss.
1957 3414 2174 3468 additur

568 3487 976 3555 complacitum,
1026 3485 1078 3539 id
1138 3500 1361 3553 prorsus
1410 3485 1626 3540 videtur
1682 3498 2168 3552 supervacaneum.

566 3558 805 3612 Adverte
840 3571 1004 3626 porro
1029 3567 1227 3625 quanta
1258 3555 1422 3610 fuerit
1449 3555 1721 3610 Ambrosii
1753 3556 1923 3609 nostri
1955 3557 2006 3609 in
2040 3558 2174 3610 ami-

569 3644 757 3684 corum
795 3630 1022 3684 secretis
1063 3627 1231 3692 fides,
1272 3637 1326 3682 et
1369 3642 1529 3697 quam
1554 3637 1736 3681 Sancta
1776 3637 2041 3698 cautaque
2083 3644 2173 3682 re-

573 3702 724 3756 liaio.

614 3715 835 3828 ΕΙξθλῖθι.
885 3770 1018 3826 edit.
1047 3813 1063 3837 ,
1115 3772 1291 3825 timere
1328 3769 1716 3835 desiderarem;
1755 3769 1913 3823 Rom.
1954 3780 2007 3824 ct
2037 3785 2170 3825 mss.

567 3842 1011 3912 frequentissimi,
1043 3843 1219 3896 timere
1244 3842 1514 3895 desieram.
1547 3841 1684 3896 Infra
1708 3855 1838 3894 vero
1865 3840 1953 3894 ubi
1985 3857 2174 3896 omnes

568 3915 727 3977 edit.,
750 3931 905 3978 quam
925 3915 1246 3984 inexplorata
1268 3913 1479 3984 vulnera
1502 3929 1520 3976 ;
1546 3927 1678 3966 mss.
1704 3927 1874 3982 prope
1895 3912 1960 3965 ad
1985 3928 2169 3978 unum,

574 4001 726 4053 quant
756 3985 1024 4054 explorata
1047 3983 1291 4038 uulnera.
1323 3983 1573 4038 Absurde
1603 3999 1786 4037 sensu.

650 4067 671 4092 ε
713 4055 787 4108 Ita
819 4055 977 4110 Rom.
1012 4055 1145 4109 edit.
1180 4066 1234 4110 ct
1258 4056 1442 4124 plures
1483 4070 1648 4117 mss.;
1683 4063 1792 4109 vet.
1821 4063 1999 4109 autem
2038 4055 2169 4110 edit.

573 4141 695 4180 cum
728 4140 857 4180 mss.
891 4126 1183 4190 nonnullis,
1213 4124 1490 4180 vindicabit
1516 4143 1638 4179 usu.
1662 4124 1780 4179 Non
1811 4125 2023 4178 diversa
2051 4141 2175 4179 sen-

576 4196 743 4253 tentia
767 4214 781 4261 ;
827 4197 966 4252 idem
997 4197 1140 4251 enim
1169 4207 1348 4261 sonat,
1376 4211 1440 4251 ac
1473 4197 1725 4251 liberabit
1754 4212 1936 4250 rerum
1965 4205 2174 4265 tempo-

576 4269 770 4323 ralium
798 4283 928 4322 cura
950 4267 1371 4323 etcommercio.
1401 4267 1609 4322 Rursus
1635 4268 1895 4321 continuo
1915 4275 2055 4334 post,
2082 4269 2173 4323 ubi

573 4339 702 4394 Gill.
739 4339 875 4394 edit.
905 4349 959 4392 et
991 4340 1148 4393 Rom.
1183 4353 1305 4392 cum
1337 4338 1523 4408 paucis
1567 4353 1697 4392 mss.
1721 4379 1736 4403 ,
1764 4349 1922 4409 iactor
1945 4340 2172 4409 negotio-

575 4426 724 4475 rum;
774 4410 998 4465 Amerb.
1030 4451 1044 4475 ,
1081 4409 1235 4463 Eras.
1267 4423 1332 4464 ac
1369 4423 1503 4463 mss.
1537 4409 1696 4477 longe
1727 4408 1962 4477 plurimi,
1994 4419 2174 4464 auctor

713 4481 920 4532 tiorum.

680 4497 729 4533 οι
786 4497 812 4532 ι·
907 4520 920 4532 .

581 4497 678 4590 "eg
718 4497 1202 4618 b'ltsslfndomplures,
1223 4550 1314 4621 qui
1339 4550 1543 4622 nullum
1566 4549 1806 4622 [utdel-es,
1833 4557 2002 4622 atque,
2033 4561 2172 4617 etc.;

578 4623 774 4679 melius
802 4624 918 4681 alii.
947 4631 1108 4691 atque
1137 4619 1269 4675 edit.
1305 4631 1360 4675 ιιι
1387 4619 1441 4674 in
1476 4631 1646 4675 textu.
1680 4620 1778 4675 Est
1801 4619 1945 4677 enim
1974 4622 2177 4678 Teren-

580 4696 724 4750 tiana
754 4694 953 4749 locutio
982 4708 1047 4747 cx
1079 4691 1311 4761 Adelph.
1348 4701 1455 4746 act.
1500 4707 1552 4757 v,
1583 4706 1661 4747 sc.
1693 4694 1727 4747 4
1760 4709 1773 4745 :
1811 4692 1963 4748 Nulli
1993 4695 2178 4750 laedere

579 4783 658 4832 os,
690 4766 920 4820 arridere
950 4763 1207 4827 omnibus,
1238 4775 1344 4818 etc.

657 4847 680 4875 ο
723 4836 1002 4891 Platonem
1049 4837 1260 4890 videtur
1303 4837 1564 4901 innuerc,
1598 4835 1689 4905 qui
1718 4849 1841 4890 cum
1872 4837 2032 4903 alibi,
2065 4849 2174 4894 tttm

577 4909 671 4964 lib.
705 4924 758 4962 tv
782 4907 851 4962 de
879 4907 1088 4979 chib.,
1122 4906 1190 4979 de
1219 4905 1402 4960 divino
1430 4907 1575 4979 cultu
1606 4908 1881 4976 disputat,
1915 4919 1970 4964 et
2006 4911 2180 4964 admi-

579 4981 900 5035 nistratione
957 4978 1291 5047 reipublicaa.
1357 4978 1509 5044 Quod
1571 4987 1752 5034 autem
1809 4980 2059 5034 subditur
2109 4983 2180 5036 de

583 5050 894 5121 cognitione
919 5051 999 5103 sui
1023 5059 1077 5104 et
1098 5050 1202 5104 vita
1233 5057 1382 5104 recte
1408 5048 1737 5104 instituenda
1767 5065 1832 5105 ex
1860 5050 2140 5108 Alcibiade
2166 5069 2182 5107 ι

583 5122 809 5192 petitum
837 5131 940 5176 est.

968 5201 1023 5246 et
1059 5191 1245 5262 Benig.
1278 5189 1400 5245 cod.
1428 5201 1442 5255 ,
1473 5190 1526 5243 in
1562 5190 1840 5260 disciplina
1875 5193 2177 5261 potuissent,

583 5264 800 5318 nisi.....
833 5267 975 5334 fonte
1005 5273 1283 5330 potassent.

658 5344 682 5380 8
723 5332 852 5390 Mss.
871 5403 879 5404 ί
897 5336 1102 5404 aliquot
1121 5375 1137 5401 ,
1183 5351 1284 5388 non
1313 5342 1364 5386 ut
1393 5332 1626 5404 curiosus
1653 5334 1829 5388 oculos
1855 5335 2059 5388 arcanis
2094 5337 2180 5391 in-

578 5417 788 5460 sereret.
835 5403 1002 5459 Multa
1025 5415 1151 5459 sunt
1195 5405 1247 5460 in
1281 5405 1383 5457 ltoc
1410 5403 1569 5475 unico
1600 5405 1756 5470 loco,
1787 5421 1907 5475 qua:
1939 5415 2178 5475 veterem

586 5477 840 5531 Ecolesite
886 5475 1222 5543 disciplinam
1274 5472 1646 5544 patefaciant:
1689 5472 1866 5545 primo
1909 5473 2052 5529 enim
2094 5477 2181 5534 ltic

583 5547 755 5610 vides,
785 5548 923 5600 sicut
949 5557 1004 5601 et
1029 5547 1157 5600 alibi
1187 5545 1518 5615 frequenter,
1546 5546 1924 5602 encltatistiam
1949 5545 2178 5601 divinum

581 5617 810 5681 ﬁdelium
846 5625 1223 5676 sacramentum
1269 5618 1493 5680 vocari;
1527 5616 1721 5672 deinde
1765 5617 2010 5682 eamdem
2053 5617 2178 5672 dili-

577 5697 768 5748 genter
815 5687 988 5742 cculis
1041 5689 1372 5743 subtractam
1426 5686 1590 5742 fuisse
1637 5701 1743 5744 non
1791 5687 2172 5754 initiatorum;

2277 3274 2442 3327 tertio
2485 3286 2593 3327 non
2641 3281 2846 3327 tantum
2897 3272 2964 3327 ad
3010 3280 3332 3338 praesentem
3373 3286 3529 3325 nsum
3559 3273 3872 3327 consecrari

2276 3343 2516 3410 solitam,
2546 3359 2736 3399 verum
2768 3343 2931 3399 etiam
2956 3343 3022 3397 ad
3053 3343 3292 3398 futurum
3318 3342 3521 3398 servari
3547 3357 3562 3407 ;
3598 3353 3877 3412 postremo

2275 3415 2520 3484 ejusdem
2549 3430 2580 3469 a
2607 3415 2922 3470 cbristianis
2959 3415 3011 3470 in
3050 3414 3302 3484 periculis
3345 3416 3457 3468 suis
3494 3427 3680 3484 secum
3726 3413 3877 3470 defe-

2277 3483 2457 3540 rendae
2487 3487 2940 3541 consuetudinem
2968 3483 3252 3540 advertere
3283 3493 3380 3540 est.
3410 3485 3482 3538 De
3512 3483 3705 3552 primis-
3733 3485 3874 3539 duo-

2276 3556 2378 3611 bus
2407 3556 2519 3626 jam
2551 3573 2657 3612 non
2698 3558 2866 3612 semel
2915 3571 2947 3610 a
2981 3557 3138 3611 nobis
3163 3556 3394 3617 dictum.
3420 3554 3560 3626 quod
3585 3555 3830 3612 sufficiat
3860 3576 3874 3610 :

2276 3629 2344 3682 ad
2375 3629 2676 3698 posteriora
2707 3643 2838 3683 vero
2867 3629 3046 3696 capita
3074 3627 3444 3684 confirmanda
3484 3626 3723 3698 lectores
3751 3637 3876 3681 tan-

2278 3697 2558 3754 tummodo
2587 3700 2896 3755 remittendi
2924 3709 3054 3755 sunt
3094 3699 3161 3754 ad
3195 3699 3577 3754 Tertulliannm
3609 3697 3709 3752 lib.
3742 3713 3782 3752 tt
3810 3700 3873 3752 ad

2282 3771 2446 3843 Uxor.
2475 3786 2596 3840 cap.
2630 3771 2664 3828 5
2690 3787 2704 3837 ;
2738 3769 3067 3843 Cyprianum
3093 3770 3161 3826 de
3192 3771 3382 3840 Lapsis
3405 3812 3420 3834 ,
3451 3768 3538 3823 ubi
3567 3769 3872 3843 mirabilem

2278 3841 2417 3911 ignis
2460 3858 2526 3896 ex
2572 3857 2718 3908 arca,
2764 3841 2814 3897 in
2861 3857 2964 3912 qna
2995 3843 3134 3897 idem
3186 3849 3584 3895 sacramentum
3633 3841 3875 3912 include-

2279 3914 2456 3979 batur,
2479 3915 2820 3982 eruptionem
2872 3911 3094 3979 narrat;
3147 3913 3440 3968 Eusebium
3491 3913 3584 3966 lib.
3635 3927 3689 3965 vt
3737 3911 3871 3966 Hist.

2283 3983 2494 4056 Eccles.
2527 3999 2647 4054 cap.
2681 3984 2750 4039 44
2773 4029 2786 4052 ,
2817 3985 3138 4056 Gregorium
3169 3983 3545 4056 magnumlib.
3568 3997 3638 4056 tn
3669 3983 3874 4056 Dialog.

2277 4070 2398 4124 cap.
2446 4055 2519 4111 55
2542 4097 2557 4122 ,
2591 4053 2646 4110 et
2689 4053 2954 4110 Joannem
3008 4053 3299 4110 Diaconum
3348 4054 3536 4110 eadem
3567 4054 3663 4108 lib.
3700 4069 3714 4107 l
3745 4053 3876 4108 Vita:

2278 4123 2520 4195 Gregorii
2555 4129 2901 4184 referentem.
2934 4127 3140 4195 Quibus
3181 4139 3342 4197 atque
3372 4127 3493 4180 aliis
3522 4125 3723 4197 addere
3751 4123 3877 4180 licet

2278 4199 2441 4251 etiam
2496 4200 2836 4255 recentiores
2903 4200 3221 4266 διιειιοίιτιιιιι
3261 4196 3375 4252 "lib.
3437 4211 3474 4251 tt
3526 4196 3593 4251 de
3649 4197 3873 4250 Adorat.

2282 4267 2534 4334 Euchar.,
2563 4269 2712 4324 card.
2752 4270 2953 4326 Bonam
2983 4270 3078 4324 lib.
3116 4285 3152 4324 tt
3186 4270 3382 4323 Rerum
3414 4267 3619 4336 Liturg.
3643 4281 3761 4338 cap.
3788 4268 3874 4332 Π,

2279 4338 2644 4393 Mabillouinnt
2676 4340 2769 4396 lib.
2797 4357 2812 4395 ι
2841 4342 2911 4395 De
2935 4341 3140 4410 Liturg.
3165 4339 3304 4396 Gall.
3331 4355 3452 4408 cap.
3477 4339 3532 4406 9,
3557 4339 3874 4410 Tltyersiunt

2278 4411 2362 4482 de‘
2382 4411 2669 4482 Frequenti
2699 4413 2933 4482 exposit.
2966 4411 3233 4478 Sacram.,
3264 4420 3321 4467 et
3349 4411 3507 4465 alios.
3547 4481 3551 4482 ν
3627 4453 3634 4460 .

2350 4477 2378 4516 ¹ι
2425 4477 2669 4535 Orarium
2723 4477 2850 4552 quid
2906 4484 3022 4549 sit,
3071 4477 3314 4538 Nannius
3360 4481 3687 4551 exponit'in
3733 4480 3877 4536 hunc

2206 4580 2258 4638 Ι)
2284 4551 2502 4638 modum
2537 4571 2549 4605 :
2587 4571 2605 4604 ι
2630 4551 2891 4638 ,Οτίιτὶιιιιλ
2935 4553 3019 4638 hic
3047 4554 3188 4638 idem
3234 4553 3598 4638 genus_vestis
3624 4569 3757 4638 cum_
3787 4570 3872 4616 eo,

2282 4623 2425 4691 quod
2453 4640 2594 4677 nunc
2629 4623 2682 4677 in
2717 4624 3000 4680 sacrificali
3031 4625 3179 4680 cultu
3209 4623 3348 4680 stola
3373 4623 3591 4689 dicitur,
3622 4625 3758 4694 apud
3788 4640 3878 4679 ve-

2285 4705 2427 4748 teres
2471 4694 2636 4749 infula
2682 4698 2995 4750 nominatur
3044 4713 3057 4750 :
3106 4697 3260 4766 cujus
3309 4698 3681 4752 extremitates
3733 4696 3881 4750 vitta:

2285 4767 2560 4838 dicuntur,
2585 4775 2640 4821 et
2664 4769 2825 4822 etiam
2849 4783 2991 4822 nunc
3020 4768 3072 4822 in
3105 4768 3373 4838 baptismo
3400 4767 3578 4838 pueris
3607 4766 3883 4838 initiandis

2287 4837 2600 4905 imponitur.
2631 4839 2845 4909 Insigne
2875 4839 3002 4894 illud
3029 4851 3083 4894 et
3107 4837 3428 4904 ltotstiarum,
3457 4847 3510 4909 et
3539 4837 3879 4892 sacerdotum

2286 4918 2406 4972 est;
2449 4909 2614 4965 credo
2654 4908 2776 4963 ideo
2823 4909 3134 4965 cbristianis
3185 4910 3431 4965 solemne
3480 4908 3646 4963 fuisse
3674 4949 3690 4968 .
3735 4911 3880 4978 quod

2286 4991 2507 5034 sanctus
2555 4979 2747 5036 Petrus
2791 4996 2964 5050 genus
3008 4981 3425 5036 cltristianorntn
3475 4991 3528 5035 et
3574 4978 3782 5049 regium
3830 4994 3881 5035 et

2288 5051 2624 5106 sacerdotale
2647 5056 2899 5120 appellat.
2936 5071 2954 5104 ι
2989 5052 3063 5107 lta
3089 5053 3196 5108 ille.
3223 5053 3329 5108 Sed
3356 5062 3711 5121 prwternuant
3739 5054 3881 5121 quod

2291 5123 2459 5176 multa
2489 5125 2808 5189 confundit,
2841 5139 2963 5193 quae
3001 5133 3127 5178 sunt
3173 5125 3315 5179 inter
3354 5139 3413 5178 se
3453 5123 3879 5186 distinctissima,

2289 5203 2438 5247 extra
2470 5193 2691 5249 dubium
2723 5206 2805 5249 est
2839 5195 2908 5250 ab
2939 5211 3002 5249 eo
3033 5194 3266 5249 alienam
3297 5195 3421 5249 huic
3461 5194 3582 5248 loco
3609 5193 3772 5247 orarii
3805 5195 3880 5248 si-

2287 5264 2687 5336 gnificationem
2740 5266 2942 5321 afferri.
3015 5266 3259 5336 Namque
3305 5266 3546 5319 orariutn
3590 5263 3685 5336 illc
3737 5265 3881 5320 idem

2288 5335 2452 5402 plane
2493 5347 2577 5390 est
2601 5377 2616 5401 ,
2649 5345 2820 5403 atque
2855 5351 3016 5406 supra
3048 5334 3209 5405 epist.
3238 5335 3311 5393 22
3335 5377 3349 5399 ,
3399 5351 3552 5390 num.
3581 5334 3616 5389 9
3641 5377 3656 5400 ,
3691 5350 3883 5406 nempe

2287 5406 2586 5478 sudarium,
2615 5407 2942 5475 strophium,
2965 5423 3062 5462 seu
3087 5410 3308 5461 linteum
3330 5406 3708 5478 abstergendae
3731 5406 3880 5462 faciei

2287 5476 2648 5549 destinatum,
2680 5493 2788 5546 quo
2818 5494 2981 5534 sensu
3009 5479 3147 5549 apud
3175 5480 3416 5548 ejusdem
3449 5476 3628 5533 :Btalis
3655 5479 3883 5549 scripto-

2285 5560 2373 5600 rcs
2399 5545 2592 5600 crebro
2623 5545 2914 5604 invenitur.
2960 5602 2962 5604 ,

2426 5616 2656 5739 Qluidam
2690 5599 3122 5686 insist—Italiam":
3162 5599 3627 5689 sttpersederit.....
3659 5601 3746 5674 cui
3769 5605 3880 5676 cre-

2322 5703 2336 5739 t
2377 5702 2463 5740 era
2495 5725 2504 5740 ρ

2322 5702 2504 5742 taerat.
