4092 6190
117 237 298 294 1503

1067 243 1156 301 DE
1196 241 1516 302 EXCESSU
1557 243 1862 306 FR.\TR|S
1899 248 2010 305 SUl
2051 249 2309 307 SATYRI
2346 250 2478 308 LIB.
2524 252 2561 307 l.

3326 257 3348 312 1
3361 257 3468 314 506

115 366 264 407 sua:
295 353 522 409 virtutis
546 355 905 427 assumpserit
930 374 942 410 :
969 368 1069 410 nec
1099 355 1344 411 deseruit
1375 357 1588 429 1136
1610 371 1759 428 Spes,
1792 366 1842 426 Α
1865 362 1987 432 quia
2013 361 2222 419 referre
2251 378 2359 418 non
2393 372 2627 435 poterat,
2657 364 2860 421 habere
2887 373 3118 436 poterat.
3156 379 3176 406 ο
3207 367 3302 424 Est
3321 369 3468 425 enim

117 458 246 499 nec
274 443 480 501 fefellit
499 447 701 517 opinio.
736 448 972 518 Denique
991 447 1197 517 primus
1218 456 1469 503 servatus
1490 465 1556 505 ex
1582 447 1762 517 nudis,

115 546 188 592 et
242 540 306 594 in
361 548 575 609 portum
616 550 846 596 terrenae
884 541 1133 597 stationis
1171 552 1433 609 evectus,
1474 543 1762 612 praesulem

116 646 310 688 suum
331 675 348 698 ,
376 635 462 690 cui
488 650 548 691 se
576 635 920 702 crediderat,
952 637 1268 708 recognovit
1300 657 1312 690 :
1346 637 1641 709 statimque
1671 638 1762 694 ubi

117 725 317 781 etiam
372 736 599 783 caeteros
646 729 898 785 servulos
941 743 1069 785 suos
1099 730 1183 784 vel
1215 731 1332 800 ipse
1360 732 1646 797 liberavit,
1675 732 1763 788 vel

120 817 423 873 liberatos
451 821 737 890 comperit,
773 821 1051 894 negligens
1077 821 1414 890 facultatum,
1440 839 1542 878 nec
1562 823 1762 881 amissa

118 909 507 978 desiderans,
543 913 634 968 Dei
667 915 956 970 ecclesiam
988 914 1310 983 requisivit;
1345 926 1402 970 ut
1436 928 1620 987 ageret
1640 932 1762 988 gra-

122 1003 246 1059 tias
280 1004 588 1074 liberatus,
619 1015 677 1062 et
711 1007 967 1080 mysten‘a
995 1017 1198 1064 :eterna
1226 1018 1605 1078 cognosceret,
1638 1025 1764 1080 pro-

119 1097 412 1153 nuntians
441 1107 467 1135 ἰ
500 1099 708 1156 nullum
734 1099 1021 1156 referenda
1047 1101 1220 1171 gratia
1261 1101 1439 1170 majus
1479 1116 1600 1156 esse
1635 1100 1758 1156 offi-

116 1189 319 1244 cium.
345 1188 373 1227 δ
398 1189 549 1259 Quod
576 1192 621 1247 si
649 1191 854 1247 homini
879 1207 984 1246 non
1009 1191 1238 1259 referre,
1260 1193 1440 1248 simile
1468 1191 1760 1248 homicidio

117 1280 451 1350 iudicatum
503 1292 629 1351 est;
682 1295 947 1354 quantum
1008 1284 1212 1338 crimen
1259 1293 1342 1339 est
1393 1300 1500 1340 non
1557 1286 1758 1342 referre

127 1374 256 1431 Deo
290 1378 304 1430 !

204 1467 309 1522 45.
357 1468 454 1524 Est
494 1483 628 1540 ergo
674 1455 957 1540 prudentis
1000 1486 1303 1542 agnoscere
1351 1487 1412 1528 se
1452 1474 1628 1544 ipsum
1655 1515 1670 1540 ,
1702 1483 1758 1529 et

121 1559 607 1630 quemadmodum
627 1576 656 1616 a
678 1564 1014 1633 sapientibus
1030 1564 1310 1621 definitum
1334 1577 1439 1631 est,
1459 1567 1754 1624 secundum

126 1663 400 1708 naturam
439 1654 646 1710 vivere.
676 1655 816 1725 Quid
848 1659 990 1713 enim
1019 1668 1102 1715 est
1125 1668 1232 1714 tam
1262 1660 1556 1716 secundum
1602 1671 1755 1716 uatu-

1869 458 2242 530 hujuscemodi
2264 461 2454 529 gratiae
2473 463 2573 527 vis,
2599 471 2724 517 utet
2749 477 2870 518 cum
2895 460 3151 530 refertur,
3173 463 3468 531 habeatur;

1865 563 1920 608 et
1949 551 2201 608 habendo
2235 553 2522 610 referatur.
2565 554 2858 611 Referebat
2887 557 3049 626 igitur
3076 557 3303 626 gratiam
3331 598 3348 625 ,
3378 558 3473 616 de-

1864 645 2075 702 ferebat
2131 647 2313 703 ﬁdem.
2362 648 2494 704 Nam
2538 649 2631 720 qui
2662 639 2886 704 tantum
2935 650 3197 722 mysterii
3231 651 3471 707 coilestis

1867 739 2095 794 involuti
2125 741 2177 795 in
2211 741 2392 795 orario
2423 740 2730 812 praesidium
2761 741 2952 798 fuisset
2978 753 3267 813 expertus,
3300 758 3470 813 quau-

1865 841 1976 888 tum
2025 835 2399 891 arbitrabatur
2442 836 2488 891 si
2529 851 2626 892 ore
2669 847 2905 894 sumeret
2934 877 2949 903 ,
2982 847 3036 893 et
3075 845 3190 893 toto
3233 839 3469 908 pectoris

1864 925 2106 982 hauriret
2160 929 2400 982 arcano!
2459 943 2620 1000 quam
2674 929 2850 1000 majus
2908 929 3130 1000 putabat
3185 929 3358 984 fusum
3412 930 3464 984 in

1864 1018 2070 1074 viscera
2093 1062 2107 1083 ,
2140 1019 2281 1088 quod
2317 1029 2523 1075 tantum
2554 1020 2658 1075 sibi
2694 1029 2892 1076 tectum
2921 1021 3103 1076 orario
3133 1020 3463 1092 profuisset!

1931 1110 2025 1164 47.
2069 1109 2174 1167 Sed
2225 1125 2330 1166 non
2382 1113 2452 1165 ita
2499 1111 2690 1166 avidus
2730 1111 2864 1180 fuit,
2911 1125 2966 1167 ιιι
2996 1121 3146 1168 esset
3177 1113 3466 1180 incautus;

1860 1204 2062 1257 scimus
2087 1204 2231 1258 enim
2257 1203 2544 1275 plerosque
2571 1205 2828 1260 aviditate
2855 1205 3020 1261 studii
3047 1205 3468 1276 prmtermittere

1861 1295 2189 1350 cautionem.
2248 1295 2548 1352 Advocavit
2596 1296 2661 1351 ad
2711 1312 2772 1352 se
2820 1297 3140 1368 episeOpnm
3175 1297 3291 1370 (24,
3323 1315 3375 1369 q.
3406 1300 3460 1364 1,

1860 1405 1976 1457 cap.
2005 1387 2349 1457 Adrocavit),
2409 1389 2619 1461 1127
2668 1404 2768 1445 nec
2819 1389 2983 1445 ullam
3043 1405 3226 1447 veram
3261 1389 3467 1460 putavit

1860 1479 1963 1533 nisi
2013 1494 2155 1533 vera:
2199 1478 2319 1534 fidei
2369 1482 2636 1549 gratiam,
2671 1490 3133 1554 percontatusque
3177 1499 3240 1538 ex
3287 1497 3353 1538 eo
3381 1492 3464 1538 est

1859 1579 2166 1626 utrumnam
2212 1586 2334 1624 cum
2375 1570 2648 1642 episcopis
2687 1572 2972 1628 catholicis
2997 1614 3014 1641 ,
3051 1573 3154 1629 hoc
3183 1583 3265 1629 est
3292 1615 3306 1640 ,
3339 1589 3461 1629 cum

1858 1661 2100 1716 Romana
2145 1661 2388 1716 Ecclesia
2432 1663 2785 1717 conveniret?
2818 1664 2886 1716 Et
2915 1663 3054 1720 forte
3080 1661 3106 1701 ἀ
3136 1665 3203 1721 ad
3236 1665 3286 1720 id
3314 1665 3462 1720 loco-

124 1760 256 1802 ram
280 1787 298 1814 ,
329 1762 490 1818 quam
524 1749 733 1806 referre
761 1753 971 1807 auctori
1011 1753 1282 1824 gratiam?
1327 1754 1525 1822 Astiice
1551 1756 1751 1811 coelum
1785 1754 1831 1813 B
1861 1768 1980 1808 rum
2030 1753 2084 1807 in
2144 1752 2435 1808 schismate
2493 1754 2730 1820 regionis
2784 1753 2934 1809 illius
2992 1755 3232 1812 Ecclesia
3297 1771 3416 1816 erat
3446 1776 3460 1824 ;

127 1838 283 1903 hoc;
320 1854 504 1896 nonne
545 1842 758 1896 auctori
803 1844 970 1898 refert
1012 1844 1279 1913 gratiam,
1322 1860 1446 1900 cum
1495 1845 1753 1902 videtur?

128 1930 270 1986 Caeli
295 1932 446 1988 enim
471 1945 716 1988 enarrant
736 1935 958 2006 gloriam
981 1936 1097 2005 Dei,
1119 1948 1170 1992 et
1190 1955 1346 2010 Opera
1368 1956 1618 1994 manuum
1641 1944 1753 2014 ejus

125 2026 418 2079 annuntiat
446 2027 830 2096 ﬁrmamentum
859 2028 1046 2102 (Psal.
1080 2047 1206 2086 xvtti
1229 2074 1244 2098 ,
1273 2032 1354 2101 2).
1399 2033 1542 2088 Mare
1577 2034 1750 2103 ipsum

128 2131 264 2171 eum
296 2117 547 2173 sedatum
593 2129 758 2189 atque
787 2122 1131 2192 tranquillum
1161 2133 1245 2179 est
1267 2165 1284 2191 ,
1327 2123 1522 2180 divinae
1548 2127 1755 2183 sereni-

133 2211 272 2266 tatis
329 2221 557 2268 testatur
606 2213 868 2269 indicinm
902 2235 914 2268 :
949 2232 1070 2272 eum
1118 2228 1403 2285 movetur,
1461 2219 1754 2290 indignatio

134 2319 380 2375 superna
415 2306 612 2361 terrori
643 2315 746 2362 est.
795 2306 984 2364 Nonne
1024 2323 1217 2364 omnes
1243 2310 1335 2366 Dei
1376 2303 1602 2381 gratiam
1631 2311 1753 2381 jure

138 2395 413 2454 miram-ur
437 2440 454 2465 ,
484 2415 607 2455 cum
651 2401 984 2458 advertimus
1020 2403 1163 2474 quod
1204 2403 1534 2460 insensibilis
1563 2415 1752 2460 natura

138 2492 382 2562 quadam
415 2493 658 2549 sensibili
688 2495 903 2551 ratione
945 2510 1074 2551 suos
1124 2495 1318 2552 ﬂuctus
1362 2508 1654 2564 coerceat,
1698 2507 1754 2554 et

145 2585 289 2640 ﬁnes
309 2601 438 2642 suos
457 2587 596 2642 unda
614 2597 908 2659 cognoscat
928 2587 952 2640 ?
972 2588 1105 2644 Nam
1128 2589 1197 2644 de
1212 2591 1370 2645 terris
1383 2590 1511 2660 quid
1537 2590 1749 2660 loquar,

144 2680 500 2751 quandivino
546 2681 865 2738 obedientes
919 2694 1190 2752 praecepto
1255 2683 1507 2738 omnibus
1558 2692 1752 2752 sponte

144 2774 516 2830 animantibus
571 2775 826 2844 pabulum
884 2775 1301 2831 subministrant
1331 2775 1487 2849 (Gen.
1529 2792 1578 2841 ι,
1612 2775 1702 2846 11)
1734 2793 1748 2842 ;

147 2877 312 2938 atque
354 2868 404 2922 id
441 2869 582 2939 quod
635 2871 944 2941 acceperint
989 2871 1140 2943 agri,
1183 2871 1329 2926 velut
1377 2873 1752 2928 crescentibus

150 2961 335 3017 usuris
356 2962 795 3032 multiplicatum,
824 2966 1268 3038 cumulatumque
1290 2968 1619 3022 restituunt?

222 3053 313 3110 46.
372 3056 515 3127 Ergo
562 3056 654 3113 ille
703 3059 794 3129 qui
839 3067 1030 3115 natura
1073 3059 1212 3116 duce
1257 3060 1427 3116 divini
1482 3061 1749 3117 rationem

1858 1845 2076 1902 Lucifer
2099 1846 2245 1900 enim
2277 1861 2336 1901 se
2365 1861 2394 1898 a
2419 1855 2601 1901 nostra
2634 1859 2761 1901 tunc
2790 1848 3056 1917 temporis
3081 1853 3465 1909 communione

1857 1940 2136 2004 diviserat,
2170 1951 2225 1996 et
2257 1955 2584 2011 quamquam
2636 1955 2732 2010 pro
2764 1940 2869 1997 ﬁde
2907 1941 3230 2008 exsulasset,
3259 1951 3312 1998 et
3339 1942 3466 2000 ﬁdei

1857 2047 1969 2086 sua:
2000 2031 2313 2101 reliquisset
2359 2031 2646 2097 ltzeredcs;
2702 2047 2808 2087 non
2841 2033 3051 2102 putavit
3092 2041 3269 2088 tamen
3302 2033 3462 2090 fidem

1856 2139 1978 2180 esse
2007 2125 2059 2178 in
2090 2125 2407 2179 schismate.
2450 2122 2583 2178 Nam
2623 2125 2726 2180 etsi
2759 2125 2919 2180 ﬁdem
2953 2139 3080 2196 erga
3110 2127 3281 2182 Deuin
3311 2134 3465 2184 tene-

1857 2227 2001 2283 rent,
2037 2227 2214 2272 tamen
2243 2233 2366 2287 erga
2401 2217 2492 2273 Dei
2523 2218 2826 2273 Ecclesiam
2862 2235 2967 2273 non
3003 2220 3278 2285 tenebant,
3307 2221 3461 2291 cujus

1857 2314 2203 2383 patiebantur
2248 2313 2394 2368 velut
2422 2313 2685 2384 quosdam
2715 2325 2867 2368 artus
2891 2313 3057 2369 dividi
3085 2356 3100 2379 ,
3138 2323 3192 2370 et
3214 2315 3458 2371 membra

1856 2405 2106 2462 lacerari.
2159 2407 2374 2461 Etenim
2422 2421 2543 2462 cum
2593 2415 2814 2478 propter
2859 2407 3158 2463 Ecclesiam
3210 2409 3458 2464 Christus

1857 2514 2049 2570 passus
2089 2500 2195 2566 sit,
2237 2508 2293 2554 et
2335 2499 2532 2555 Christi
2575 2515 2776 2573 corpus
2825 2501 3067 2557 Ecclesia
3117 2503 3188 2558 sit
3238 2502 3455 2575 (Ephes.

1857 2609 1909 2659 v,
1937 2591 2032 2662 25)
2060 2609 2073 2657 ;
2133 2606 2239 2647 non
2270 2592 2483 2648 videtur
2511 2593 2580 2648 ab
2609 2593 2695 2648 his
2722 2593 2964 2650 exhiberi
2992 2594 3212 2650 Christo
3241 2596 3396 2664 ﬁdes,
3428 2611 3458 2651 ιι

1855 2684 2050 2755 quibus
2077 2695 2376 2740 evacuatur
2404 2685 2520 2755 ejus
2549 2689 2752 2756 passio,
2785 2701 3090 2756 corpusque
3115 2686 3456 2743 distrahitur.

1927 2778 2018 2834 48.
2062 2779 2246 2850 Itaque
2279 2781 2524 2850 quamvis
2553 2779 2742 2850 gratia:
2775 2781 2927 2836 fenus
2957 2789 3196 2846 teneret,
3238 2791 3294 2837 et
3339 2796 3456 2837 me-

1858 2880 2033 2927 tueret
2090 2873 2223 2926 tanti
2273 2871 2510 2927 nominis
2559 2872 2772 2927 debitor
2813 2873 3104 2944 navigare;
3163 2883 3342 2929 tamen
3391 2888 3459 2930 eo

1857 2965 2088 3020 transire
2117 2964 2330 3029 maluit,
2354 2963 2445 3020 ubi
2478 2973 2593 3019 tuto
2617 2974 2802 3034 posset
2822 2967 3111 3021 exsolvere
3141 2983 3154 3020 :
3183 2966 3460 3036 judicabat

1853 3059 1998 3114 enim
2044 3058 2244 3113 divinae
2289 3058 2620 3114 solutionem
2665 3060 2853 3130 gratiae
2904 3061 2955 3114 in
3007 3060 3200 3116 alfeetu
3247 3075 3311 3116 ac
3352 3060 3457 3116 ﬁde

149 3147 334 3217 operis
365 3149 522 3218 igneo
553 3152 752 3206 mentis
777 3151 965 3222 vigore
996 3161 1314 3224 perceperat
1339 3194 1352 3215 .
1385 3154 1543 3208 scivit
1577 3154 1748 3223 primo
1777 3155 1822 3216 C
1853 3167 2004 3218 esse;
2033 3167 2193 3222 quam
2219 3151 2436 3222 quidem
2463 3153 2646 3207 statim
2678 3152 2767 3206 ubi
2795 3152 3028 3223 primum
3053 3154 3205 3223 copia
3235 3153 3460 3208 liberior

150 3239 391 3294 omnium
415 3241 682 3295 servatori
712 3255 811 3296 suo
836 3243 1063 3312 gratiam
1095 3258 1217 3300 esse
1241 3243 1580 3300 referendam
1613 3263 1624 3298 :
1657 3245 1750 3300 sed

226 3429 251 3454 λ
296 3419 419 3474 Mss.
449 3418 680 3489 aliquot,
712 3419 916 3472 nullum
938 3419 1006 3489 ad
1028 3417 1348 3489 referendam
1377 3421 1620 3489 gratiam,
1645 3428 1750 3473 etc.

225 3489 254 3528 ι)
300 3491 413 3545 Νοιι
437 3488 712 3555 abhorret,
748 3489 931 3560 inquit,
948 3488 1210 3555 Nannius,
1245 3489 1346 3545 hoc
1371 3488 1545 3560 ipsum
1580 3506 1608 3543 a
1640 3490 1756 3558 lege

158 3561 368 3618 Persica
392 3602 408 3628 ,
441 3562 594 3632 cujus
623 3564 864 3616 meminit
891 3559 1191 3630 XenOphon
1220 3603 1233 3624 ,
1264 3559 1560 3615 secundum
1593 3577 1753 3631 quam

159 3649 364 3688 summa
408 3649 562 3703 paena
596 3633 1004 3702 plectebantur,
1047 3633 1136 3700 qui
1185 3632 1587 3701 iugratitudinis
1626 3649 1756 3688 cono

159 3707 281 3761 victi
307 3714 507 3760 essent.
534 3705 746 3760 Addere
783 3713 1043 3772 praeterea
1076 3712 1287 3772 poterat
1328 3703 1473 3758 illam
1505 3713 1753 3759 veterum

163 3777 329 3842 legem
358 3816 374 3840 ,
415 3791 518 3844 qua
570 3775 794 3828 libertos
835 3775 922 3842 qui
970 3775 1522 3844 adversuspatronos
1561 3775 1752 3843 ingrati

162 3843 510 3909 exstitissent,
541 3845 737 3901 licebat
759 3861 1013 3899 revocare
1043 3846 1094 3899 in
1119 3843 1459 3909 servitutem,
1487 3860 1594 3914 quo
1620 3846 1755 3898 allu-

161 3918 300 3974 ditur
325 3933 352 3968 a
380 3915 637 3971 Terentio
668 3916 883 3970 Andria:
911 3926 1032 3968 actu
1083 3931 1134 3979 ι,
1167 3930 1242 3968 sc.
1281 3915 1300 3968 1
1334 3955 1346 3971 .
1385 3916 1486 3969 hoc
1518 3916 1755 3971 Simonis

161 3990 226 4043 ad
255 3989 462 4042 Sosiam
491 3988 738 4042 libertum
763 3988 930 4044 dicto.
957 3986 1098 4039 haud
1119 3995 1258 4039 muto
1280 3989 1495 4054 factum.
1521 3985 1754 4042 Consule

162 4060 401 4116 similiter
453 4075 575 4130 qua;
643 4060 710 4130 de
760 4057 1120 4130 remetieudis
1184 4056 1463 4130 beneﬁciis
1510 4057 1756 4130 disputat

165 4126 485 4186 Ambrosius
507 4131 598 4186 lib.
631 4145 646 4184 t
677 4129 832 4184 Ollio.
877 4138 930 4183 et
978 4128 1127 4182 locus
1167 4126 1469 4181 ofﬁciorum
1500 4126 1749 4183 Ciceruu.

166 4202 354 4258 ibidem
381 4201 664 4256 indicatos.

237 4286 256 4309 ο
299 4272 502 4327 Eadem
533 4270 858 4340 autipallage
891 4283 1017 4325 usus
1041 4279 1121 4324 est
1149 4269 1468 4324 Ambrosius
1492 4269 1585 4324 lib.
1616 4286 1671 4340 vi
1699 4273 1750 4325 in

168 4345 372 4406 Lttcattt,
409 4360 558 4397 num.
588 4343 681 4398 25.
733 4339 879 4396 llane
909 4351 1086 4396 autem
1133 4341 1354 4410 liguratu
1385 4358 1506 4396 eum
1539 4357 1569 4395 e
1599 4339 1754 4396 Cice-

167 4417 306 4472 ronis
355 4415 506 4471 Orat.
555 4430 652 4483 pro
692 4415 788 4469 Cn.
833 4415 1030 4469 Planco
1075 4421 1376 4466 mutuattun
1419 4427 1540 4467 esse
1569 4421 1754 4467 tuonet

165 4489 429 4553 Nannius;
480 4485 836 4556 Tullianaqne
884 4486 1045 4540 verba
1106 4484 1410 4556 examinari
1458 4499 1486 4536 a
1537 4484 1752 4538 Juliano

168 4560 372 4614 rhetore
417 4558 554 4626 apud
595 4554 828 4613 Gellium
873 4557 963 4611 lib.
999 4573 1035 4621 ι,
1076 4571 1193 4625 cap.
1234 4555 1288 4609 4.
1323 4554 1450 4610 Mss.
1482 4556 1746 4620 nonnulli,

169 4630 453 4701 Imjusntodi
475 4631 644 4698 gratia
669 4633 802 4701 ejus.

234 4698 258 4737 ά
294 4700 416 4753 Mss.
468 4697 711 4768 aliquot,
758 4699 826 4751 ad
869 4699 922 4752 id
967 4699 1186 4753 lucrum.
1232 4698 1340 4756 Sed
1394 4714 1502 4752 non
1549 4697 1749 4753 dubius

172 4774 481 4837 scriptorum
529 4771 749 4840 lapsus.
781 4769 934 4836 Quod
965 4779 1147 4824 autem
1177 4769 1484 4824 Luciferum
1519 4779 1746 4840 spectat,

173 4840 351 4895 istltzec
371 4841 438 4894 de
464 4840 556 4911 illo
581 4839 916 4894 tradiderunt
938 4840 1134 4911 Patres
1151 4850 1313 4911 atque
1338 4839 1750 4896 Ecclesiastica-

173 4925 280 4966 rum
311 4925 486 4965 rerum
517 4910 784 4964 historici.
810 4911 943 4965 Erat
979 4911 1066 4965 hic
1106 4910 1448 4965 Calaritanns
1481 4911 1532 4964 iu
1563 4912 1750 4967 Sardi-

173 4983 252 5037 nia
279 4980 581 5049 episcOpus,
609 4982 702 5048 qui
732 4995 850 5034 cun:
876 4982 1169 5052 iusynodo
1205 4982 1594 5037 Mediolanensi
1638 4997 1754 5037 mo-

175 5070 274 5108 rem
300 5053 617 5106 Constantio
645 5051 960 5117 imperatori
996 5051 1192 5117 gerere
1223 5053 1578 5107 detrectasset
1599 5095 1613 5115 ,
1650 5069 1752 5107 una

174 5140 281 5180 cum
309 5122 584 5192 Dionysio,
610 5121 867 5188 Eusebio,
897 5121 1125 5176 Paulino
1150 5133 1203 5175 et
1232 5122 1524 5176 Rhodauio
1551 5127 1756 5178 sanctis

175 5204 322 5262 atque
351 5192 634 5246 catholicis
660 5192 932 5262 episcopis
953 5193 1160 5261 ejectns
1183 5192 1284 5247 fuit
1309 5193 1362 5246 in
1385 5193 1668 5258 exsilium,
1700 5195 1752 5248 iu

177 5282 272 5338 quo
296 5263 516 5318 mutatis
546 5262 781 5338 subinde
805 5265 960 5338 locis,
996 5278 1177 5338 usque
1195 5264 1262 5317 ad
1291 5263 1758 5338 Juliatii_C3esa_ris

178 5333 403 5406 tempora
445 5334 830 5406 perseveravit.
878 5333 1048 5406 Exsul
1093 5334 1447 5406 Athanasium
1487 5334 1752 5399 defendit,

179 5401 320 5464 editis
346 5406 608 5460 adversus
628 5401 1007 5459 Constantium
1032 5404 1306 5472 prmclaris
1333 5405 1508 5465 libris.
1535 5415 1758 5475 propter

180 5495 299 5551 quos
319 5493 443 5551 euut
479 5487 748 5551 tamquam
775 5475 991 5551 sincero
1013 5476 1252 5551 martyrii
1276 5477 1548 5551 desiderio
1571 5478 1752 5532 incen-

183 5545 283 5605 s'um
311 5545 526 5603 maximi
551 5547 750 5615 quique
773 5546 1015 5617 ejusdem
1039 5545 1337 5617 mtatisrviri
1367 5547 1747 5617 praedicarunt.

185 5622 362 5678 Verum
385 5621 526 5672 idem
549 5632 670 5672 cum
695 5619 745 5671 in
767 5615 1100 5671 occidentem
1126 5615 1750 5682 rediens,Antiochiam,

183 5710 273 5766 qua
300 5694 398 5746 iter
419 5688 508 5766 illi
536 5693 683 5766 erat,
714 5686 941 5766 divisam
980 5688 1121 5757 inter
1151 5686 1530 5766 Eustathianos
1558 5703 1619 5742 ac
1646 5691 1755 5766 ble—

173 5755 394 5826 .I'etiauos
415 5755 753 5822 aliendisset,
774 5755 1161 5824 Paulinumque
1185 5756 1235 5810 iu
1261 5760 1502 5826 priorum
1528 5760 1752 5827 gratiam

1861 3243 2121 3300 Ecclesia:
2151 3243 2271 3310 fuit,
2296 3242 2524 3314 implere
2551 3259 2660 3298 non
2687 3242 2920 3298 distulit.
2947 3253 2970 3280 ο
3004 3243 3205 3315 Deique
3230 3244 3460 3315 gratiam

1861 3420 2191 3480 ordinasset.
2219 3420 2380 3489 longo
2408 3417 2656 3479 dissidio,
2689 3418 2758 3473 de
2786 3433 2892 3486 quo
2919 3434 3081 3491 supra
3110 3419 3175 3474 ad
3201 3420 3360 3491 epist.
3388 3420 3458 3474 56

1860 3505 1888 3543 a
1923 3491 2077 3545 nobis
2103 3491 2306 3544 dictum
2331 3500 2434 3555 est,
2455 3504 2670 3543 causam
2690 3491 2945 3556 'prmhuit.
2974 3490 3303 3559 lmprobaVit
3325 3491 3461 3546 Pau-

1863 3561 1956 3616 lini
1986 3561 2386 3616 ordinationem
2429 3570 2651 3615 sanctus
2690 3561 2957 3616 Eusebius
2984 3580 2996 3614 :
3021 3578 3180 3628 qtiam
3206 3562 3456 3628 injuriani

1860 3633 2072 3687 Lucifer
2108 3648 2261 3686 suam
2283 3632 2726 3700 tinterpretaius,
2759 3631 2875 3699 ipse
2905 3632 3195 3685 concilium
3224 3632 3460 3686 Alexan—

1859 3702 2074 3757 drinnm
2097 3746 2111 3767 ,
2141 3705 2226 3757 cui
2261 3712 2437 3756 tamen
2470 3717 2566 3770 per
2594 3702 2824 3771 legatum
2851 3717 3005 3755 suum
3031 3704 3454 3770 subscripserat,

1860 3790 1964 3828 non
1997 3776 2242 3844 recipere
2279 3774 2598 3844 constituit,
2632 3789 2797 3841 rt'tltlc
2827 3773 2894 3844 ab
2924 3774 2985 3826 iis
3016 3773 3268 3844 militibus
3298 3787 3454 3839 sepa-

1858 3847 2015 3907 ravit,
2041 3842 2131 3914 qui
2161 3843 2468 3912 quempiam
2498 3858 2685 3897 eorum
2714 3859 2742 3894 a
2777 3842 2974 3911 quibus
3003 3843 3095 3914 ulli
3127 3843 3451 3897 Arianorum

1857 3913 2105 3970 formula.-
2135 3915 2497 3982 subscriptum
2533 3925 2708 3977 esset,
2737 3914 2787 3966 iu
2825 3913 3259 3967 communionem
3300 3927 3451 3967 suam

1856 3985 2224 4041 admisissent.
2258 3985 2324 4038 Et
2352 3987 2490 4038 hanc
2511 3985 2772 4051 originem
2798 3983 3258 4038 Lueilerianorum
3282 3984 3456 4038 schis-

1857 4059 1984 4111 tnati
2013 4057 2334 4110 attribuunt.
2379 4054 2495 4109 Non
2524 4054 2720 4108 desunt
2749 4054 3030 4125 etiamqui
3061 4055 3192 4109 illud
3217 4055 3453 4111 Luciferi

1855 4129 2115 4182 adversus
2146 4127 2437 4181 Eusebium
2479 4125 2822 4198 invidentiae,
2874 4124 3205 4198 Hieronymo
3245 4127 3456 4182 dissen-

1858 4201 2047 4256 tiente.
2083 4208 2362 4265 acceptum
2388 4198 2598 4267 ferant:
2629 4195 2724 4251 sed
2770 4211 2868 4250 uec
2893 4197 3009 4262 alii,
3037 4195 3296 4267 aquibus
3322 4199 3450 4253 illud

1855 4287 1975 4325 cum
2001 4270 2195 4324 haeresi
2218 4270 2361 4322 circa
2388 4266 2715 4322 infusioucm
2739 4270 2932 4322 ,ιιιὶιιιτιε
2950 4269 3194 4336 junctum
3217 4269 3450 4323 dicatur.

1856 4345 1925 4395 At
1967 4349 2219 4396 neutrum
2264 4339 2397 4394 satis
2427 4339 2687 4392 credibile
2716 4347 2817 4393 est.
2859 4339 2931 4394 De
2976 4339 3224 4395 Lucifero
3256 4348 3455 4409 pra-ter

1853 4412 2205 4467 AtubrOsium
2237 4410 2341 4465 hoc
2367 4412 2482 4479 ipso
2514 4411 2652 4482 loco,
2683 4409 3067 4482 llieronymuut
3102 4411 3329 4481 Dialogo
3359 4409 3454 4464 ad-

1858 4500 2050 4539 versus
2081 4482 2472 4546 Luciferianos,
2507 4481 2758 4536 lluﬁnum
2790 4481 2927 4537 lib.'t
2970 4498 3093 4552 cap.
3129 4483 3194 4536 19
3218 4492 3274 4536 et
3308 4496 3450 4552 scq.,

1854 4565 1908 4610 et
1929 4555 2286 4626 Angusﬁnum
2311 4553 2377 4607 de
2402 4553 2604 4607 Haeres.
2631 4569 2750 4621 cap.
2777 4553 2842 4607 81
2866 4570 2882 4613 ;
2917 4563 3146 4626 egerunt
3172 4553 3334 4608 etiam
3357 4552 3450 4626 Sd-

1853 4625 2029 4681 erates
2053 4627 2146 4681 lib.
2175 4641 2233 4681 ιιι
2260 4640 2378 4694 cap.
2404 4627 2436 4679 5
2454 4634 2664 4693 etseq.,
2687 4626 3024 4679 Snzomenus
3046 4625 3140 4679 lib.
3165 4640 3220 4690 v,
3243 4639 3364 4695 cap.
3387 4625 3453 4678 12

1855 4710 1903 4752 et
1941 4699 2029 4764 15,
2055 4698 2430 4753 Tlteodoretus
2458 4695 2554 4749 lib.
2586 4712 2643 4750 ιιι
2671 4710 2788 4764 cap.
2822 4695 2873 4761 5,
2908 4707 3067 4764 atque
3094 4696 3206 4750 alii.

1934 4779 1956 4806 θ
1996 4770 2113 4824 Jatn
2143 4785 2247 4823 non
2271 4767 2435 4822 semel
2459 4766 2820 4836 signiﬁcatum
2845 4775 2928 4820 est
2952 4769 3020 4821 ab
3043 4765 3330 4821 Ambrosio
3357 4765 3453 4821 Sa-

1862 4848 2037 4911 tyrum
2067 4881 2081 4904 ,
2119 4855 2240 4895 cum
2273 4839 2608 4908 navigationi
2641 4853 2764 4893 sese
2795 4839 3184 4911 committeret,
3208 4838 3450 4911 necdum

1859 4907 2182 4981 baptismate
2207 4911 2371 4964 fuisse
2390 4907 2788 4977 regeneratum.
2805 4907 2951 4962 Nihil
2969 4909 3185 4976 quidem
3207 4909 3312 4963 illis
3326 4916 3456 4962 tem-

1861 4983 2081 5052 poribus
2107 4981 2359 5038 usitatius
2380 4990 2518 5040 erat.
2544 4995 2704 5049 quam
2731 4982 2830 5033 hoc
2854 4991 3254 5052 sacramentum
3281 4994 3453 5049 usque

1858 5053 1924 5106 ad
1969 5056 2634 5123 provectiorem_a~tatem
2681 5051 3034 5123 protrahere,
3069 5052 3209 5123 quod
3252 5066 3374 5106 cum
3423 5065 3452 5103 a

1861 5121 2046 5179 multis
2072 5140 2134 5179 ea
2167 5133 2347 5178 mente
2377 5121 2554 5185 ﬁeret,
2586 5131 2642 5175 ut
2673 5121 2900 5176 liberius
2929 5121 3312 5192 cupiditatibus
3341 5123 3457 5175 suis

1859 5195 2012 5250 frena
2062 5196 2344 5258 laxarent,
2393 5210 2420 5246 a
2455 5193 2706 5248 Pati-ibus
2743 5193 2976 5263 graviter
3011 5209 3075 5247 ac
3108 5194 3456 5248 vehementer

1858 5265 2384 5335 reprehendebatur,
2407 5265 2864 5331 quemadmodum
2886 5264 2938 5318 in
2959 5263 3248 5319 Ambrosio
3269 5277 3455 5318 nostro

1858 5339 2061 5406 smpius
2091 5336 2240 5392 licuit
2265 5336 2579 5390 observare.
2626 5335 2819 5389 Verum
2861 5335 3038 5405 Satyri
3071 5335 3178 5390 vita
3217 5346 3323 5391 tam
3371 5335 3456 5405 pie

1859 5419 2156 5478 sancteque
2178 5407 2422 5478 instituta
2447 5406 2532 5461 hic
2555 5406 2902 5478 describitur,
2939 5418 3007 5478 ut
3036 5406 3342 5478 hujusmodi
3366 5424 3454 5459 su-

1859 5477 2105 5550 sjiicione
2144 5493 2365 5550 prorsus
2407 5477 2687 5533 liberetur.
2737 5477 3314 5550 Potuitniliilomiuus
3342 5480 3457 5550 ipse

1862 5549 1964 5604 hoc
1994 5550 2060 5604 de
2091 5548 2154 5605 se
2193 5561 2353 5603 caute
2393 5550 2591 5614 vereri,
2626 5549 2769 5616 quod
2803 5548 3030 5602 timebat
3056 5551 3125 5602 de
3157 5549 3458 5617 Augustino

1862 5620 2070 5675 Moniea
2121 5632 2324 5686 mater,
2380 5621 2632 5674 nimirum
2675 5637 2741 5673 tte
2785 5619 3157 5687 baptismalem
3207 5620 3457 5689 gratiam,

1862 5706 1965 5761 qua
1997 5707 2120 5746 eum
2166 5706 2459 5761 numquam
2503 5690 2773 5761 excidisse
2823 5689 3148 5754 Ambrosius
3198 5701 3457 5761 testatur,

1866 5757 2048 5830 aliquo
2087 5757 2328 5830 juvenili
2362 5766 2497 5834 testu
2545 5759 2805 5832 abreptus
2839 5761 3130 5829 amitteret,
3164 5757 3207 5817 si
3242 5762 3305 5817 ad
3337 5757 3458 5818 eam
