4092 6190
584 152 715 206 1307

2023 148 2271 206 SANC‘I’I
2308 149 2629 208 Αιιιιιιοιιιι

3820 152 3848 206 l
3863 151 3970 206 503

575 279 631 323 et
658 267 863 337 accepit
894 266 1289 333 desideratam,
1333 274 1393 321 et
1431 265 1669 323 servavit
1699 274 2000 337 acceptant.
2031 264 2180 321 Nihil
2203 268 2259 329 Α
2282 281 2377 322 stis
2406 276 2463 321 et
2486 266 2641 337 quasi
2663 265 2951 322 demersus
2972 266 3027 321 in
3050 275 3272 332 terrain,
3301 267 3433 323 licet
3455 266 3515 322 in
3542 267 3685 339 ipso
3718 280 3967 336 neque-

579 362 743 433 igitur
770 378 831 417 ea
862 360 1146 431 prudentia
1169 360 1494 431 sapientius,
1522 375 1642 431 qua
1660 360 1845 416 divina
1864 370 1921 417 et
1945 358 2178 415 humana

577 453 837 510 secernit.

648 548 740 604 49.
779 545 917 603 Nam
959 546 1091 619 quid
1125 555 1429 619 spectatam
1454 546 1510 603 in
1541 545 1832 617 stipendiis
1869 544 2182 602 forensibus

579 643 700 713 ejus
752 641 1062 698 facundiam
1108 642 1335 713 loquar?
1378 642 1555 709 Quam
1606 639 1917 696 incredibili
1945 638 2183 695 admira-

581 737 732 793 tione
774 736 827 791 in
880 734 1152 793 auditorio
1180 744 1206 772 ⁸
1237 734 1575 806 μτωΐεριιιτω
1619 734 1871 790 sublimis
1913 732 2179 790 smicuitl

583 830 691 887 Sed
728 829 874 885 malo
915 828 1006 885 illa
1044 827 1298 893 laudare,
1335 844 1457 900 quae
1485 828 1760 900 perceptis
1786 826 2060 900 mysteriis
2087 826 2183 882 Dei

582 925 739 981 duxit
769 908 1163 979 humaniaesse
1193 922 1422 993 potiora.

654 1018 743 1074 50.
783 1018 1179 1075 Fortitudinem
1204 1031 1421 1089 quoque
1439 1017 1558 1087 ejus
1577 1016 1623 1072 si
1648 1016 1770 1087 quis
1795 1015 2006 1086 plenius
2026 1028 2181 1085 Spec-

588 1125 706 1171 tare
727 1114 893 1182 volet,
914 1113 1227 1169 consideret
1243 1112 1458 1183 quoties
1478 1118 1601 1181 post
1620 1108 1960 1181 naufragium
1984 1108 2183 1165 invicto

582 1206 819 1279 quodam
858 1214 1175 1276 contemptu
1226 1203 1351 1260 vita:
1399 1203 1600 1274 hujus,
1652 1203 1820 1257 maria
1863 1202 2184 1258 transfreta-

581 1301 722 1355 verit
770 1317 783 1354 :
834 1298 1165 1369 diffusosque
1218 1298 1471 1369 regiones
1525 1297 1779 1357 obeundo
1835 1294 2180 1367 pongrarit:

586 1401 864 1462 postremo
893 1391 1035 1461 quod
1058 1391 1161 1446 hoc
1186 1391 1309 1461 ipso
1336 1401 1583 1460 tempore
1619 1388 1920 1459 periculum
1957 1403 2063 1443 non
2098 1403 2183 1444 re-

583 1485 802 1557 fugerit,
832 1486 928 1542 sed
958 1485 1023 1541 ad
1056 1486 1359 1557 periculum
1392 1485 1642 1551 venerit,
1693 1485 1905 1554 patiens
1942 1482 2179 1555 injurias,

2280 375 2443 430 quam
2481 359 2768 415 dissimilis
2811 368 2961 416 cuitu
2996 358 3268 424 virorum,
3317 375 3479 415 rarus
3521 359 3833 415 attollere
3877 374 3960 426 os,

2280 450 2504 506 elevare
2530 452 2740 516 oculos,
2765 450 2977 508 referre
2997 466 3307 508 sermonem
3331 467 3346 506 :
3366 450 3519 523 quod
3545 451 3793 521 pudico
3820 467 3963 522 quo-

2281 542 2404 599 dam
2435 544 2634 599 mentis
2674 544 2885 615 pudore
2927 544 3161 601 faciebat
3185 584 3200 609 ,
3250 559 3377 600 cum
3418 559 3538 615 quo
3580 544 3958 600 castimon'n

2280 651 2499 708 quoque
2520 637 2771 706 corporis
2788 636 3141 708 congruebat.
3162 637 3379 692 Etenim
3403 637 3779 691 intemerata
3808 640 3957 691 sacri

2280 731 2623 801 baptismatis
2647 731 2793 786 dona
2823 732 3087 798 servavit,
3120 731 3355 788 mundus
3383 746 3643 802 corpore
3666 770 3687 799 ,
3744 733 3957 800 purior

2281 822 2451 879 eords
2479 839 2494 877 :
2525 839 2633 879 non
2666 824 2845 881 minus
2882 824 3174 881 adulterini
3206 822 3484 880 sermonis
3514 825 3951 894 opprobrium.

2282 932 2443 988 quam
2482 920 2735 987 corporis
2782 917 3257 987 perhorrescens:
3293 932 3401 972 non
3441 917 3758 972 minorem
3792 926 3951 971 ratos

2282 1011 2556 1083 pudicitiae
2586 1012 2953 1069 reverentiam
2981 1010 3331 1069 deferendam
3362 1012 3711 1084 integritate
3732 1012 3950 1067 verito-

2282 1121 2427 1167 rum.
2458 1122 2619 1175 qnam
2644 1107 2892 1177 corporis
2919 1110 3191 1162 castitate.

2355 1198 2446 1255 53.
2492 1200 2740 1271 Denique
2772 1200 2825 1254 in
2870 1207 3077 1254 tantum
3127 1199 3511 1255 castimoniam
3556 1198 3832 1265 dilexit,
3893 1208 3946 1254 nt

2289 1294 2504 1367 1129
2532 1309 2631 1349 nec
2655 1308 2882 1349 uxorem
2905 1303 3220 1364 expeteret;
3248 1293 3379 1349 licet
3401 1293 3453 1347 in
3482 1309 3553 1348 eo
3584 1310 3715 1349 non
3749 1294 3941 1349 solum

2283 1390 2550 1445 castitatis
2579 1390 2889 1459 appetentia
2922 1387 3113 1454 fuerit,
3136 1389 3231 1444 sed
3261 1388 3426 1443 etiam
3453 1389 3697 1459 pietatis
3727 1387 3934 1458 gratia.

2283 1482 2424 1538 Miro
2467 1493 2650 1538 autem
2702 1482 2869 1539 modo
2911 1491 2967 1537 et
3018 1481 3329 1553 coniugium
3380 1482 3842 1548 dissimulabat,
3890 1492 3939 1538 et

584 1580 866 1650 negligens
895 1578 1129 1649 frigoris,
1156 1586 1320 1647 atque
1345 1578 1551 1632 utinam
1580 1576 1850 1633 sollicitus
1870 1577 2178 1633 cantionis!
2279 1576 2596 1645 iactantiam
2645 1574 2961 1630 declinabat
3001 1583 3303 1646 :tantaque
3342 1583 3459 1630 erat
3494 1574 3931 1638 dissimulatio,

586 1669 695 1725 Sed
725 1669 827 1724 hoc
860 1669 977 1738 ipso
1007 1668 1221 1734 beatus,
1252 1670 1395 1739 quod
1417 1668 1544 1723 dum
1574 1668 1727 1724 licuit
1752 1669 1939 1739 vigore
1962 1672 2039 1725 uti
2064 1684 2189 1725 cor-
2218 1662 2266 1724 Β
2293 1676 2350 1723 ιιι
2377 1669 2534 1724 nobis
2562 1682 2779 1738 quoque
2804 1667 3122 1738 urgentibus
3142 1708 3157 1734 ,
3201 1664 3429 1722 diferre
3465 1666 3935 1737 magis'eonsor-

588 1762 770 1831 poris,
796 1757 1064 1814 inoffenso
1098 1759 1167 1815 ad
1199 1760 1541 1831 exsequenda
1577 1776 1697 1832 quae
1725 1762 1921 1829 vellet,
1969 1763 2186 1820 functus

591 1852 805 1924 llas
838 1851 1141 1921 iuventutis
1180 1853 1381 1920 officio,
1420 1854 1587 1909 vitam
1635 1854 1797 1922 vixit,
1844 1855 2182 1913 debilitatem

585 1948 875 2017 ignoravit.

656 2039 747 2095 bl.
788 2038 904 2108 Qua
922 2053 1055 2094 vero
1075 2040 1457 2110 prosecutione
1477 2040 1882 2112 simplicitatem
1904 2042 2021 2114 ejus
2039 2043 2185 2098 edis-

584 2130 805 2186 seram?
841 2130 917 2185 εει
955 2142 1041 2187 est
1075 2136 1220 2203 enim
1257 2132 1511 2204 quaedam
1547 2148 1760 2190 morum
1793 2136 2180 2207 temperantia,

586 2223 890 2294 mentisque
908 2223 1198 2281 sobrietas.
1222 2224 1377 2291 Date,
1397 2241 1606 2297 quaeso,
1621 2227 1858 2295 veniam,
1882 2238 1933 2284 et
1961 2229 2183 2298 permit-

585 2319 682 2375 tite
712 2318 886 2374 dolori
924 2334 1083 2385 meo;
1123 2329 1181 2374 nt
1215 2320 1285 2375 de
1312 2334 1383 2376 eo
1412 2321 1543 2375 mibi
1579 2320 1740 2390 paulo
1769 2321 1991 2377 uberius
2019 2321 2184 2377 liccat

589 2411 766 2482 loqui,
798 2425 922 2466 cum
952 2427 1060 2481 quo
1084 2412 1195 2482 jam
1228 2427 1334 2468 non
1375 2411 1697 2468 conceditur
1723 2413 1983 2484 colloqui.
2021 2413 2184 2471 Certe

584 2509 641 2559 et
667 2503 819 2558 vobis
853 2504 1101 2575 proiicit,
1131 2517 1186 2560 ut
1214 2505 1511 2562 advertatis
1534 2505 1561 2544 ι’
1588 2522 1697 2562 non
1728 2506 2019 2579 fragilitate
2044 2524 2181 2580 qua-

586 2595 711 2649 dam
739 2610 837 2651 vos
866 2595 969 2651 hoc
997 2595 1263 2664 ofﬁcium,
1288 2598 1385 2655 sed
1405 2599 1612 2670 judicio
1633 2600 1931 2657 detulisse:
1961 2612 2062 2657 nec
2084 2602 2184 2656 ml-

587 2688 891 2743 sericordia
937 2694 1128 2746 mortis
1166 2690 1431 2763 impulsos
1451 2735 1467 2761 ,
1500 2692 1596 2750 sed
1629 2694 1887 2750 virtutum
1916 2693 2175 2750 hunorifi-

585 2782 765 2837 centia
790 2796 1140 2852 provocatos;
1168 2787 1345 2839 anima
1368 2787 1511 2842 enim
1536 2786 1821 2843 benedicta
1854 2787 2031 2844 omnis
2053 2789 2185 2844 sim-

588 2876 709 2945 ple:
757 2875 967 2949 (Prom,
1013 2878 1115 2951 ιι).
1161 2879 1331 2935 Tanta
1375 2890 1559 2937 autem
1590 2882 1911 2953 simplicitas
1934 2892 2085 2952 erat;
2127 2892 2186 2939 ut

586 2981 886 3024 conversus
916 2970 968 3024 in
1009 2985 1267 3040 puerum.
1314 2973 1662 3044 simplicitate
1701 2976 1848 3031 illius
1887 2979 2063 3032 aetatis
2104 2978 2186 3032 in-

2289 1761 2457 1827 tium,
2502 1776 2667 1831 quam
2711 1759 2963 1830 refugere
3009 1759 3303 1815 videretur.
3351 1758 3465 1814 Hoc
3510 1774 3701 1814 unum
3739 1763 3932 1830 itaqse

2288 1853 2407 1922 fuit,
2436 1853 2579 1923 quod
2607 1867 2708 1908 nec
2733 1852 2992 1908 fratribus
3017 1852 3269 1907 crederet
3295 1869 3309 1906 :
3339 1866 3447 1905 non
3494 1850 3700 1921 aliqua
3754 1865 3932 1907 cunc-

2289 1947 2511 2001 tationis
2534 1945 2861 2011 itaisitantia,
2893 1943 2988 2000 sed
3012 1944 3231 2000 virtutis
3257 1943 3613 1999 verecundia.

2360 2038 2451 2097 Μ.
2490 2038 2625 2107 Quis
2654 2040 2819 2109 igitur
2859 2053 2967 2093 non
3011 2038 3242 2093 miretur
3283 2036 3460 2091 virum
3512 2035 3666 2090 inter
3719 2036 3926 2091 fratres

2285 2136 2425 2190 duos
2453 2134 2684 2189 alterum
2715 2133 3011 2198 virginem,
3052 2132 3283 2187 alterum
3332 2128 3718 2197 sacerdotem,
3755 2142 3926 2186 aetate

2287 2227 2551 2293 medium,
2583 2225 3028 2297 magnanimitate
3055 2239 3163 2278 non
3190 2223 3475 2292 imparem.
3510 2225 3590 2276 ita
3619 2223 3783 2277 inter
3815 2222 3925 2278 duo

2287 2320 2522 2375 maxima
2555 2333 2779 2373 munera
2806 2317 3161 2388 prmetitisse;
3189 2325 3248 2370 nt
3267 2315 3495 2370 alterius
3514 2315 3777 2370 muneris
3798 2330 3921 2369 as-

2288 2413 2521 2479 titatem,
2552 2414 2781 2469 alterius
2805 2412 3145 2467 sanctitatem
3177 2410 3425 2476 referret,
3451 2426 3560 2463 non
3593 2409 3917 2479 professio-

2287 2509 2373 2563 nis
2401 2507 2638 2567 vinculo.
2663 2509 2758 2563 sed
2789 2506 3005 2562 virtutis
3033 2504 3253 2561 ofﬁcio?
3284 2504 3432 2575 Ergo
3458 2504 3504 2558 si
3532 2504 3722 2559 libido
3745 2517 3914 2576 atque

2287 2602 2563 2659 iracundia
2595 2602 2930 2673 reliquorum
2956 2601 3210 2656 vitiorum
3235 2599 3577 2655 educatrices
3601 2608 3765 2665 sunt,
3784 2602 3914 2669 jure

2285 2696 2593 2751 castitatem
2621 2703 2780 2765 atque
2805 2694 3151 2750 clementiam
3172 2692 3404 2749 dixerim
3427 2692 3704 2762 quasdam
3733 2695 3911 2748 virtu-

2288 2797 2400 2842 tum
2433 2798 2715 2856 parcntes;
2748 2800 3074 2857 quamquam
3103 2786 3277 2856 pietas
3314 2796 3533 2855 quoque
3560 2792 3620 2838 ut
3650 2786 3905 2839 omnium

2289 2881 2629 2955 principatus
2650 2882 2941 2946 bonorum,
2965 2881 3035 2934 ita
3058 2879 3220 2936 etiam
3242 2876 3601 2934 seminarium
3630 2877 3905 2933 virtutum

2286 2986 2371 3033 θοι
2394 2986 2735 3032 camerarum.

588 3061 797 3125 noxiis,
846 3063 1104 3131 perfectas
1135 3063 1349 3121 virtutis
1383 3066 1591 3137 ei‘ﬂgie,
1628 3080 1648 3105 τ
1680 3077 1735 3123 et
1761 3068 1995 3138 quodam
2024 3070 2185 3124 inne-
2212 3066 2259 3129 C
2364 3070 2454 3126 55.
2496 3068 2628 3124 Nam
2655 3069 2724 3124 de
2754 3067 3087 3138 parcimonia
3123 3065 3251 3137 quid
3280 3064 3472 3135 loquar
3496 3102 3513 3130 ,
3563 3074 3622 3119 et
3659 3064 3898 3133 quadam

584 3150 824 3205 centium
863 3166 1075 3207 morum
1116 3156 1342 3223 speculo
1376 3157 1633 3213 eluceret.
1669 3159 1893 3215 intravit
1928 3159 2091 3232 Igitur
2129 3163 2183 3218 in

589 3256 815 3312 regnum
843 3243 1133 3311 caelorum,
1161 3249 1415 3316 quoniam
1446 3250 1677 3305 credidit
1709 3252 1803 3308 Dei
1832 3255 2025 3318 verbo;
2051 3271 2184 3326 quo-

586 3335 731 3390 niam
766 3335 905 3390 sicut
939 3351 1073 3406 puer
1100 3347 1271 3395 artem
1310 3341 1507 3411 repulit
1531 3343 1816 3413 adulandi,
1850 3344 2059 3419 injurii-
2088 3347 2187 3403 do-

589 3429 760 3485 lorem
791 3429 1089 3486 clementer
1118 3431 1433 3502 absorbuit,
1460 3451 1621 3507 quant
1654 3435 2036 3496 inclementius
2066 3440 2185 3497 tius

588 3523 789 3581 dicavit
820 3542 833 3579 :
863 3527 1099 3595 querelae
1127 3543 1284 3599 quant
1313 3529 1444 3587 dolo
1470 3531 1800 3602 promptior,
1828 3533 2186 3592 satisfactioni

587 3617 792 3683 facilis.
821 3619 1059 3676 difﬁcilis
1082 3622 1396 3689 ambitioni,
1435 3635 1656 3687 sanctus
1699 3627 1922 3698 pudori;
1967 3640 2025 3684 ut
2073 3629 2183 3685 fre‘

590 3719 821 3783 quenter
849 3713 900 3769 in
932 3728 997 3769 eo
1019 3714 1347 3786 superﬂuam
1382 3719 1553 3789 magis
1584 3721 1964 3779 verecundiam
1993 3722 2185 3794 ιιι-ωαξ-

588 3819 763 3873 cares,
795 3802 1013 3879 d{quam
1043 3812 1406 3867 necessariam
1434 3827 1728 3881 quaereres.

659 3897 751 3953 59.
795 3898 901 3954 Sed
927 3915 1219 3972 numquam
1248 3902 1520 3975 superflua
1545 3903 1892 3962 fundamenta
1932 3906 2182 3976 virtutis;

594 3989 766 4059 pttdur
796 3993 941 4048 enim
971 4010 1075 4049 non
1108 4005 1360 4061 revocat,
1404 3994 1498 4053 sed
1538 3997 1885 4055 commendat
1921 3999 2181 4056 ofilciutn.

590 4084 779 4155 Itaque
821 4087 967 4144 velut
1012 4089 1241 4161 quadam
1285 4092 1534 4162 virginali
1578 4094 1900 4158 verecundia
1946 4093 2185 4153 suffusus

590 4193 684 4233 ora
704 4218 717 4242 ,
749 4193 872 4236 cum
906 4184 1054 4238 vultu
1091 4183 1344 4240 affectum
1381 4185 1668 4256 proderet,
1699 4188 1746 4243 si
1776 4188 1917 4244 forte
1947 4190 2182 4261 aliquam

588 4271 769 4329 subito
796 4275 1019 4332 veniens
1049 4285 1072 4313 °
1099 4276 1413 4335 offendisset
1444 4288 1755 4351 parentem,
1789 4281 1933 4338 velut
1957 4280 2183 4354 depres-

2290 3162 2525 3218 babendi
2568 3162 2856 3218 castitate?
2889 3160 3110 3216 is'enim
3146 3174 3253 3214 non
3291 3158 3485 3229 quierit
3530 3158 3751 3222 aliena,
3803 3160 3898 3228 qui

2289 3271 2382 3312 sna
2413 3264 2591 3311 servat
2619 3272 2632 3309 :
2666 3271 2766 3310 nec
2794 3254 3015 3310 inflatur
3042 3252 3354 3316 immodico,
3378 3252 3466 3322 qui
3489 3261 3791 3307 contentus
3812 3263 3896 3307 est

2290 3353 2532 3423 proprio.
2580 3349 2722 3405 Nihil
2760 3362 2890 3421 ergo
2930 3348 3076 3403 aliud
3111 3347 3209 3402 nisi
3243 3347 3517 3418 proprium
3557 3361 3895 3416 recuperare

2290 3445 2486 3511 voluit;
2522 3443 2693 3516 magis
2737 3459 2805 3503 ne
2851 3442 3230 3508 fraudaretur,
3277 3456 3435 3512 quam
3489 3448 3544 3499 ιιι
3596 3438 3893 3495 ditaretur.

2290 3539 2422 3599 Nam
2449 3554 2543 3594 eos
2569 3540 2659 3609 qui
2683 3538 2860 3594 aliena
2885 3546 3214 3607 quit-rorant,
3239 3544 3389 3591 recte
3405 3534 3700 3603 accipitres
3729 3551 3895 3606 pecu-

2292 3635 2395 3692 niae
2424 3633 2757 3690 nominabat.
2787 3632 2943 3704 Quod
2965 3633 3009 3687 si
3032 3632 3186 3688 radix
3210 3631 3469 3686 maiorum
3492 3628 3740 3683 omnium
3765 3643 3893 3683 an-

2286 3727 2410 3789 ritia
2438 3739 2552 3795 est;
2582 3727 2765 3797 utique
2794 3726 2924 3782 vitia
2949 3724 3118 3789 exuit.
3148 3724 3236 3797 qui
3267 3720 3547 3797 pecuniam
3577 3735 3684 3777 non
3707 3721 3891 3794 requi-

2287 3823 2360 3879 rit
2390 3821 2431 3897 (Ι
2458 3821 2596 3876 Tim.
2625 3836 2701 3886 vt,
2738 3820 2850 3891 l0).

2359 3913 2449 3970 56.
2492 3912 2608 3967 Non
2639 3924 2895 3981 umquam
2933 3907 3367 3966 accttratioribus
3394 3904 3572 3977 epulis
3622 3914 3716 3960 aut
3759 3922 3891 3962 con-

2285 4008 2453 4081 gestis
2478 4006 2700 4063 ferculis
2726 4004 3028 4061 delectatus
3053 4012 3159 4069 est,
3192 4001 3294 4057 nisi
3322 4016 3443 4057 cum
3486 3999 3689 4057 amicos
3724 4014 3882 4074 roga.

2292 4111 2377 4156 ret
2426 4111 2730 4170 :qnantnnt
2776 4108 2983 4152 natura:
3038 4096 3174 4150 satis
3229 4101 3409 4159 esset,
3462 4107 3568 4147 non
3627 4103 3885 4163 quantum

2292 4192 2556 4263 voluptati
2575 4196 2908 4261 superesset,
2928 4189 3232 4259 requirens.
3259 4185 3323 4239 Et
3336 4192 3488 4240 certe
3504 4190 3740 4238 eratnon
3759 4198 3887 4253 pau-

2294 4301 2390 4357 per
2410 4284 2622 4357 opibus,
2645 4280 2738 4339 sed
2764 4292 2942 4337 tatncn
2970 4276 2990 4318 ί
3018 4294 3220 4352 pauper
3242 4277 3457 4353 Spiritu.
3482 4275 3559 4331 De
3586 4275 3733 4330 istius
3760 4275 3885 4332 bea-

591 4404 1183 4489 iinmaturiori'adhnc
1235 4420 1395 4489 aetate
1451 4416 1796 4489 accessisset.
1860 4417 2185 4477 Admonitus
2212 4424 2266 4486 D
2363 4430 2390 4460 α
2420 4420 2680 4477 Snblimls
2720 4419 2923 4475 idcirco
2960 4417 3280 4489 prmfcctura
3307 4414 3531 4489 dicitur,
3559 4416 3886 4489 quiartribu-

592 4496 754 4560 porro
784 4483 1045 4555 naufragii
1091 4484 1434 4560 discrimine,
1468 4487 1611 4557 quod
1642 4500 1925 4554 evaserat,
1954 4491 2021 4545 ad
2053 4492 2183 4560 bap-

591 4554 809 4608 tismum
837 4570 923 4621 ea,
944 4554 1111 4635 quain
1142 4554 1393 4635 vidimus.
1428 4554 1683 4615 cautione
1717 4562 2047 4635 properavit.
2081 4554 2185 4620 Ne-

589 4639 696 4694 qne
717 4627 955 4704 _vero_ad
987 4627 1177 4704 Solitos
1206 4627 1730 4686 catechumenornm
1758 4627 1957 4704 gradus
1998 4634 2187 4690 obser-

592 4697 797 4779 vendes
823 4697 1048 4779 adactus
1073 4699 1589 4779 fuit;_n:im_quo_t_ies
1614 4697 1833 4774 urgeret
1861 4707 2182 4779 periculum,

593 4766 714 4851 illos
751 4771 927 4851 omitti
969 4774 1318 4851 consuevisse
1350 4766 1791 4851 ititeliigimttsex
1825 4766 2018 4832 eorum
2051 4766 2185 4845 bapl

594 4844 884 4916 tismo_,‘qui
905 4845 1119 4899 sontico
1138 4844 1331 4916 morbo
1353 4844 1608 4916 exzigitati
1630 4845 1820 4902 eodem
1844 4844 2185 4904 sacramento

592 4910 962 4968 initiabantur.
994 4915 1149 4993 Quod
1175 4916 1241 4970 ad
1270 4910 1583 4993 ιοίξιιιιιξιιιιίΔ
1608 4920 1806 4975 tinctus
1834 4921 1930 4974 fuit
1957 4918 2183 4993 Satyrus

590 4993 807 5061 noster,
858 4999 980 5061 cum
1029 4987 1351 5061 Ambrosius
1405 4988 1622 5045 silentio
1666 5007 1788 5046 eum
1838 4987 2182 5061 pra-terierit,

595 5055 977 5112 conﬁdentiam
1020 5059 1170 5130 justo
1202 5061 1465 5127 majorem
1499 5062 1791 5131 prmferunt
1824 5055 2022 5118 Decreti
2066 5055 2191 5118 Cori

595 5138 835 5215 Lectores
857 5170 871 5195 ,
905 5132 1102 5215 quippe
1128 5133 1217 5215 qui
1250 5133 1636 5215 abdunbrnsio
1682 5134 1893 5215 narrari
1942 5135 2187 5215 scribunt

594 5197 871 5269 Satyrum,
905 5197 1095 5257 omnin
1124 5197 1426 5258 Sardiniam
1456 5224 1481 5254 η
1523 5204 1766 5278 pulisset,
1797 5205 1863 5258 ad
1901 5222 1954 5261 se
1989 5207 2187 5274 episco-

594 5285 717 5328 num
748 5270 979 5327 Sardum
1006 5274 1318 5328 advocusse.
1350 5283 1453 5328 etc.
1487 5222 1875 5328 Qerumtamen
1906 5276 2007 5328 etsi
2043 5277 2187 5328 Rull-

592 5285 717 5341 pum
748 5270 979 5327 Sardum
1006 5274 1318 5341 advocusse,
1350 5283 1453 5329 etc.
1487 5270 1875 5331 Verumtamen
1906 5270 2188 5333 etsi'linll-

596 5358 694 5396 nus
719 5343 844 5396 dum
874 5343 946 5398 lib
995 5361 1034 5401 ι.
1066 5361 1187 5415 cap.
1220 5348 1309 5405 50.
1336 5346 1528 5401 scribit
1553 5347 1622 5403 de
1649 5348 1996 5404 aniicriano
2020 5351 2196 5404 schis-

597 5425 742 5490 tnate
761 5457 774 5481 ,
806 5414 940 5490 quod
974 5415 1088 5473 licet
1113 5433 1203 5490 per
1226 5434 1424 5490 paucos
1452 5417 1623 5490 adhuc
1652 5420 1866 5474 volvitur
1885 5461 1900 5487 ,
1928 5420 2196 5490 quodam-

604 5436 742 5468 Illille
761 5457 774 5481 ,
806 5436 939 5485 quau
974 5436 1088 5473 ιισει
1113 5436 1203 5490 ρετ
1269 5436 1424 5471 aucos
1452 5436 1623 5472 aanuc
1652 5436 1866 5474 vowttur
1885 5461 1900 5487 ,
1928 5436 2196 5490 quodam-

604 5486 764 5563 modo
802 5486 1049 5563 videatur
1080 5490 1186 5545 illis
1217 5436 1435 5554 iiivere;
1467 5488 1599 5545 nihil
1642 5502 1818 5545 tamen
1848 5494 2029 5558 vctatj,
2062 5504 2197 5563 quo-

603 5562 786 5616 minus
837 5560 966 5615 iiiud
1018 5577 1123 5621 non
1174 5574 1381 5616 tantum
1431 5578 1601 5623 usque
1652 5567 1707 5619 in
1764 5565 2039 5633 Siciliam,
2079 5560 2194 5619 Fsed

606 5634 766 5709 etiam
811 5646 981 5703 usque
1021 5633 1087 5691 ad
1132 5632 1424 5693 viciniores
1464 5633 1661 5701 Africze
1693 5650 1817 5699 oras
1847 5648 2072 5706 serpere
2103 5649 2199 5709 p0.-

596 5704 775 5761 iuerit.
897 5732 901 5741 ι
1026 5714 1029 5719 ‘
1286 5710 1345 5716 "
1470 5713 1476 5719 ’

2296 4494 2382 4549 nal
2429 4501 2548 4549 erat
2597 4490 2835 4561 prazfecti
2879 4485 3165 4558 praetorio,
3197 4487 3350 4561 cuius
3387 4485 3622 4561 dignitas
3645 4488 3880 4561 aliarum

2296 4567 2538 4620 omnium
2571 4559 2707 4635 apex
2742 4562 3060 4617 habebatur.
3095 4560 3176 4616 Ad
3209 4559 3829 4635 ltunc_prnvocatio_erat
3854 4576 3883 4635 ῃ

2298 4628 3070 4706 pr:rsidibusprovinciarum
3107 4649 3121 4686 :
3151 4641 3204 4686 et
3235 4631 3287 4685 in
3321 4630 3438 4700 ejus
3480 4628 3598 4706 foro
3642 4630 3879 4706 advocati

2294 4700 2535 4771 centum,
2569 4700 2759 4760 saltem
2794 4705 2847 4758 in
2879 4705 3129 4771 Oriente,
3158 4714 3354 4771 causas
3383 4700 3639 4770 agebant,
3667 4704 3752 4769 qui
3776 4703 3883 4756 cla-

2296 4776 2497 4833 rissinti
2524 4766 2584 4833 et
2606 4766 3291 4847 speetabilcskdicti,’_va_ria
3322 4766 3883 4847 donabantnr‘immu-

2295 4850 2487 4974 altato,
2524 4857 2581 4903 ιιι
2603 4842 2763 4974 dat-et
2783 4845 2892 4903 Jul.
2918 4844 3102 4901 Caesar
3123 4843 3344 4921 Buleng.
3377 4842 3468 4897 lib.
3495 4858 3550 4899 ιιι
3572 4843 3640 4897 de
3663 4842 3878 4915 Imperio

2342 4938 2450 4974 (illi.
2493 4935 2609 4974 Ciln.
2685 4960 2696 4973 .

2290 4921 2450 4976 Rom.
2493 4935 2609 4976 can.
2643 4921 2696 4974 4.

2364 4935 2843 5060 glibttci'dlt‘titi'inssq
2875 5004 2977 5042 non
3011 4984 3297 5060 fragilitate
3321 4985 3546 5060 quadam
3565 5000 3681 5060 nos,
3703 4994 3805 5041 etc.

2367 5073 2389 5102 ο
2422 5057 2678 5119 Nonnulli
2728 5072 2885 5126 mss.,
2940 5057 3263 5131 et’quadam
3311 5058 3664 5112 innocentium
3692 5072 3880 5112 morum

2292 5135 2586 5261 mugiunt
2621 5217 2777 5266 mss.,
2804 5216 2957 5273 quam
2987 5200 3325 5273 necessarium
3355 5197 3607 5273 crederes.

2372 5285 2395 5314 ε
2428 5274 2552 5333 Iden
2579 5268 2826 5350 parentis,
2859 5273 2909 5326 id
2940 5282 3045 5333 est,
3081 5274 3268 5325 tnatris
3296 5268 3547 5350 familias,
3579 5285 3681 5325 non
3704 5278 3873 5350 autem

2303 5348 2527 5418 virginis
2555 5338 2816 5418 dei-ursus
2848 5354 3196 5418 memoratur,
3229 5341 3368 5418 quod
3401 5338 3487 5396 Itis
3516 5356 3641 5395 raro
3667 5357 3727 5395 ex
3756 5342 3877 5418 nidi-

2303 5413 2408 5474 bns
2426 5428 2712 5489 parentum
2737 5415 2792 5469 in
2826 5415 3098 5489 publicum
3125 5413 3490 5489 prodiredtec
3515 5428 3755 5485 tnnquam
3778 5414 3877 5469 ιιι-ι

2305 5485 2478 5543 velata
2518 5486 2688 5553 facie,
2720 5485 3133 5540 concederetur.
3164 5486 3377 5549 Quanto
3406 5485 3586 5538 minus
3613 5498 3873 5540 sermones

2303 5563 2358 5618 in
2385 5559 2636 5630 compitis
2666 5571 2883 5617 necnerc
2912 5572 3034 5630 eum
3065 5554 3539 5630 adolescentibus;

2382 5632 2399 5672 ῐ
2445 5625 2647 5707 Pauper
2675 5631 2895 5707 spiritu;
2934 5626 3019 5683 his
3068 5628 3249 5707 verbis
3277 5625 3495 5681 additur
3522 5625 3575 5684 in
3613 5636 3720 5681 ant.
3750 5628 3864 5683 edit.

2307 5720 2372 5773 ac
2398 5720 2529 5764 mss.
2558 5699 2668 5771 non
2696 5699 2885 5780 paucis
2900 5741 2917 5771 ,
2945 5700 3189 5765 quoniam
3217 5699 3448 5756 imorum
3467 5707 3542 5780 est
3563 5714 3760 5772 regnum
3780 5716 3867 5780 rui-
