4092 6190
159 258 302 316 3J9

1069 258 1158 314 DF.
1200 257 1514 314 EXCESSU
1558 253 1860 313 FRA'I’RIS
1897 253 2007 315 SUi
2048 255 2299 313 SATYRI
2342 254 2470 310 LIB.
2515 254 2556 309 l.

3350 257 3487 311 1510

118 373 412 430 titudine
461 373 672 447 (Matth.
722 390 774 442 v,
826 375 885 446 ὅ)
934 388 1278 444 nequaquam
1312 374 1499 441 utique
1529 371 1780 428 dubitare
1806 375 1979 436 Asuo
2029 373 2208 428 dolum
2251 388 2271 426 :
2309 373 2420 429 Acca
2470 384 2544 429 est
2596 375 2854 448 generatio
2902 373 3269 444 requirentium
3324 372 3484 427 Deum

118 468 444 524 debemus
464 510 479 534 ,
509 469 600 540 qui
629 485 802 540 neque
830 479 890 524 at
916 469 1145 539 opuictts
1169 507 1184 532 ,
1233 467 1531 523 exsultavit
1561 467 1613 522 in
1644 467 1779 522 divi-

124 560 241 616 tiis
287 580 306 618 :
351 577 532 634 neque
567 573 624 618 ut
653 578 886 634 pauper,
918 562 1174 632 exiguum
1203 559 1348 631 quod
1378 559 1598 628 habuit,
1629 559 1778 631 judi-

122 655 344 709 cavis.

217 748 334 803 57.
381 747 646 818 Superest
674 757 731 802 ut
761 745 829 802 ad
858 745 1263 803 conclusionem
1287 744 1649 801 cardinatium
1673 745 1774 799 vir-

126 847 386 905 tutum,
420 842 582 897 etiam
609 841 834 912 justitiat
866 850 1049 912 partes
1079 840 1131 894 in
1165 855 1232 896 co
1259 839 1552 895 debeamus
1580 839 1779 895 adver-

132 944 306 990 tere.
334 935 472 990 Nam
497 935 597 990 etsi
617 945 864 1005 cognata
885 933 996 990 sint
1018 935 1160 990 inter
1176 948 1257 1001 se,
1281 944 1658 1004 concretisque
1678 933 1782 988 virs

131 1037 313 1083 tutus
336 1045 355 1094 ;
383 1037 564 1084 tamen
585 1029 922 1099 singularum
943 1027 1190 1096 quasdam
1217 1034 1244 1064 ⁸
1272 1025 1443 1080 forma
1466 1026 1781 1095 expressior

131 1121 559 1187 desideratur,
593 1120 938 1191 maximeque
961 1119 1205 1190 justitize.
1239 1118 1313 1173 Ea
1350 1118 1494 1174 enim
1524 1117 1626 1172 sibi
1658 1132 1780 1186 pan-

130 1215 280 1270 cior
321 1213 462 1268 foris
491 1223 601 1270 tota
630 1225 751 1278 est,
780 1222 837 1268 et
865 1211 1124 1284 quidquid
1159 1211 1320 1265 habet
1347 1209 1578 1282 quadam
1611 1210 1780 1266 incle-

135 1307 378 1362 utentia
402 1307 508 1371 sui,
528 1306 660 1363 dum
681 1308 894 1376 rapitur
911 1320 1102 1361 amore
1122 1304 1418 1373 communi,
1447 1302 1779 1360 transfundit

138 1403 201 1455 itt
242 1401 563 1476 proximos.

225 1496 335 1549 58.
383 1493 489 1550 Sed
531 1494 692 1565 hujus
738 1493 1023 1563 multiplex
1070 1505 1154 1549 est
1200 1495 1435 1566 species.
1483 1493 1598 1548 Alia
1649 1508 1780 1565 erga

141 1588 534 1656 prapinquos,
565 1589 671 1642 alia
705 1604 832 1659 erga
864 1589 1180 1656 universos,
1229 1589 1334 1646 alia
1373 1604 1501 1660 erga
1529 1589 1625 1645 Dei
1665 1591 1781 1645 cul-

145 1689 304 1745 tum,
342 1679 432 1734 vel
458 1679 838 1749 adiumentum
864 1681 1107 1750 inopum.
1145 1680 1330 1750 Itaque
1369 1681 1546 1751 qualis
1572 1680 1624 1735 in
1656 1682 1778 1736 uni-

1881 463 2062 528 (Psal.
2096 479 2254 529 xxttt,
2285 468 2339 532 ι,
2384 465 2463 539 6).
2513 466 2607 522 llic
2640 482 2768 536 ergo
2811 474 2866 520 et
2909 466 2960 519 in
3002 475 3241 519 montem
3276 465 3490 519 Domini

1882 557 2163 622 ascendet,
2213 568 2268 613 et
2317 559 2370 613 in
2421 559 2774 614 tabernaculo
2803 557 3222 621 ltabitabitDei;
3256 558 3379 627 quia
3409 558 3491 610 itt-

1882 667 2089 725 gressus
2113 653 2225 706 sine
2253 654 2484 718 macula,
2515 661 2754 725 operatus
2781 664 2854 706 est
2869 652 3153 725 justitiam,
3185 652 3387 704 locutus
3415 660 3490 704 est

1882 747 2178 811 veritatem,
2219 761 2320 801 tum
2355 745 2550 818 decepit
2576 748 2866 818 proximum
2911 743 3091 817 (Psal.
3145 760 3254 808 xiv,
3293 744 3348 808 9,
3393 745 3486 812 ὄ)ε

1882 854 1984 900 nec
2022 839 2306 909 pecuniam
2344 840 2619 896 leneratus
2649 851 2733 895 est
2763 855 2952 906 suam,
2999 839 3089 908 qui
3137 851 3353 907 semper
3395 851 3490 890 vo-

1881 929 1980 984 luit
2027 943 2352 1000 recuperare
2405 931 2828 987 ltmreditariam.
2877 930 3130 1001 Agnosco
3169 931 3483 996 oraculum;

1880 1023 2028 1093 quod
2059 1027 2202 1078 enim
2236 1032 2261 1062 ο
2293 1025 2436 1080 nulla
2469 1026 2744 1081 ordinavit
2779 1025 3102 1096 dispositio,
3135 1023 3371 1095 Spiritus
3402 1038 3490 1078 re-

1870 1121 2100 1174 velavit.

1951 1213 2042 1270 iii.
2085 1214 2224 1280 Quid
2253 1227 2383 1269 vero
2410 1214 2540 1271 illud
2569 1228 2886 1271 recenseam
2907 1255 2922 1280 ,
2953 1213 3097 1284 quod
3121 1227 3283 1283 supra
3315 1212 3485 1282 ipsam

1875 1307 2141 1378 justitiam
2175 1308 2374 1378 pietate
2406 1323 2762 1378 progressus;
2793 1323 2917 1362 cum
2948 1307 3196 1378 qua-dam
3227 1304 3246 1343 τ
3276 1307 3493 1361 incuba-

1883 1401 1983 1454 tori
2015 1401 2386 1456 communium
2437 1400 2708 1455 fructuum
2745 1401 2849 1455 mei
2881 1399 3344 1468 contemplatione
3371 1413 3491 1452 mtt-

1883 1493 2035 1548 neris
2063 1500 2308 1563 putasset
2338 1507 2464 1549 esse
2495 1492 2778 1547 tribuendo
2797 1532 2812 1558 ,
2844 1491 3104 1561 largitatis
3142 1503 3227 1544 me
3252 1488 3493 1560 iactabat

1880 1601 2160 1647 auctorem
2186 1633 2199 1655 ,
2236 1590 2504 1660 portionis
2545 1604 2658 1644 stne
2689 1589 2898 1644 lucrum
2930 1588 2995 1642 ad
3028 1601 3318 1642 commune
3361 1601 3488 1641 con-

1882 1683 2112 1738 sortium
2144 1682 2481 1736 conferebat.

144 1786 367 1828 versos
395 1772 576 1838 fuerit,
608 1773 1044 1843 provincialium,
1067 1771 1264 1843 quibus
1287 1773 1521 1844 pnel‘uit,
1543 1772 1572 1811 ι)
1599 1774 1778 1828 studia
1809 1765 1858 1826 Β
1953 1772 2042 1827 63.
2090 1773 2213 1827 ll:cc
2245 1783 2300 1826 et
2337 1773 2463 1835 alia,
2492 1787 2612 1840 quae
2644 1770 2774 1825 mihi
2809 1779 2936 1825 tunc
2965 1779 2990 1817 8
3020 1779 3176 1826 erant
3203 1769 3488 1840 voluptati,

146 1865 374 1922 docent
405 1883 419 1920 :
451 1866 542 1936 qui
576 1874 855 1935 parentem
885 1866 1058 1934 magis
1090 1865 1256 1921 fuisse
1285 1864 1586 1935 proprium,
1617 1879 1777 1935 quam

140 1959 409 2028 judicem
440 1956 805 2028 loquebantur
836 1975 848 2010 :
877 1967 1088 2029 gratum
1123 1960 1224 2028 piae
1252 1958 1673 2014 necessitudinis
1693 1973 1780 2013 ar-

150 2051 400 2115 bitrum,
430 2059 769 2105 constantem
805 2051 942 2120 aequi
971 2049 1108 2120 juris
1132 2050 1578 2122 disceptatorem.

233 2141 338 2198 δι).
383 2141 531 2197 inter
561 2140 758 2196 fratres
775 2151 958 2197 autem
989 2142 1164 2212 qualis
1195 2143 1374 2208 fuerit,
1407 2143 1532 2198 licet
1567 2143 1781 2216 1130

156 2247 345 2288 omne
377 2231 658 2286 hominum
671 2247 859 2307 genus
889 2232 1268 2290 benevolentia
1295 2234 1776 2303 complecteretur,

157 2323 474 2379 indivisum
509 2324 893 2393 patrimonium
933 2326 1094 2381 docet
1125 2345 1140 2381 :
1174 2336 1197 2366 ο
1231 2341 1333 2382 nec
1362 2326 1647 2382 distributa
1685 2335 1778 2381 aut

158 2416 442 2481 delibata,
475 2417 568 2470 scd
600 2428 874 2474 reservata
907 2419 1213 2475 Ittereditas.
1264 2419 1474 2474 Etenim
1519 2417 1775 2491 pietatem

162 2510 277 2565 sibi
311 2524 535 2564 causam
573 2523 697 2566 esse
723 2511 941 2582 negavit
970 2511 1224 2566 testandi.
1267 2511 1399 2566 Nam
1432 2512 1532 2567 ltoc
1563 2527 1778 2584 quoque

164 2603 376 2658 ultimo
399 2616 653 2659 sermone
679 2603 948 2674 signavit,
978 2619 1102 2660 cum
1133 2621 1270 2676 quos
1299 2605 1563 2661 dilexerat
1584 2647 1599 2674 ,
1627 2622 1778 2662 cont-

167 2694 465 2750 tuendarct
486 2710 501 2761 ;
523 2695 625 2750 sibi
659 2709 760 2751 nec
782 2695 967 2750 uxoris
988 2696 1272 2751 arbitrium
1297 2696 1466 2753 fuisse
1490 2697 1775 2765 ducendae,

167 2803 243 2844 ne
272 2803 306 2842 a
343 2787 600 2843 lratribus
628 2788 1022 2845 divelleretur:
1055 2805 1156 2846 nec
1189 2795 1497 2847 testamenti
1544 2793 1776 2850 faciendi

176 2881 546 2946 voluntatem,
579 2893 650 2937 ne
679 2891 921 2938 nostrum
968 2887 1020 2939 in
1061 2885 1244 2956 aliquo
1285 2887 1568 2943 arbitrium
1616 2889 1779 2944 laede-

169 2982 352 3030 retur.
390 2973 629 3046 Denique
653 2982 708 3032 et
737 2985 926 3032 oratus
955 2986 1009 3032 et
1031 2977 1348 3034 obsecratus
1373 2993 1401 3033 a
1429 2980 1608 3049 nobis,
1643 2981 1774 3037 niltil

170 3077 362 3122 tamen
395 3066 736 3123 condendam
770 3070 980 3140 putavit
1017 3085 1032 3124 :
1061 3085 1170 3126 non
1198 3071 1400 3128 oblitus
1433 3083 1610 3130 tamen
1646 3089 1776 3146 pau-

1885 1866 2119 1921 tnattituc
2173 1879 2321 1920 nunc
2384 1863 2818 1919 recordationem
2878 1862 3088 1917 doloris
3140 1871 3486 1931 erasiterant.

1882 1959 2105 2014 Manent
2130 1965 2334 2024 tamen,
2361 1967 2632 2026 eruntque
2662 1970 2902 2026 semper,
2936 1971 3036 2011 nec
3061 1970 3315 2025 umquam
3345 1956 3492 2010 velut

1884 2053 2072 2106 umbra
2108 2057 2434 2121 pratercunt
2460 2092 2473 2113 ,
2518 2065 2690 2120 neque
2720 2050 2864 2104 enim
2901 2050 3115 2104 virtutis
3154 2050 3323 2118 gratia
3367 2057 3489 2103 cum

1881 2155 2113 2212 corpore
2163 2142 2394 2207 occidit,
2453 2153 2552 2196 nec
2600 2141 2742 2196 ideut
2796 2149 3004 2196 naturae
3063 2143 3490 2212 meritorumque

1883 2235 2038 2303 linis;
2070 2235 2198 2290 licet
2229 2237 2396 2306 ipsius
2429 2245 2633 2290 natura:
2663 2251 2794 2290 usus
2821 2249 2930 2289 ttott
2963 2235 3015 2289 itt
3050 2245 3312 2289 aeternum
3344 2236 3490 2290 occi-

1880 2327 1994 2392 dat,
2022 2326 2116 2381 sed
2147 2326 2428 2398 temporali
2458 2326 2688 2397 quadam
2727 2327 3010 2380 vacatione
3047 2326 3373 2395 requiescat.

1951 2418 2040 2474 64.
2086 2418 2308 2474 Talibus
2332 2419 2498 2488 igitur
2521 2417 2859 2489 perittnctttttt
2891 2418 3209 2483 virtutibus,
3236 2427 3484 2488 ereptum

1881 2512 2134 2583 periculis
2181 2511 2454 2566 desiderio
2512 2514 2684 2582 magis
2737 2525 2896 2580 quam
2957 2511 3256 2566 amissione
3319 2509 3481 2565 ﬂebo.

1881 2605 2086 2662 Suadet
2110 2607 2255 2660 enitn
2285 2607 2398 2676 ipsa
2428 2606 2809 2676 opportunitas
2831 2606 3044 2672 mortis,
3078 2616 3132 2659 ut
3161 2617 3487 2674 prosequen.

1880 2699 2005 2754 dum
2029 2698 2201 2769 magis
2222 2699 2415 2768 gratia,
2442 2713 2602 2766 quant
2627 2697 2920 2752 dolendum
2956 2697 3164 2770 1131
3198 2709 3479 2767 putemus;

1880 2794 2139 2863 scriptum
2172 2800 2255 2847 est
2295 2791 2440 2845 enim
2474 2793 2524 2845 in
2555 2793 2830 2845 communi
2862 2790 3051 2845 dolore
3080 2793 3352 2860 proprium
3389 2806 3484 2844 va-

1879 2899 2005 2940 care
2033 2884 2235 2939 debere
2266 2879 2356 2954 (ιν
2397 2881 2555 2938 Esdr.
2610 2898 2664 2948 x,
2720 2885 2779 2937 tl
2836 2891 2882 2936 et
2925 2882 3078 2952 δρψ).
3119 2881 3305 2952 Neque
3333 2884 3478 2937 enim

1882 2980 2200 3051 prophetico
2251 2994 2500 3034 sermone
2551 2980 2639 3033 utti
2694 2979 2767 3034 illi
2821 2979 3068 3046 mulieri,
3116 2995 3237 3051 qua:
3284 2981 3482 3052 ﬁgura-

1883 3083 2005 3139 tur,
2060 3072 2155 3128 sed
2206 3071 2434 3141 singulis
2482 3071 2716 3138 dicitur,
2775 3087 2897 3128 cum
2965 3073 3220 3129 Ecclesia:
3271 3073 3476 3130 dictum

171 3175 412 3231 perum,
464 3162 558 3218 sed
610 3172 818 3218 tantum
869 3165 1168 3220 obsecrans
1215 3179 1338 3223 esse
1388 3165 1769 3236 tribuendum,
1799 3153 1844 3214 Ο
1879 3149 2108 3224 videtur.

169 3264 440 3327 quantum
474 3254 629 3309 nobis
652 3255 854 3326 justum
883 3257 1178 3313 videretur.

247 3348 344 3404 60.
386 3347 505 3413 Quo
533 3361 642 3402 uno
664 3348 800 3403 satis
820 3357 877 3403 et
903 3348 1069 3404 divini
1103 3351 1314 3406 timoris
1339 3354 1604 3422 expressit
1637 3354 1774 3408 iudi-

177 3441 346 3506 cium,
378 3449 433 3495 et
460 3439 708 3495 humana:
746 3440 919 3496 edidit
956 3441 1236 3511 religionis
1279 3447 1609 3516 exemplum.
1640 3445 1772 3503 Nam

175 3533 322 3605 quod
352 3533 684 3602 pauperibus
713 3535 977 3602 contulit,
1009 3536 1120 3590 Deo
1149 3535 1377 3605 detulit;
1409 3541 1663 3610 quoniam
1687 3543 1775 3610 qui

178 3626 399 3698 largitur
425 3627 673 3697 pauperi,
711 3625 818 3681 Deo
839 3628 1034 3697 fenerat
1055 3627 1238 3699 (Prov.
1265 3646 1377 3693 xix,
1412 3632 1502 3704 i7)
1527 3649 1540 3686 :
1567 3640 1622 3687 et
1650 3648 1774 3703 pos-

179 3719 404 3772 tulando
443 3719 584 3788 quod
611 3720 815 3788 justum
847 3729 963 3787 est,
998 3734 1104 3776 non
1145 3725 1431 3794 exiguum,
1465 3725 1560 3780 sed
1601 3735 1770 3782 tutum

179 3811 420 3880 reliquit.
449 3811 572 3865 lltcc
598 3812 740 3866 enim
768 3820 852 3866 est
874 3825 1083 3868 summa
1111 3814 1358 3883 justitizc,
1391 3815 1627 3871 vendere
1649 3831 1773 3885 qua:

184 3903 414 3968 habeas,
456 3911 512 3958 et
551 3902 802 3960 conferre
830 3907 1174 3976 pauperibus.
1207 3908 1306 3973 Qui
1335 3910 1480 3963 enim
1511 3909 1770 3982 dispersit,

183 3997 322 4052 dedit
369 3998 677 4070 pauperibus
705 4039 719 4063 ,
759 4000 968 4070 justitia
1013 4002 1126 4072 ejus
1181 4009 1353 4056 manet
1407 4002 1461 4055 in
1524 4012 1775 4057 wternnm

184 4087 358 4158 (Psal.-
387 4101 474 4144 cxi
494 4127 507 4153 ,
539 4089 618 4160 9).
645 4085 790 4160 Ergo
809 4089 1214 4160 dispensatores
1243 4106 1340 4146 nos
1363 4131 1376 4157 ,
1403 4107 1511 4148 non
1530 4092 1776 4152 haeredes

186 4177 426 4249 reliquit;
457 4193 581 4234 nam
610 4179 901 4236 haereditas
925 4182 1228 4237 successori
1251 4184 1534 4253 quatitur,
1560 4185 1774 4257 dispono

187 4268 320 4324 satio
346 4270 670 4340 pauperibus
695 4271 983 4342 obligatur.

256 4361 340 4417 6t.
384 4361 538 4419 Unde
589 4378 698 4419 non
754 4364 1029 4422 immerito
1071 4377 1306 4438 quantus
1360 4367 1555 4437 fuerit,
1611 4368 1775 4428 hodie

187 4467 391 4524 quoque
411 4469 508 4526 per
526 4471 714 4513 vocem
737 4455 764 4495 ά
792 4457 1013 4516 lectoris
1037 4461 1268 4532 parvuli,
1295 4461 1530 4533 Spiritus
1552 4475 1774 4522 sanctus

1950 3263 2038 3319 65.
2076 3263 2285 3322 Dicitur
2313 3281 2444 3338 ergo
2476 3277 2528 3322 et
2555 3265 2622 3321 ad
2653 3283 2740 3322 me
2762 3310 2776 3334 ,
2803 3274 2857 3323 et
2883 3265 3014 3323 dicit
3055 3265 3333 3338 Scriptura
3369 3281 3480 3322 cm-

1879 3353 2028 3412 lostis
2057 3377 2072 3413 :
2105 3359 2338 3416 iloccinc
2363 3360 2552 3425 doces,
2575 3356 2602 3395 ιι
2632 3360 2710 3413 sic
2739 3358 2979 3413 instituis
3007 3359 3098 3414 Dei
3123 3359 3477 3430 plebem?An

1881 3452 2058 3508 nescis
2099 3454 2221 3523 quia
2255 3453 2563 3524 exemplum
2607 3461 2756 3509 tuum
2807 3451 3108 3522 periculum
3151 3464 3476 3508 caeterornnt

1877 3545 1996 3602 est?
2025 3545 2137 3602 Nisi
2167 3545 2306 3603 forte
2333 3548 2647 3602 exauditam
2690 3561 2793 3601 non
2827 3559 2948 3600 esse
2980 3556 3030 3600 te
3065 3546 3330 3615 quereris.
3363 3545 3480 3600 Pri-

1879 3655 2023 3694 mum
2058 3641 2199 3696 istud
2231 3640 2537 3710 arrogantis
2562 3649 2641 3695 est
2665 3639 3034 3710 itnpttdcutlzc,
3071 3641 3264 3693 mereri
3299 3640 3475 3694 solum

1879 3731 2039 3796 velle,
2071 3731 2215 3800 quod
2263 3733 2445 3787 multis
2481 3732 2641 3786 etiam
2676 3730 2878 3786 sanctis
2926 3741 3178 3800 negatum
3229 3730 3476 3796 noveris;

1877 3839 1998 3878 cum
2046 3825 2206 3887 scias,
2249 3823 2368 3892 quia
2397 3839 2497 3877 non
2543 3829 2617 3876 est
2667 3835 3006 3893 personarum
3055 3831 3295 3890 acceptor
3338 3819 3479 3876 Deus

1879 3913 2017 3986 (Act.
2068 3927 2125 3979 ι,
2175 3913 2290 3984 54).
2325 3913 2456 3968 Nam
2498 3913 2598 3968 etsi
2653 3913 2966 3968 misericors
3015 3912 3176 3975 Deus,
3209 3920 3388 3965 tamen
3434 3913 3477 3966 si

1879 4019 2094 4075 semper
2114 4004 2394 4061 exaudiret
2424 4017 2636 4070 omnes,
2675 4021 2780 4058 non
2807 4004 2915 4072 jam
2947 4019 3012 4058 ex
3037 4003 3313 4058 voluntate
3344 4001 3478 4058 libe-

1879 4113 1959 4162 ra,
1989 4100 2083 4156 sed
2130 4109 2194 4155 ex
2232 4099 2463 4170 qnadatu
2509 4099 2656 4154 velut
2700 4099 3023 4152 necessitate
3055 4097 3232 4150 facere
3265 4095 3478 4152 vidch-

1879 4202 1984 4246 tur.
2022 4187 2230 4246 Deindc
2254 4203 2374 4245 cum
2405 4203 2594 4246 omnes
2624 4197 2834 4260 tegent,
2863 4187 2908 4243 si
2944 4187 3234 4243 exaudiret
3265 4203 3477 4253 omnes,

1879 4299 2039 4339 nemo
2070 4289 2399 4339 moreretur.
2449 4283 2549 4337 Pro
2577 4282 2791 4353 quantis
2837 4295 2968 4351 ergo
3003 4277 3247 4351 quotidie
3279 4293 3436 4349 rogas
3463 4281 3478 4334 l

1877 4376 2150 4446 Numquid
2201 4377 2520 4432 constitutio
2581 4374 2671 4430 Dei
2733 4375 3199 4443 contemplatione
3263 4372 3479 4426 solven-

1878 4467 1944 4523 da
1993 4477 2078 4524 est
2133 4470 2251 4524 tui?
2291 4467 2406 4525 Cur
2450 4482 2584 4538 ergo
2631 4481 2736 4521 non
2790 4467 3137 4537 impetratum
3189 4463 3480 4545 aliquando

188 4549 450 4616 "9'0""
483 4565 496 4601 τ
532 4546 788 4606 “mum
827 4553 1099 4619 ’κοπίδων
1143 4564 1192 4608 σε
1229 4554 1424 4610 πυθιάο
1457 4557 1642 4626 corde,
1687 4561 1775 4628 qui
1798 4543 1852 4602 Ῑ)
1877 4561 2067 4630 doles,
2109 4562 2253 4633 quod
2303 4577 2408 4618 non
2451 4577 2670 4630 semper
2708 4559 3053 4632 impetrabile
3092 4574 3212 4614 esse
3251 4543 3480 4628 cognos-

86 4645 93 4651 '
192 4651 286 4693 non
313 4643 503 4713 accepit
529 4642 584 4696 in
611 4657 800 4698 renutu
823 4645 1050 4699 animant
1076 4661 1245 4715 suam,
1272 4663 1364 4704 nec
1391 4653 1512 4723 fecit
1535 4655 1772 4725 proximo

193 4781 379 4858 lorum;
410 4782 503 4858 sed
534 4776 622 4835 illa
653 4781 703 4836 in
739 4777 1068 4858 Romacdit.
1119 4799 1362 4858 resecuta
1398 4799 1526 4845 sunt
1549 4833 1563 4858 ,
1614 4801 1668 4846 et
1719 4792 1773 4848 in

195 4851 365 4904 multis
409 4854 571 4906 etiam
623 4865 755 4906 mss.
806 4854 1208 4912 desiderantur.
1260 4857 1328 4914 Et
1378 4876 1510 4915 sane
1550 4851 1773 4916 arts-uta.

194 4932 418 4976 mentum
462 4923 749 4990 scriptoris
799 4927 1087 5003 cujusdam
1129 4929 1290 4985 nobis
1340 4933 1586 4993 videtur.
1629 4931 1772 5003 quod

195 5006 293 5114 pun
322 5003 441 5114 apte
469 5009 590 5047 cum
623 4993 1080 5053 antecedentibus
1107 5012 1160 5054 ct
1190 4993 1661 5073 cvnsequentibus'
1681 5021 1774 5058 co-

213 5077 327 5114 ntere
354 5105 366 5114 .

213 5073 366 5118 iteret.

261 5145 282 5167 υ
323 5134 390 5190 Ita
421 5141 528 5188 vet.
564 5135 793 5208 cdit._ac
825 5139 1008 5208 plures
1039 5153 1212 5204 mss.;
1242 5140 1402 5196 Rom.
1434 5151 1614 5196 autem
1634 5141 1771 5202 edit.

194 5219 307 5282 cum
327 5221 471 5282 loss.
493 5205 801 5282 nonnullis,
827 5205 1002 5280 'forma
1045 5219 1094 5282 et
1123 5214 1381 5282 expressio
1425 5213 1771 5270 desideratur.

260 5273 285 5312 ⁵
323 5276 523 5341 Studia,
561 5277 615 5331 id
644 5288 748 5340 est,
781 5273 935 5334 ia'vor
959 5296 1021 5336 ac
1053 5273 1458 5338 benevolentia.
1485 5285 1615 5338 Nam
1644 5287 1776 5339 alio-

195 5347 274 5424 qui
303 5352 426 5424 satis
456 5349 714 5424 usitatum
739 5361 876 5424 erat,
908 5353 1258 5424 utdefuttctis
1287 5355 1580 5424 proviuciw
1604 5357 1776 5411 adtul-

199 5419 498 5492 nistratioue
517 5420 790 5488 praefectis
807 5422 1160 5477 detraherent
1181 5419 1544 5492 proirincialcs
1566 5441 1580 5492 ;
1610 5428 1774 5484 immo

197 5504 323 5558 saepe
351 5489 511 5544 etiam
545 5505 640 5544 eos
669 5501 996 5548 accusarent
1022 5489 1463 5559 repetundarum.

266 5570 284 5598 ο
323 5560 441 5632 Mss.
489 5575 595 5616 non
638 5565 824 5632 pauci,
869 5579 962 5617 nec
1003 5562 1276 5618 distributa
1314 5580 1402 5624 aut
1447 5565 1772 5628 deliberata:

202 5631 461 5703 legendum
487 5631 714 5690 tortc.’...
741 5644 829 5690 aut
853 5633 1124 5703 delibrato,
1154 5633 1255 5692 hoc
1284 5651 1389 5710 εει,
1414 5643 1694 5698 imminuta
1717 5653 1772 5702 ct

202 5705 520 5760 tlecnrticata.

199 5714 440 5762 decorttca
449 5714 520 5762 ta.

261 5775 284 5844 ἀ
318 5776 528 5854 Veteris
555 5777 674 5858 ejus
701 5775 1133 5860 consuetudinis,
1184 5796 1288 5860 qua
1335 5784 1488 5875 pueri
1529 5784 1596 5844 ad
1644 5785 1766 5866 om.

1880 4655 1995 4711 cis?

1882 4792 2028 4866 ciunt
2056 4793 2278 4852 lectoris
2309 4795 2762 4858 assumebantur,
2799 4809 2910 4866 jam
2954 4789 3335 4846 admonuimus
3372 4804 3478 4843 non

1883 4881 1990 4919 uno
2020 4865 2158 4921 loco.

1957 4945 1980 5008 εξ
2022 4937 2148 4993 Mss.
2182 4938 2408 5008 aliquot,
2436 4937 2578 4992 nulla
2605 4935 2864 4992 ordinavit
2884 4935 3218 5008 dispensatio.

1959 5005 1976 5043 ί
2020 5002 2402 5064 incultatot'ent
2431 5010 2518 5063 hic
2555 5023 2679 5063 eunt
2723 5009 2826 5062 dici
2851 5049 2864 5066 ,
2900 5002 2988 5074 qui
3024 5005 3269 5073 praesidia
3298 5002 3481 5073 Satyri

1881 5088 2042 5148 atque
2065 5081 2338 5136 Ambrosii
2361 5080 2678 5147 orettpabat.
2699 5080 2953 5132 observat
2975 5076 3249 5140 Nannius;
3273 5076 3480 5148 additis

1884 5146 2100 5227 insuper
2148 5152 2454 5227 Dionysium
2486 5146 2686 5207 Sicula:
2723 5150 3094 5204 iucubatorem
3130 5149 3265 5199 aula:
3298 5162 3327 5199 a
3369 5146 3478 5201 Ma-

1877 5221 2068 5274 crobio
2096 5221 2410 5278 vocttaium.

1952 5300 1977 5338 8
2016 5292 2219 5349 Omnes
2245 5295 2404 5358 cdit.,
2429 5303 2574 5348 erant
2601 5291 2852 5361 voluptati
2876 5293 3136 5351 maximae,
3166 5305 3480 5361 cum_rccor-

1879 5362 2085 5417 datione
2114 5365 2309 5420 doloris
2349 5365 2680 5437 exasperari;
2713 5359 2876 5437 Gi|_|.,
2905 5361 3256 5437 extisperauit;
3287 5359 3474 5437 Noun,

1879 5450 2182 5506 exasperant
2211 5453 2229 5490 :
2258 5451 2388 5490 mss.
2426 5431 2554 5490 vero
2584 5448 2638 5491 ιιι
2673 5451 2769 5487 nos
2801 5434 2854 5487 itt
2887 5442 3057 5506 textu,
3085 5431 3186 5485 nisi
3211 5434 3349 5500 quod
3382 5447 3478 5506 pro

1878 5501 2215 5576 exasperant;
2249 5524 2354 5561 ttou
2388 5509 2542 5577 pauci
2589 5509 2803 5576 legunt,
2848 5501 3107 5569 a/ferunt;
3147 5515 3196 5556 et
3231 5501 3478 5556 ttounttlli

1879 5578 2065 5648 etiam,
2099 5579 2453 5633 recordatione
2483 5581 2712 5634 dolorem
2735 5584 3053 5648 exasperant.

1953 5644 2138 5730 {5155;
2170 5653 2297 5730 duo,
2324 5654 2468 5730 sicci
2499 5647 2830 5730 instruisti
2852 5644 3087 5720 plebem:
3115 5644 3207 5703 alii
3231 5644 3478 5730 tondent,

1876 5719 2064 5780 siccius
2091 5723 2191 5804 Dei
2219 5721 2509 5804 Ecclesium
2535 5720 2804 5805 instituis!
