4092 6190
591 204 724 263 1511
1909 199 2153 258 SANCTI
2193 199 2218 256 Α

2323 196 2518 256 IROSII
2919 209 2932 218 '
3782 198 3962 256 1519.

586 324 599 370 l
661 324 751 380 66.
800 334 826 362 ιι
855 323 1053 388 Stulte,
1095 321 1290 391 inquit,
1322 335 1480 390 super
1519 333 1693 374 omnes
1734 318 1996 385 mulieres,
2029 334 2200 374 nonne
2227 328 2276 388 Α
2305 332 2489 371 nomen
2529 319 2669 388 quod
2718 319 3038 372 nominatum
3068 327 3144 373 est
3168 333 3322 390 super
3346 333 3460 383 nos,
3506 331 3635 389 pene
3665 315 3964 388 profana~

587 417 731 472 uides
761 418 955 472 luctum
987 424 1238 480 nostrum,
1278 423 1326 468 et
1370 428 1484 485 qua:
1514 412 1660 466 nobis
1694 412 2039 484 contigerunt,
2068 429 2196 485 quo-
2298 423 2407 468 tum
2434 421 2530 478 est,
2560 422 2607 467 et
2639 412 2720 467 illi
2747 414 2908 468 nostri
2929 413 3294 468 contumeliam
3326 413 3464 482 passi
3485 421 3639 475 sunt,
3671 419 3718 466 ct
3744 425 3960 465 sacer-

589 509 730 562 niam
761 507 891 562 Sion
923 518 1086 560 mater
1114 514 1292 560 nostra
1320 504 1554 559 omnium
1585 503 1794 557 tristitia
1831 505 2191 570 contristatur,
2299 509 2445 563 dotes
2475 510 2640 563 nostri
2669 511 2901 565 succensi
2921 520 3060 573 sunt,
3088 518 3136 564 et
3162 509 3325 564 levita:
3351 510 3512 564 nostri
3538 509 3593 562 in
3616 508 3960 578 captivitate

589 609 638 654 et
659 599 948 653 humilitate
972 598 1252 652 humiliata
1271 607 1366 651 est.
1401 594 1593 669 Lugete
1614 595 1932 650 ualidissime
1961 605 2007 649 et
2033 613 2191 664 nunc,
2297 604 2526 673 fuerunt,
2543 611 2589 655 et
2609 602 2850 655 mulieres
2871 611 3060 657 nostra
3080 603 3445 656 contaminatae
3459 611 3600 666 sunt,
3619 610 3667 654 et
3689 601 3958 671 virgines

588 691 832 763 quoniam
854 707 1031 745 omnes
1057 691 1326 763 lugemus;
1355 697 1404 743 et
1437 690 1606 743 tristes
1632 688 1776 754 sitis,
1807 689 2052 758 quoniam
2079 705 2193 743 om-
2298 706 2489 749 nostra:
2501 697 2598 749 vim
2612 706 2852 766 passaget
2858 697 3168 766 justinostri
3180 696 3393 764 rapti,et
3405 694 3612 767 parvuli
3627 695 3804 748 nostri
3818 709 3955 765 ρτοο

591 801 681 840 nes
709 785 1000 840 contristati
1030 802 1208 839 sumus
1231 801 1251 840 :
1283 793 1339 838 tu
1381 785 1517 838 enim
1557 783 1882 837 contristaris
1923 783 1978 837 in
2007 783 2190 838 fratre.
2299 786 2546 854 ditisunt,
2571 798 2616 842 et
2623 790 2837 859 juvenes
2850 789 3013 842 nostri
3027 788 3332 853 seruierunt,
3350 796 3399 842 et
3409 768 3569 856 fortes
3591 788 3763 842 nostri
3786 788 3956 842 inva—

593 875 870 950 lnterroga
925 886 1117 931 terram
1164 886 1211 932 et
1253 878 1385 932 dicet
1419 877 1511 930 tibi
1528 919 1542 940 ,
1571 875 1817 946 quoniam
1843 875 1952 928 haec
1980 883 2054 928 est
2082 891 2196 943 qua:
2298 878 2338 932 li
2356 880 2392 932 li
2409 879 2535 950 facti
2549 891 2686 935 sunt.
2707 879 2774 934 Et
2799 881 2939 951 quod
2963 882 3191 935 omnium
3221 883 3410 953 majus,
3431 880 3763 953 signaculum
3793 879 3952 935 Sion

593 971 770 1026 debeat
790 972 984 1043 lugere,
1019 980 1282 1026 tantorum
1302 981 1558 1042 superstes
1584 968 1876 1042 germinum
1905 985 1924 1024 :
1951 976 2001 1022 et
2027 983 2090 1022 ea:
2114 969 2196 1039 ip-
2298 977 2539 1044 quoniam
2561 978 2820 1048 resignata
2836 978 2987 1030 estde
3010 977 3178 1046 gloria
3203 993 3316 1042 sua,
3346 984 3540 1030 nuncet
3559 975 3756 1029 tradita
3781 985 3870 1029 est
3890 975 3954 1027 in

591 1082 672 1130 sa,
704 1065 900 1136 inquit,
929 1063 992 1118 ab
1017 1063 1164 1117 initio
1192 1077 1366 1116 omnes
1393 1062 1502 1115 nati
1519 1102 1534 1127 ,
1559 1072 1605 1114 et
1635 1060 1728 1114 alii
1760 1059 1982 1124 venient,
2005 1066 2054 1112 et
2080 1074 2198 1112 ecce

2323 1069 2536 1122 nauibus
2548 1071 2837 1137 eorum,qui
2849 1086 2943 1122 nos
2956 1067 3288 1122 oderunt.Tu
3305 1084 3426 1140 ergo
3439 1077 3620 1122 excute
3630 1076 3776 1121 tuam
3790 1068 3953 1120 nlul-

597 1173 726 1227 pene
745 1172 918 1211 omnes
939 1156 993 1210 in
1013 1156 1355 1225 perditionem
1375 1154 1660 1218 ambulant.
1695 1162 1742 1207 et
1767 1154 1822 1206 in
1839 1151 2198 1206 exterminium
2302 1170 2406 1215 tam
2422 1163 2705 1228 tristitiam,
2725 1173 2771 1218 et
2785 1163 2985 1233 depone
2997 1163 3148 1218 abste
3161 1161 3550 1217 multitudinem
3563 1161 3816 1215 dolorum
3837 1175 3857 1226 ;
3887 1179 3953 1223 ut

598 1251 658 1320 ﬁt
697 1250 972 1305 multime
1008 1266 1207 1305 οοναηι-
1248 1247 1317 1304 Et
1340 1251 1456 1320 quis
1481 1264 1602 1322 (1⁸90
1625 1247 1770 1302 debet
1812 1247 1984 1318 lugere
2008 1247 2196 1318 magis,
2304 1257 2772 1329 tibirepropitietur
2797 1258 2968 1328 fortis,
2997 1266 3044 1311 et
3073 1258 3302 1327 requiem
3318 1256 3478 1326 faciat
3499 1254 3591 1310 tibi
3617 1254 3950 1308 Altissimus

597 1345 701 1398 nisi
718 1360 835 1413 qua:
868 1353 973 1398 tam
1003 1359 1242 1416 magnam
1273 1341 1660 1396 multitudinem
1682 1340 1932 1413 perdidit,
1960 1355 2115 1410 quam
2142 1347 2199 1393 tu

2323 1351 2621 1420 'equietione
2652 1351 2890 1406 dolorum
2925 1351 3114 1423 (lbid.,
3138 1351 3210 1406 ‘20
3235 1360 3281 1406 et
3309 1348 3466 1422 seq.).

591 1437 678 1508 qui
709 1453 801 1507 pro
831 1453 936 1491 uno
963 1436 1108 1491 doles
1136 1435 1228 1508 (IV
1261 1435 1389 1508 Reg.
1423 1450 1481 1500 ι,
1503 1435 1538 1490 6
1563 1443 1609 1489 et
1630 1432 1801 1504 seq-)‘l
2377 1441 2468 1497 70.
2511 1442 2811 1498 Ccssabunt
2833 1444 2996 1515 igitur
3019 1445 3295 1514 lacrymae,
3321 1441 3624 1512 parendum
3657 1449 3741 1496 est
3775 1439 3944 1495 enim

673 1531 764 1586 67.
796 1529 1110 1585 Absorbeat
1153 1528 1320 1598 igitur
1369 1534 1615 1582 nostrum
1671 1525 1916 1582 dolorem
1961 1539 2205 1579 commu-

2323 1534 2570 1591 'emediis
2600 1536 2950 1599 salutaribus.
2987 1537 3111 1607 quia
3151 1537 3317 1592 debet
3357 1535 3558 1606 aliquid
3597 1537 3739 1590 inter
3788 1533 3945 1589 ﬁdos

597 1622 685 1678 nis
735 1621 915 1687 dolor,
965 1632 1021 1677 et
1071 1621 1427 1677 acerbitatem
1463 1619 1666 1692 proprii
1719 1618 1974 1675 mceroris
2013 1617 2204 1673 exclu-

2323 1637 2363 1683 zt
2408 1628 2647 1698 perﬁdos
2705 1631 2991 1686 interesse.
3025 1629 3215 1686 Fleant
3248 1645 3378 1700 ergo
3405 1630 3496 1700 qui
3539 1643 3692 1699 spem
3740 1641 3946 1682 resur-

595 1713 712 1769 dat.
737 1712 854 1768 Non
884 1713 1030 1768 enim
1058 1711 1249 1768 dolere
1285 1711 1549 1767 debemus
1585 1725 1705 1777 eos,
1751 1724 1889 1780 quos
1930 1708 2204 1764 cernimus

2323 1719 2569 1774 rectionis
2597 1719 2801 1776 habere
2842 1737 2950 1775 non
2983 1729 3232 1789 possunt,
3279 1735 3440 1790 quam
3488 1735 3596 1774 non
3647 1718 3944 1774 sententia

595 1807 892 1870 liberatos;
921 1820 1097 1876 neque
1117 1805 1260 1861 enim
1285 1804 1464 1859 otiose
1486 1813 1596 1858 tam
1622 1811 1841 1858 sanctas
1867 1801 1972 1857 hoc
1995 1809 2204 1870 tempo-
2307 1810 2400 1867 Dei
2432 1812 2614 1882 eripit,
2645 1811 2741 1867 sed
2776 1811 2899 1867 ﬁdei
2931 1811 3298 1866 inclementia.
3339 1811 3556 1866 Intersit
3592 1812 3740 1864 inter
3776 1809 3946 1865 Chri-

598 1913 660 1955 re
688 1898 899 1954 animas
919 1897 1198 1968 corporeis
1221 1895 1450 1952 vinculis
1473 1895 1876 1950 reminiscimur
1901 1892 2201 1948 absolutas.
2307 1903 2376 1957 sti
2400 1903 2670 1968 servulos,
2699 1903 3076 1973 idolornmque
3095 1903 3367 1968 cultores;
3390 1911 3448 1958 ut
3469 1901 3552 1957 illi
3573 1902 3753 1958 beant
3776 1917 3941 1967 suos,

598 1990 841 2062 Namque
868 1990 1022 2046 velut
1049 1989 1234 2044 divino
1257 1989 1461 2061 judicio
1492 2000 1598 2042 tam
1623 1986 1651 2025 ι’
1679 2002 1874 2059 graves
1901 1985 2202 2052 viduasiila
2307 2007 2443 2064 quos
2480 1994 2532 2049 in
2577 2003 2890 2065 perpetuum
2915 1995 3231 2050 existimant
3258 1993 3535 2050 interiisse
3567 2012 3579 2047 :
3621 1993 3704 2048 illi
3748 1994 3945 2049 nullas

600 2099 708 2141 uno
734 2095 981 2154 tempore
1011 2082 1296 2139 defunctas
1325 2082 1599 2160 videmur».
1630 2091 1684 2136 ut
1711 2078 2062 2152 profectionis
2087 2079 2205 2149 qui-
2311 2087 2540 2142 habeant
2569 2088 2930 2159 lacrymarum
2961 2086 3146 2153 ferias,
3180 2086 3381 2140 nullam
3413 2084 3650 2141 tristititc
3677 2085 3941 2156 requiem

599 2177 722 2233 dam
757 2175 1000 2231 videatur
1027 2189 1316 2242 excessus,
1350 2191 1457 2230 non
1496 2174 1689 2229 mortis
1720 2187 1982 2237 occasus;
2016 2188 2084 2227 ne
2112 2187 2207 2227 ve-
2309 2188 2748 2245 consequantur,
2778 2179 2870 2249 qui
2910 2177 3112 2233 nullam
3155 2186 3350 2248 putant
3387 2177 3636 2247 requiem
3677 2186 3945 2232 mortuo-

601 2281 788 2327 teraua
837 2271 1084 2326 emeritis
1118 2265 1407 2339 stipendiis
1454 2265 1716 2340 pudicitia
1761 2266 1815 2321 in
1844 2265 2069 2320 dubium
2115 2265 2207 2320 diu

597 2365 803 2422 servati
835 2362 1054 2434 pudoris
1083 2361 1370 2418 incideret.
1401 2361 1549 2428 Quos
1586 2360 1827 2432 gemitus
1874 2359 2029 2423 mihi,
2073 2373 2209 2428 quos

600 2458 820 2513 dolores
857 2469 964 2511 tam
997 2457 1195 2513 acerba
1225 2457 1432 2511 excitat
1459 2454 1800 2512 recordatio!
1837 2453 1904 2507 Et
1936 2452 1982 2508 si
2013 2467 2211 2508 mcero-

599 2551 752 2607 ribus
779 2566 884 2605 non
917 2551 1208 2615 vacabam;
1234 2559 1412 2605 tamen
1442 2549 1493 2604 in
1518 2549 1638 2620 ipso
1663 2548 1856 2604 dolore
1888 2548 2120 2618 privato,
2155 2547 2207 2602 in

603 2644 724 2714 ipso
777 2649 1049 2698 tantorum
1091 2642 1294 2699 amisso
1337 2641 1471 2698 ﬂore
1513 2642 1857 2706 meritorum,
1901 2641 2210 2696 communis

602 2735 848 2807 qua-dam
881 2745 1091 2791 natura:
1139 2751 1226 2792 me
1263 2735 1505 2791 conditio
1535 2735 1852 2790 solabatur:
1895 2732 2212 2802 deﬁxusque

604 2831 656 2885 in
690 2846 798 2885 uno
828 2830 984 2886 dolor
1015 2830 1368 2887 acerbitatem
1399 2830 1597 2900 publici
1636 2828 1866 2893 funeris,
1897 2826 2212 2882 domestica:

604 2923 786 2991 specie
819 2923 1038 2989 pietatis
1065 2922 1388 2980 obduxerat.

678 3011 767 3067 68.
797 3012 1006 3083 Repeto
1032 3030 1185 3085 ergo,
1226 3028 1380 3068 sacra
1417 3014 1724 3084 Scriptura,
1759 3014 1949 3070 solatia
1981 3024 2101 3080 tua;
2127 3014 2214 3084 ju-

2312 2286 2456 2326 rum.
2490 2270 2657 2326 Nobis
2683 2285 2816 2326 vero
2837 2270 3031 2340 quibus
3063 2284 3210 2324 mors
3241 2285 3348 2324 non
3379 2277 3589 2325 naturae
3614 2310 3628 2334 ,
3665 2268 3767 2324 sed
3805 2269 3943 2323 vita:

2313 2362 2468 2418 istius
2495 2363 2618 2418 linis
2644 2372 2760 2429 est;
2793 2363 3048 2434 quoniam
3080 2364 3132 2417 in
3162 2363 3358 2418 melius
3389 2364 3505 2434 ipsa
3537 2371 3729 2418 natura
3767 2378 3912 2434 repa

2313 2466 2484 2524 ratur,
2515 2457 2676 2513 ﬂetus
2703 2471 2894 2512 omnes
2922 2471 3084 2511 casus
3112 2457 3304 2511 mortis
3333 2455 3634 2526 abstergat.

2387 2551 2475 2604 7|.
2507 2551 2667 2606 Certe
2689 2549 2734 2604 si
2767 2548 2844 2603 illi
2874 2547 2979 2603 sibi
3011 2548 3192 2618 aliqua
3225 2547 3416 2602 solatia
3445 2553 3806 2618 repererunt,
3841 2547 3938 2618 qui

2314 2643 2474 2700 linem
2507 2657 2730 2706 sensus,
2771 2640 3152 2712 delectumque
3181 2650 3385 2696 natura:
3414 2651 3644 2696 mortem
3671 2639 3934 2696 arbitrati

2311 2745 2467 2802 sunt;
2497 2743 2700 2806 quanto
2723 2734 2893 2804 magis
2920 2749 3042 2798 nos,
3068 2733 3265 2803 quibus
3291 2732 3517 2788 meliora
3539 2739 3662 2802 post
3689 2743 3934 2787 mortem

2315 2829 2536 2901 praemia
2570 2829 2838 2883 bonorum
2889 2825 3157 2882 laetorum
3202 2824 3537 2881 conscientia
3593 2822 3930 2893 pollicetur!

2317 2922 2528 2978 Habent
2562 2921 2796 2992 gentiles
2825 2919 3019 2975 solatia
3052 2934 3172 2983 sua,
3207 2918 3335 2989 quia
3366 2917 3612 2987 requiem
3652 2915 3932 2970 malorum

2316 3017 2562 3074 omnium
2613 3023 2847 3070 mortem
2875 3013 3227 3069 existimant:
3272 3018 3416 3066 etut
3457 3010 3582 3064 vitas
3621 3007 3796 3062 fructu
3841 3023 3936 3063 ca-

606 3113 699 3156 vat
747 3104 891 3158 enim
935 3105 1044 3158 tuis
1096 3107 1405 3174 praeceptis,
1441 3106 1548 3159 tuis
1588 3105 1875 3160 sententiis
1913 3105 2210 3159 immorari.

2323 3121 2460 3176 rent,
2490 3111 2564 3165 ita
2591 3110 2757 3166 etiam
2786 3108 3030 3164 caruisse
3049 3122 3108 3162 se
3131 3113 3322 3176 putant
3345 3103 3494 3160 omni
3517 3117 3678 3157 sensu
3703 3112 3760 3156 et
3779 3100 3939 3156 dolo-

610 3205 632 3232 ε
655 3196 825 3261 Quam
856 3195 1069 3250 facilius
1092 3205 1176 3251 est
1197 3198 1393 3251 cmlum
1417 3207 1471 3252 et
1501 3207 1700 3253 terram
1726 3198 2030 3268 praeterire,
2055 3213 2214 3268 quam

607 3287 676 3342 de
712 3286 858 3358 Lege
901 3303 1067 3342 unum
1105 3289 1314 3359 apicem
1355 3289 1556 3346 cadere
1585 3289 1738 3362 (an.
1785 3307 1909 3356 xvi,
1953 3291 2074 3362 i7)!
2110 3291 2216 3348 Sed

604 3379 715 3448 jam
739 3377 1023 3434 audiamus
1052 3395 1174 3449 qua:
1207 3381 1409 3450 scripta
1435 3393 1598 3437 sunt:
1630 3381 1808 3448 Nunc,
1835 3381 2030 3450 inquit,
2059 3383 2220 3451 retine

607 3473 752 3543 apud
793 3481 946 3526 temet
987 3473 1155 3544 ipsam
1185 3471 1418 3526 dolorem
1462 3483 1629 3539 tuum,
1661 3485 1710 3528 et
1763 3474 1974 3548 1132
2019 3476 2218 3544 fortiter

609 3569 710 3639 fer,
753 3568 839 3636 qui
874 3567 965 3621 tibi
991 3569 1336 3638 contigerunt,
1366 3585 1539 3625 casus.
1584 3569 1645 3625 Si
1684 3571 1821 3624 enim
1849 3570 2220 3643 justiﬁcaveris

613 3660 884 3714 terminum
912 3659 1031 3724 Dei,
1063 3669 1112 3714 et
1138 3662 1308 3732 ﬁlium
1335 3671 1477 3716 tuum
1498 3663 1710 3735 recipies
1737 3664 1792 3717 in
1817 3673 2063 3733 tempore,
2092 3673 2140 3716 et
2166 3664 2222 3716 in

613 3754 916 3809 mulieribus
941 3756 1325 3810 collaudaberis
1358 3755 1449 3826 (IV
1483 3755 1645 3811 Esdr.
1674 3774 1730 3819 ι.
1763 3756 1853 3823 15,
1884 3755 1998 3828 16).
2031 3756 2086 3812 Si
2119 3756 2222 3811 hoc

614 3846 682 3902 ad
715 3847 1020 3912 mulierem,
1043 3858 1246 3920 quanto
1276 3853 1448 3921 magis
1472 3851 1538 3906 ad
1569 3852 1950 3908 sacerdotem?
1972 3851 2031 3908 Si
2060 3851 2128 3907 de
2155 3851 2189 3905 ﬁ
2207 3882 2220 3892 -

615 3939 713 4005 lio,
741 3957 848 3996 non
881 3943 1070 4014 utique
1101 3943 1399 3999 absurdum
1431 3945 1598 4000 etiam
1627 3946 1697 4003 de
1722 3947 1947 4002 fratrum
1976 3946 2225 4001 amissio-

618 4048 688 4088 ne
716 4035 837 4088 tatia
876 4050 1034 4104 posse
1064 4038 1393 4103 memorari;
1425 4055 1756 4109 quamquam
1784 4039 1830 4093 si
1865 4037 2001 4093 mihi
2033 4037 2225 4093 luisset

617 4125 784 4192 ﬁlius,
814 4143 1105 4200 numquam
1128 4145 1252 4186 eum
1285 4131 1519 4200 amplius
1547 4132 1884 4189 dilexissem.
1919 4129 2054 4185 Nam
2083 4129 2226 4184 sicut

622 4217 675 4274 in
697 4219 845 4274 obitu
871 4220 1165 4278 liberorum
1188 4222 1348 4278 ell‘usi
1375 4224 1610 4288 labores,
1635 4225 1877 4296 suscepti
1906 4223 1932 4277 l
1933 4232 2105 4278 rustra
2127 4224 2226 4276 do-

621 4310 766 4366 lores
797 4328 1084 4370 maerorem
1110 4315 1362 4370 videntur
1384 4331 1623 4387 augere;
1656 4318 1727 4372 ita
1757 4318 1920 4372 etiam
1955 4317 2010 4371 in
2042 4315 2224 4370 fratri-

623 4403 722 4458 bus
765 4407 1176 4462 consuetudinis
1230 4421 1359 4462 usus
1405 4416 1566 4480 atque
1610 4409 1823 4480 collegii
1869 4410 2220 4466 acerbitatem

621 4497 828 4553 doloris
856 4499 1182 4554 accendunt.

695 4587 784 4644 69.
817 4588 922 4645 Sed
948 4604 1074 4645 ecce
1099 4589 1372 4646 dicentem
1393 4589 1731 4662 Scripturam
1758 4591 1920 4647 audio
1944 4609 1957 4646 :
1992 4589 2118 4646 Noli
2139 4592 2219 4662 fa-

623 4697 736 4736 cere
767 4683 903 4737 hunc
917 4700 1222 4752 sermonem,
1249 4687 1340 4739 sed
1355 4688 1584 4741 consenti
1606 4686 1923 4756 persuaderi.
1957 4687 2061 4755 Qui
2085 4689 2219 4743 enim

620 4791 775 4829 casus
822 4777 1000 4831 Sion?
1044 4777 1325 4833 Consolare
1365 4791 1572 4853 propter
1596 4780 1826 4836 dolorem
1870 4781 2217 4837 Hierusalem.

637 4868 786 4925 Vides
813 4872 948 4926 enim
977 4873 1100 4943 quia
1137 4883 1316 4929 sancta
1337 4884 1515 4931 nostra
1546 4877 1892 4932 contaminata
1919 4888 2072 4942 sunt,
2107 4875 2132 4914 ἀ
2174 4888 2222 4932 et

700 5077 724 5105 τι
746 5068 901 5124 Rom.
935 5071 1095 5136 edil.,
1121 5072 1316 5138 Stulta,
1350 5075 1513 5144 inquit
1549 5117 1561 5130 .
1597 5115 1611 5129 .
1651 5115 1665 5128 .
1698 5073 1836 5144 σκηιηὶ
1861 5072 2071 5127 tristitia
2099 5087 2220 5126 con-

623 5141 858 5216 tristatur
885 5179 899 5194 .
929 5181 942 5195 .
973 5183 986 5196 .
1016 5185 1028 5198 .
1053 5153 1100 5198 et
1143 5145 1278 5216 luget
1318 5141 1654 5200 ualidissime.
1702 5143 1771 5198 Et
1810 5161 1943 5198 nunc
1980 5144 2220 5213 quoniam

623 5227 800 5285 omnes
822 5215 1090 5285 (agemus:
1123 5225 1168 5269 ct
1201 5215 1366 5270 lristes
1395 5233 1597 5282 sumus,
1622 5216 1866 5285 quoniam
1892 5231 2068 5285 omnes
2095 5231 2219 5268 con-

623 5284 812 5336 tristati
833 5284 1009 5338 sumus
1035 5302 1053 5340 :
1085 5295 1142 5340 tu
1174 5301 1292 5341 vero
1320 5284 1673 5342 constristaris
1700 5289 1754 5340 in
1787 5286 1920 5354 ﬁlio.
1953 5284 2222 5352 Interroga

627 5362 817 5428 terram
847 5397 858 5410 .
897 5397 910 5410 .
944 5395 1007 5428 τί.
1041 5357 1217 5428 lugere
1243 5368 1501 5412 tantorum
1524 5374 1700 5412 casum
1727 5372 1881 5426 super
1901 5373 2014 5411 eam
2037 5357 2222 5428 germi-

626 5426 863 5479 nnntiunt
887 5445 907 5481 :
941 5427 1055 5481 Vel.
1097 5426 1276 5482 autem
1314 5428 1444 5483 edit.
1480 5443 1542 5481 ac
1572 5444 1700 5483 mss.
1735 5436 1794 5481 ut
1823 5429 1874 5482 in
1903 5439 2073 5490 textu,
2119 5426 2220 5480 nisi

623 5497 766 5566 quod
805 5496 965 5570 Eras.
1010 5507 1064 5551 et
1105 5498 1230 5554 Gill.
1279 5499 1465 5570 legunt
1495 5501 1656 5554 etiam
1694 5499 1887 5561 stulta;
1924 5499 2017 5570 sed
2048 5497 2228 5570 potius

624 5581 748 5639 esse
773 5579 832 5623 ut
859 5569 1188 5624 retineamus
1216 5567 1400 5625 vocem
1431 5570 1603 5634 stulte,
1635 5585 1700 5624 ex
1723 5583 1790 5624 eo
1821 5570 1965 5639 quod
2001 5567 2230 5623 habetur

627 5637 1140 5712 inira,_,co_ntris_tttris
1168 5641 1223 5712 in
1246 5641 1429 5710 fratre,
1453 5637 1871 5712 intelligimusﬁ!

701 5705 726 5741 ι’
772 5709 1089 5762 Ambrosius
1131 5705 1424 5766 viduarum
1443 5711 1569 5764 Vlli!‘
1615 5705 1677 5766 τῖς
1723 5705 1932 5765 morum
1969 5705 2232 5782 gravitate

2318 3224 2380 3264 re
2421 3221 2741 3278 ptenarum,
2787 3219 2922 3275 quas
2979 3203 3034 3257 in
3077 3201 3178 3256 hac
3211 3201 3318 3255 vita
3371 3211 3566 3270 graves
3595 3205 3649 3252 et
3680 3195 3934 3251 assiduas

2320 3301 2676 3356 sustinemus.
2700 3295 2810 3352 Nos
2837 3310 2968 3351 vero
2998 3303 3061 3348 ut
3084 3293 3378 3349 ercetiores
3400 3289 3645 3361 praemio,
3670 3288 3742 3342 ita
3765 3289 3933 3343 etiam

2324 3394 2678 3466 patientiores
2715 3389 2909 3446 solatio
2934 3403 3060 3444 esse
3088 3387 3390 3450 debemus;
3423 3401 3528 3440 non
3557 3384 3701 3438 enim
3731 3384 3932 3448 amitti,

2322 3488 2417 3544 sed
2465 3485 2720 3557 praemitti
2746 3484 3022 3548 videntur,
3049 3497 3188 3553 quos
3231 3493 3335 3534 non
3362 3487 3709 3546 assumptura
3757 3490 3930 3543 mors,

2324 3580 2420 3636 sed
2453 3579 2736 3634 mternitas
2762 3587 3052 3647 receptura
3082 3584 3184 3632 est.
3500 3619 3506 3626 .

2396 3671 2484 3727 72.
2515 3668 2824 3726 Cessabunt
2861 3683 2994 3738 ergo
3038 3667 3289 3738 laci-ymze
3314 3681 3329 3716 :
3358 3671 3449 3718 aut
3477 3661 3522 3715 si
3549 3673 3774 3716 cessare
3824 3675 3933 3716 non

2326 3773 2605 3834 poterunt,
2631 3762 2682 3816 in
2706 3759 3088 3816 communibus
3112 3756 3367 3813 lamentis
3384 3755 3524 3810 ﬂebo
3550 3762 3625 3820 te,
3652 3751 3848 3816 frater,
3878 3763 3931 3809 et

2325 3857 2427 3911 sub
2443 3855 2635 3910 dolore
2658 3852 2878 3922 publico
2897 3851 3228 3906 domesticos
3243 3847 3480 3919 gemitus
3500 3844 3710 3918 1133
3729 3854 3928 3914 tegam.

2326 3948 2457 4003 Nam
2495 3961 2714 4002 cessare
2748 3945 2841 4015 qui
2881 3952 3155 4012 poterunt,
3197 3956 3320 3995 curn
3358 3939 3425 3994 ad
3471 3953 3689 3993 omnem
3736 3952 3929 3992 sonum

2327 4042 2564 4098 nominis
2605 4039 2678 4094 liti
2708 4039 2966 4109 lacryma:
3001 4037 3335 4105 subrepant,
3378 4031 3465 4087 vel
3496 4046 3621 4087 cum
3658 4045 3788 4084 usus
3818 4031 3930 4100 ipse

2327 4133 2761 4190 recordationem
2805 4131 3024 4196 excitat,
3075 4129 3160 4183 vel
3203 4142 3327 4182 cum
3370 4123 3598 4180 allectus
3640 4123 3928 4193 imaginem

2325 4233 2704 4297 repraesentat,
2742 4224 2828 4279 vel
2859 4239 2984 4278 cum
3030 4221 3334 4278 recordatio
3376 4217 3624 4274 dolorem
3669 4217 3929 4273 renovat?

2325 4317 2556 4388 Quando
2574 4319 2717 4373 enim
2740 4317 2892 4382 deos,
2915 4315 3010 4384 qui
3046 4315 3211 4369 tantis
3239 4311 3438 4368 olliciis
3474 4309 3927 4382 repraesentat-is?

2330 4422 2353 4449 ε
2369 4410 2535 4478 Ades,
2551 4411 2790 4480 inquam,
2816 4418 2874 4464 et
2894 4422 3115 4478 semper
3135 4404 3458 4464 oli'underis.
3480 4413 3536 4459 et
3553 4411 3667 4458 toto
3685 4411 3736 4456 te
3752 4401 3927 4456 animo

2244 4495 2389 4561 Dac
2443 4511 2626 4559 mente
2678 4502 3036 4572 complector,
3087 4499 3320 4570 aspicio,
3367 4495 3642 4565 alloquor,
3693 4494 3925 4561 osculor,

2327 4593 2737 4667 comprehendo
2764 4593 2852 4649 vel
2880 4593 2933 4647 iu
2965 4592 3084 4661 ipsa
3114 4591 3299 4661 quiete
3332 4599 3620 4652 nocturna,
3653 4585 3739 4640 vel
3769 4585 3821 4639 in
3844 4585 3924 4640 lu-

2283 4717 2286 4720 -
2327 4703 2392 4745 ce
2421 4689 2602 4754 clara;
2634 4701 2757 4742 cum
2789 4687 3028 4741 revisere
3051 4692 3108 4739 et
3126 4682 3395 4739 consolari
3421 4679 3666 4751 dignaris
3693 4693 3924 4733 maeren-

2330 4793 2460 4838 tem.
2493 4780 2738 4850 Denique
2769 4779 2901 4850 ipsa:
2927 4777 3038 4846 jam
3074 4785 3284 4840 noctes,
3315 4789 3437 4846 quae
3459 4771 3616 4844 quasi
3655 4771 3926 4827 molestio-

2331 4892 2453 4942 res,
2480 4875 2699 4932 vivente
2725 4883 2807 4940 te,
2840 4871 3199 4937 videbantur;
3228 4869 3372 4942 quod
3399 4867 3570 4924 mutui
3605 4874 3924 4936 conspectus

2330 5070 2758 5142 praecellentium
2803 5080 3033 5125 mortem
3063 5068 3166 5142 sibi
3209 5067 3454 5142 dolorem
3496 5067 3824 5137 singularem
3855 5069 3926 5124 al-

2331 5138 2473 5198 lerre
2494 5143 2847 5198 consuevisse
2869 5157 2974 5195 non
2999 5154 3108 5194 uno
3140 5140 3262 5195 loco
3285 5138 3627 5193 testificatur.

2404 5225 2424 5251 ε
2470 5213 2598 5268 Mss.
2650 5229 2757 5268 non
2806 5213 2986 5284 pauci,
3035 5211 3171 5278 Quia
3218 5210 3427 5280 facilius
3472 5218 3548 5263 est
3577 5251 3589 5264 .
3617 5248 3632 5262 .
3663 5248 3678 5264 .
3706 5213 3925 5266 .ratione

2331 5286 2473 5354 apud
2503 5286 2846 5354 temetipsum.

2403 5355 2426 5391 ι¹
2456 5356 2532 5411 Ita
2567 5351 2698 5410 mss.
2737 5367 2788 5410 et
2817 5355 2948 5409 edit.
2980 5352 3081 5408 nisi
3119 5351 3265 5423 quod
3291 5351 3446 5406 Rom.
3477 5351 3609 5406 edit.
3644 5353 3759 5408 sola
3798 5369 3921 5422 pne.

2331 5425 2456 5492 fert,
2490 5437 2539 5480 et
2585 5442 2771 5479 nomen
2801 5425 2939 5495 quod
2978 5427 3280 5495 invocatum
3305 5436 3377 5479 est
3403 5439 3421 5476 :
3460 5424 3716 5492 sequenti
3757 5436 3924 5480 autem

2330 5511 2493 5552 versu
2521 5496 2713 5552 eadem
2735 5494 2867 5551 edit.
2895 5511 3015 5550 cum
3060 5505 3173 5550 vet.
3199 5494 3330 5550 edit.
3369 5507 3432 5548 ac
3469 5510 3601 5546 mss.
3639 5497 3925 5559 nonnullis,

2330 5579 2380 5622 et
2412 5569 2630 5637 juvenes
2657 5569 2858 5630 nostri,
2885 5567 2976 5621 ubi
3007 5581 3140 5620 mss.
3167 5566 3328 5634 longe
3367 5564 3590 5637 plurimi
3631 5565 3850 5634 habent,
3887 5580 3928 5622 et

2330 5635 2622 5708 illi'nostri,
2653 5638 2792 5694 forte
2822 5637 3142 5708 legendum,
3161 5647 3216 5692 et
3242 5637 3335 5691 lllii
3366 5635 3557 5690 nostri.

2412 5714 2434 5740 ε
2462 5697 2692 5773 Quidam
2720 5697 3039 5775 msa.,"Adet
3061 5697 3216 5774 enim,
3247 5715 3292 5760 et
3319 5718 3514 5770 semper
3547 5697 3779 5772 olet-ris.
