4092 6190
1103 310 1192 368 DE
1232 305 1539 366 EXCESSU
1584 297 1881 360 FRATRIS
1920 295 2032 354 SUl
2071 293 2327 352 SATYRI
2363 289 2495 348 LIB.
2534 291 2578 346 Ι.

3401 282 3537 340 1516

235 434 453 504 copiam
485 432 849 501 denegarem:
888 426 1006 496 ipse
1031 424 1141 495 jant
1172 435 1396 478 somnus
1440 413 1834 485 colloquiorum
1865 414 1910 473 Λ
1943 415 2089 462 metu
2115 405 2373 477 pietatem
2407 407 2704 472 temperet;
2734 411 2922 454 rursus
2951 405 3128 452 tatnen
3166 397 3340 468 ipsum
3371 396 3548 469 pieta-

238 534 552 580 nostrorum
581 521 786 578 dudum
811 520 1147 586 interruptor
1169 509 1504 576 inamabilis,
1526 505 1700 562 dulcis
1719 519 1843 559 esse

231 619 348 690 jam
378 617 573 689 cmpit;
602 614 728 685 quia
756 624 807 670 te
827 611 961 668 mihi
992 608 1250 666 reddidit.
1281 605 1397 662 Non
1439 602 1602 675 igitur
1631 596 1840 663 miseri,

237 713 338 768 sed
368 713 543 778 beati;
583 725 812 782 quorum
852 722 954 763 nec
996 702 1282 776 praesentia
1324 697 1532 766 deﬁcit,
1573 709 1676 751 nec
1713 705 1842 748 cura

239 806 522 872 minuitur,
545 812 602 860 et
626 809 857 873 augetur
879 798 1076 871 gratia.
1111 794 1397 852 Etenimﬂ
1430 789 1611 847 somni
1650 784 1845 843 similis

240 896 422 969 imago
449 895 660 951 mortis.

315 990 404 1045 75.
430 987 585 1057 Quod
609 987 655 1042 si
682 986 738 1042 in
760 985 942 1056 quiete
969 990 1238 1038 nocturna
1260 976 1494 1035 vinculis
1525 972 1705 1029 adhuc
1724 984 1846 1024 cor-

241 1081 428 1152 poreis
457 1081 812 1146 inhaerentes,
841 1086 897 1133 et
923 1074 1077 1147 quasi
1109 1075 1252 1129 inter
1273 1067 1577 1126 carceraria
1605 1064 1847 1132 religatae

241 1175 478 1231 claustra
507 1173 907 1236 membrorum;
941 1174 1171 1241 possunt
1203 1176 1384 1220 tamen
1416 1159 1614 1215 animae
1652 1153 1846 1210 altiora

241 1278 296 1324 ct
321 1269 558 1324 discreta
593 1266 940 1338 perspicere:
973 1270 1179 1333 quanto
1210 1257 1382 1327 magis
1421 1258 1671 1325 Spectant
1709 1247 1846 1314 hare,

243 1376 368 1417 cum
389 1361 504 1432 jam
540 1373 677 1429 puro
704 1357 1052 1426 aethereoque
1081 1367 1244 1408 sensu
1278 1347 1422 1403 nulla
1453 1355 1732 1414 corporeae
1771 1341 1848 1393 la—

243 1454 331 1510 bis
354 1451 742 1524 impedimenta
775 1446 1084 1519 patiuntur!
1116 1444 1415 1512 Meritoque
1446 1437 1578 1494 mihi
1607 1447 1846 1498 conque-

245 1545 411 1610 renti,
436 1523 469 1583 γι»
494 1552 750 1615 vergente
785 1540 1020 1612 quodam
1043 1538 1157 1609 jam
1187 1537 1242 1592 in
1273 1546 1526 1590 occasum
1556 1529 1664 1595 die,
1707 1523 1850 1598 quod

245 1654 356 1694 non
394 1637 662 1694 reviseres
700 1633 1091 1704 quiescentem,
1132 1637 1277 1684 totus
1315 1625 1463 1680 omni
1493 1631 1741 1691 tempore
1770 1616 1851 1672 in-

247 1730 504 1786 dividuus
538 1727 790 1792 adfuisti;
830 1727 902 1782 ita
931 1734 988 1779 ut
1024 1723 1118 1778 illo
1161 1721 1412 1790 perfusus
1447 1730 1646 1786 sopore
1685 1725 1856 1768 ntem-

1948 499 2016 553 tis
2037 498 2284 554 dolorem
2310 496 2487 551 studio
2511 492 2787 564 religionis
2813 488 3084 556 accendit,
3115 498 3285 543 strata
3316 488 3466 543 humi
3489 497 3546 544 et

1947 605 2116 652 totum
2145 595 2352 666 gremio
2373 594 2455 648 sui
2484 591 2764 662 complexa
2790 589 3078 655 tumulum,
3108 587 3378 643 laborioso
3401 587 3545 642 fessa

1946 689 2182 754 incessu,
2214 686 2381 742 tristis
2410 685 2630 752 affectu,
2661 683 2777 738 dies
2815 692 3108 751 noctesque
3145 694 3437 736 mouerent
3467 679 3550 733 in-

1949 791 2122 853 tegrat
2139 781 2162 835 ?
2182 779 2316 835 Nam
2345 779 2474 835 licet
2491 778 2678 834 ﬂetum
2704 775 3023 848 plerumque
3045 787 3298 828 sermone
3325 785 3550 840 susj:cn-

1946 875 2061 942 dat,
2095 885 2118 913 ο
2150 875 2203 930 in
2227 874 2479 929 oratione
2508 879 2765 927 renovat:
2791 878 2846 924 et
2869 868 3116 940 quamvis
3146 867 3548 936 Scripturarum

1947 966 2210 1023 memoria
2239 964 2645 1021 consolationes
2670 961 2978 1018 serentibus
3017 967 3348 1031 praecurrat;
3386 957 3550 1012 ﬂendi

1949 1066 2131 1115 tamen
2175 1057 2509 1114 desiderium
2557 1053 2813 1127 precandi
2850 1051 3167 1108 assiduitate
3209 1059 3550 1119 compensat,

1949 1150 2312 1222 lacrymarum
2341 1150 2649 1206 ubertatem
2681 1158 2808 1204 tunc
2838 1145 3128 1218 praecipue,
3151 1143 3368 1216 quando
3394 1159 3556 1200 nemo

1949 1243 2347 1314 interrumpere
2370 1243 2562 1314 possit,
2590 1243 2920 1298 instaurans.
2949 1241 3025 1296 ita
3045 1238 3192 1312 quod
3218 1239 3554 1306 miserearis,

1951 1337 2118 1394 habes
2144 1356 2157 1390 :
2190 1337 2336 1407 quod
2362 1336 2748 1408 reprehendas,
2785 1349 2894 1392 non
2924 1335 3124 1400 habes;
3153 1336 3284 1390 ﬂere
3313 1335 3456 1391 enim
3499 1335 3555 1390 in

1949 1430 2200 1484 oratione
2225 1428 2442 1484 virtutis
2484 1437 2587 1484 est.
2633 1428 2700 1483 Et
2739 1442 3068 1498 quamquam
3109 1425 3250 1483 istud
3290 1425 3559 1483 familiare

1952 1521 2280 1592 virginibus,
2325 1521 2523 1592 quibus
2550 1521 2765 1577 mollior
2801 1535 2986 1588 sexus,
3032 1520 3272 1576 tenerior
3309 1519 3555 1586 aﬂ‘ectus,

1953 1614 2199 1670 contuitu
2225 1615 2531 1670 communis
2557 1613 2869 1684 fragilitatis
2902 1614 2955 1668 in
2988 1612 3259 1685 lacrymas
3288 1612 3453 1669 etiam
3481 1611 3560 1668 si-

1956 1723 2025 1762 ne
2053 1706 2335 1762 domestici
2363 1721 2526 1761 sensu
2549 1705 2756 1760 doloris
2776 1705 3069 1771 exuberat;
3097 1714 3274 1761 tamen
3297 1719 3420 1762 cum
3451 1720 3564 1760 ma-

247 1823 494 1889 brorum,
518 1835 641 1875 cum
671 1834 773 1890 ego
798 1816 1080 1886 vigilarem
1111 1813 1228 1876 tibi,
1260 1821 1314 1867 tu
1341 1809 1562 1865 viveres
1589 1805 1743 1870 mihi,
1769 1803 1852 1858 di-
1882 1803 1932 1863 B
1953 1798 2042 1869 jor
2069 1811 2232 1853 causa
2262 1796 2527 1854 mterendi
2565 1805 2668 1863 est,
2718 1797 2841 1852 linis
2869 1798 3198 1853 mceroribus
3233 1796 3562 1854 excluditur.

247 1928 467 1971 cerem:
515 1911 656 1980 Quid
690 1917 775 1967 est
804 1923 972 1973 ntors,
1019 1905 1224 1961 frater?
1250 1903 1386 1958 Nam
1432 1908 1583 1957 certe
1631 1896 1794 1952 nullis
1823 1910 1852 1950 a

251 2022 341 2062 mc
381 2005 712 2077 separabare
754 1999 1074 2065 momentis;
1113 1997 1187 2052 ita
1226 1995 1376 2052 enim
1417 1993 1614 2062 ubique
1655 1995 1856 2060 praesto

207 2150 209 2152 .
251 2113 397 2164 eras,
422 2108 480 2153 ut
505 2111 669 2168 quam
695 2095 746 2150 in
769 2094 924 2149 istius
950 2091 1073 2146 vitm
1097 2104 1198 2145 usu
1227 2085 1428 2142 habere
1452 2083 1625 2140 nostri
1645 2079 1856 2151 c0piatn

255 2191 642 2263 uequibamus,
687 2202 831 2243 nunc
871 2185 1030 2242 nobis
1069 2196 1287 2252 semper
1321 2187 1376 2235 et
1412 2178 1614 2248 ubique
1662 2182 1860 2245 prazsto

255 2285 350 2340 sit.
367 2284 497 2339 Nam
514 2291 643 2338 tunc
664 2281 850 2351 utique
875 2276 1056 2333 omnia
1083 2284 1280 2346 praesto
1302 2285 1427 2328 esse
1451 2285 1556 2324 non
1585 2271 1860 2338 poterant;

257 2395 360 2437 nec
379 2379 524 2435 enim
551 2374 961 2448 complexiones
990 2380 1210 2434 nostra»,
1238 2373 1670 2436 conspectusque
1691 2369 1746 2415 et
1774 2373 1863 2414 os-

257 2476 506 2534 culurum
530 2469 893 2543 corporalium
913 2465 1212 2522 suavitates
1238 2458 1371 2516 locis
1399 2455 1650 2513 omnibus
1670 2461 1725 2508 et
1751 2467 1864 2506 ont-

261 2569 423 2625 nibus
453 2562 792 2636 temporibus
816 2556 1198 2631 suppetebant.
1233 2551 1556 2608 Auimorum
1601 2543 1867 2614 imagines

264 2676 480 2732 semper
512 2657 801 2714 nobiscum
829 2660 1017 2719 erant,
1052 2650 1216 2705 etiam
1257 2643 1476 2717 quando
1508 2655 1615 2696 non
1649 2651 1869 2694 eramus

263 2731 410 2814 una:
455 2769 573 2825 quae
607 2767 674 2807 ne
712 2762 859 2805 nunc
901 2745 1118 2818 quidem
1162 2739 1501 2804 occiderunt,
1541 2731 1872 2801 assiduoque

265 2849 546 2913 advolant,
580 2859 689 2917 quo
709 2842 917 2913 majore
939 2833 1234 2898 desiderio,
1268 2847 1334 2888 eo
1355 2829 1559 2900 majore
1585 2826 1762 2896 copia.

341 2946 430 2999 7t.
470 2941 653 2997 Teneo
691 2937 852 3008 igitur
887 2943 961 3001 te,
998 2932 1188 2994 frater,
1222 2941 1322 2982 nec
1347 2923 1480 2979 mihi
1512 2930 1564 2977 te
1603 2928 1699 2973 aut
1729 2929 1876 2972 mors

267 3048 363 3096 aut
390 3046 603 3109 tempus
628 3032 850 3090 avellet.
899 3029 1033 3100 Ipsm
1063 3023 1252 3081 dulces
1293 3021 1550 3089 lacrymte
1589 3022 1736 3079 sunt,
1766 3009 1876 3081 ipsi

271 3135 430 3190 ﬂetus
455 3105 706 3204 jticuttdi,
741 3122 939 3196 quibus
986 3115 1345 3187 restinguitur
1385 3109 1550 3165 ardor
1583 3105 1786 3171 animi,
1826 3109 1882 3157 et

271 3228 426 3301 quasi
455 3184 1040 3286 ‘relaxatus‘evaporat
1079 3184 1326 3264 aﬂ'ectus.
1360 3203 1543 3275 Neque
1571 3198 1715 3252 enim
1758 3196 1875 3249 sine
1903 3184 1949 3247 C

275 3295 330 3377 te
351 3333 476 3374 esse
502 3326 747 3387 possum,
777 3315 874 3362 aut
896 3305 970 3360 tui
993 3318 1099 3358 non
1127 3296 1442 3355 meminisse
1475 3304 1752 3361 umquam,
1783 3295 1876 3341 aut

276 3379 594 3471 meminisse
627 3405 746 3460 sine
789 3395 1069 3468 lacrymis.
1101 3392 1147 3448 0
1190 3387 1361 3445 amari
1392 3385 1510 3441 dies
1532 3423 1544 3447 ,
1579 3379 1673 3454 qui
1710 3379 1878 3434 inter-

276 3513 490 3576 ruptam
514 3498 763 3570 c0pulam
793 3487 1052 3565 proditis!
1078 3485 1121 3540 0
1143 3480 1353 3538 ﬂebiles
1375 3483 1584 3540 noctes,
1618 3487 1738 3543 qua:
1769 3477 1877 3575 tam

277 3564 481 3656 bobum
504 3564 818 3651 consortem
843 3583 1066 3656 quietis,
1100 3589 1154 3634 et
1177 3572 1512 3632 individuum
1552 3568 1680 3624 mihi
1709 3564 1875 3622 comi-

279 3703 390 3751 tem
427 3684 771 3762 perdidistis!
806 3679 953 3746 Quas
980 3673 1219 3731 ederetis
1239 3682 1453 3734 cruces,
1485 3664 1588 3720 nisi
1619 3677 1679 3718 se
1708 3660 1886 3716 oﬂ‘nu-

280 3757 632 3850 deret'imago
654 3771 965 3847 praesentis,
994 3766 1100 3823 nisi
1125 3763 1362 3820 visiones
1390 3757 1558 3813 animi
1581 3768 1884 3825 repraesen-

283 3881 482 3940 tarent,
504 3884 663 3942 quem
695 3864 905 3935 Species
933 3857 1180 3930 corporis
1205 3851 1531 3921 denegaret!

353 3969 443 4024 75.
471 3965 591 4022 lam
615 3963 746 4033 jam,
779 3957 950 4012 frater
971 3953 1157 4008 animo
1187 3961 1309 4002 meo
1327 3941 1670 4007 charissime,
1698 3954 1884 4010 quam-

281 4075 444 4135 quam
475 4069 532 4114 tu
565 4045 858 4112 immaturo
893 4043 1198 4102 decesseris
1223 4039 1413 4104 obitu;
1458 4037 1651 4091 beatus
1683 4041 1884 4098 tamen,

282 4130 374 4226 qui
406 4154 508 4208 ista
541 4163 649 4204 non
679 4142 937 4207 sustines,
976 4151 1076 4192 nec
1104 4133 1366 4189 amissum
1393 4130 1617 4184 fratrem
1659 4139 1892 4181 moerere

284 4223 654 4318 compelleris,
686 4252 848 4311 quem
885 4234 1169 4288 absentem
1200 4226 1293 4282 diu
1320 4223 1469 4278 ferre
1505 4236 1612 4276 non
1651 4226 1888 4290 poteras,

285 4340 384 4399 sed
415 4311 654 4396 recursu
686 4330 853 4389 celeri
893 4323 1192 4383 revisebas.
1235 4314 1450 4392 1134
1486 4311 1641 4382 Quod
1676 4312 1722 4367 si
1768 4320 1894 4366 tunc

283 4432 598 4494 solitudinis
625 4442 760 4485 mea:
784 4422 947 4481 tredia
977 4416 1270 4491 repellere,
1296 4409 1608 4468 tnmstitiam
1639 4405 1894 4462 fraterna:

287 4531 485 4589 mentis
505 4527 762 4584 ablevare
777 4515 1104 4592 properabas
1129 4528 1143 4578 ;
1167 4516 1372 4581 quanto
1395 4517 1538 4560 nunc
1559 4499 1804 4556 crebrius
1817 4495 1898 4550 af-

2031 1893 2119 1946 77.
2163 1892 2328 1948 Deest
2367 1892 2530 1963 igitur
2558 1890 2879 1947 consolandi
2910 1892 3016 1959 via,
3045 1892 3170 1962 quia
3199 1891 3439 1963 suppetit
3474 1907 3570 1948 ex-

1958 1987 2182 2043 cusandi
2213 1986 2408 2056 gratia.
2454 1984 2638 2056 Neque
2664 1983 2811 2041 enim
2853 1984 3030 2054 possis
3070 1984 3388 2055 prohibere,
3423 1982 3568 2054 quod

1960 2077 2189 2142 doceas;
2225 2076 2524 2147 praesertim
2556 2091 2680 2132 cum
2719 2075 3002 2147 religionis
3037 2086 3244 2131 astruat
3277 2076 3569 2147 lacrymas,

1964 2186 2072 2226 non
2098 2171 2339 2234 doloris;
2372 2178 2427 2225 et
2455 2169 2762 2224 communis
2784 2169 2981 2224 seriem
3006 2168 3398 2239 deploratiouis
3423 2177 3573 2226 metu

1965 2263 2189 2334 pudoris
2218 2262 2464 2318 obtexat.
2491 2259 2790 2317 Consolare
2814 2275 2945 2331 ergo
2974 2261 3065 2331 qui
3095 2269 3251 2332 potes
3279 2260 3430 2317 adire
3457 2259 3574 2316 ani-

1966 2371 2136 2420 mum.
2173 2363 2462 2425 penetrare
2488 2361 2747 2409 mentem.
2769 2350 2972 2408 Cernat
2995 2362 3049 2408 te
3073 2366 3196 2408 esse
3219 2358 3569 2422 prasentem,

1967 2451 2167 2507 sentiat
2198 2466 2303 2505 non
2331 2463 2456 2504 esse
2485 2447 2830 2511 defunctum;
2859 2455 2919 2502 ut
2945 2445 3100 2518 cujus
3137 2459 3331 2501 secura
3360 2443 3428 2500 de
3462 2459 3579 2500 me-

1970 2546 2096 2611 rito,
2129 2544 2248 2615 ejus
2278 2542 2464 2598 functa
2495 2541 2714 2609 solatio,
2751 2539 2926 2597 discat
2955 2556 3052 2612 pro
3088 2555 3157 2596 eo
3196 2555 3302 2594 non
3334 2540 3576 2608 graviter

1972 2636 2183 2701 dolere,
2216 2632 2243 2672 ά
2274 2636 2364 2706 qui
2396 2650 2456 2692 se
2483 2632 2829 2690 admonuerit
2860 2647 2967 2688 non
2997 2646 3123 2687 esse
3149 2630 3468 2687 dolendum.

2045 2727 2135 2783 78.
2170 2725 2276 2784 Sed
2314 2726 2442 2798 quid
2487 2741 2590 2797 ego
2621 2734 2673 2781 te
2701 2740 2904 2790 morer,
2944 2724 3146 2780 frater?
3187 2723 3315 2794 quid
3353 2737 3582 2794 exspec-

1977 2831 2107 2887 tem,
2139 2830 2200 2876 ut
2239 2829 2423 2875 nostra
2460 2827 2640 2875 tecum
2666 2817 3084 2884 commoriatur,
3121 2825 3174 2870 et
3204 2815 3359 2886 quasi
3389 2829 3583 2871 conse-

1978 2913 2211 2986 peliatur
2255 2910 2468 2968 oratio?
2520 2909 2672 2966 Licet
2723 2919 2746 2946 ε
2789 2913 2904 2980 ipsa
2944 2907 3160 2979 species
3205 2915 3260 2963 et
3313 2905 3581 2962 exanimis

1979 3005 2227 3077 corporis
2256 3005 2426 3061 forma
2460 3003 2669 3061 soletur
2689 3045 2704 3066 ,
2745 3001 3043 3072 oculosque
3069 3013 3298 3056 manens
3322 2999 3498 3070 gratia
3527 3007 3585 3054 et

1983 3111 2308 3170 permanens
2336 3096 2504 3168 ﬁgura
2532 3093 2874 3158 demulceat;
2905 3091 3061 3158 nihil,
3093 3091 3340 3158 inquam,
3369 3103 3583 3155 moror,

1981 3189 2337 3262 procedamus
2359 3188 2426 3242 ad
2459 3187 2746 3242 tumulum.
2773 3183 2881 3241 Sed
2925 3184 3074 3255 prius
3107 3183 3360 3239 ultimutn
3402 3196 3588 3238 coram

1981 3282 2179 3354 populo
2216 3280 2232 3319 ί
2263 3281 2385 3335 vale
2421 3279 2565 3346 dico,
2599 3293 2786 3350 pacem
2827 3276 3084 3348 praedico,
3126 3275 3369 3332 osculum
3413 3272 3588 3329 solvo.

1980 3375 2239 3432 Praecede
2274 3373 2341 3430 ad
2382 3373 2529 3427 illam
2568 3386 2916 3428 communem
2951 3369 3206 3426 omnibus
3237 3378 3292 3425 et
3325 3366 3589 3433 debitam,

1984 3467 2081 3525 sed
2113 3467 2224 3538 jam
2268 3465 2402 3521 mihi
2447 3480 2559 3535 pra:
2585 3464 2803 3520 cmteris
2829 3471 2854 3510 8
2895 3461 3318 3518 desiderabilem
3345 3460 3589 3517 domum.

1984 3564 2120 3620 Para
2151 3560 2352 3632 hospiti
2380 3559 2750 3623 consortium;
2788 3564 2843 3612 et
2869 3555 3330 3628 quemadmodum
3364 3555 3452 3610 hic
3477 3570 3595 3609 ont-

1986 3655 2074 3710 nia
2105 3653 2262 3709 nobis
2290 3653 2437 3706 fuere
2465 3650 2798 3713 communia,
2819 3645 2894 3700 ita
2938 3647 3049 3702 illic
3085 3661 3300 3717 quoque
3329 3644 3419 3715 jus
3454 3645 3594 3701 divi-

1987 3747 2151 3804 duum
2186 3743 2511 3800 nesciamus.

2058 3839 2149 3898 79.
2188 3836 2290 3902 Ne,
2319 3849 2526 3906 qumso,
2558 3835 2866 3905 cupientem
2897 3833 2972 3888 tui
3005 3832 3097 3888 diu
3121 3831 3361 3897 differas,
3391 3847 3594 3904 prope-

1991 3943 2201 3989 rantem
2240 3936 2495 3999 exspecta
2523 3969 2538 3993 ,
2571 3927 2917 3984 festinantem
2953 3915 3150 3996 adjuva
3177 3966 3190 3991 ,
3230 3935 3286 3982 et
3312 3927 3357 3981 si
3395 3926 3602 3984 diutius

1991 4023 2189 4080 morari
2225 4020 2318 4076 tibi
2360 4018 2606 4085 videbor,
2645 4031 2886 4074 accerse.
2932 4017 3116 4088 Neque
3157 4017 3302 4074 enim
3343 4035 3597 4090 umquam

1994 4115 2258 4188 prolixius
2284 4111 2557 4168 abfuimus
2585 4127 2616 4166 a
2648 4109 2827 4177 nobis,
2859 4120 2916 4166 tu
2937 4118 3118 4166 tamen
3139 4111 3356 4169 solebas
3383 4113 3598 4170 revise-

1993 4225 2076 4266 re.
2105 4207 2258 4265 Nunc
2287 4205 2540 4278 quoniam
2569 4213 2624 4260 tu
2651 4203 2836 4260 redire
2873 4205 2986 4276 jam
3026 4219 3133 4260 non
3166 4215 3343 4276 potes,
3389 4222 3489 4264 nos
3531 4208 3600 4264 ad

1996 4311 2050 4358 te
2075 4303 2310 4357 ibimus:
2345 4314 2561 4370 aequum
2589 4305 2674 4354 est
2700 4305 2757 4352 ut
2778 4296 3020 4353 officium
3050 4298 3439 4369 rependamus,
3471 4299 3604 4356 sub-

1999 4410 2187 4454 eamus
2225 4393 2420 4450 vicem.
2469 4391 2773 4464 Numquam
2821 4390 2982 4448 nobis
3040 4390 3144 4448 fuit
3190 4392 3317 4448 vitae
3364 4391 3608 4450 conditio

1999 4489 2288 4547 discretior
2313 4504 2326 4541 :
2355 4498 2573 4554 semper
2593 4492 2688 4539 aut
2712 4482 2924 4539 sanitas
2947 4493 3040 4538 aut
3067 4483 3332 4556 aegritudo
3360 4498 3606 4540 commu-

777 4574 951 4670 debes
972 4574 1238 4670 revisere,
1270 4609 1327 4658 et
1351 4614 1417 4655 ex
1461 4604 1516 4652 te
1541 4598 1888 4662 conceptum,
1915 4574 1972 4637 D
1999 4584 2110 4648 nis;
2146 4591 2203 4636 ιιι
2229 4593 2353 4636 cum
2375 4577 2515 4632 alter
2536 4584 2886 4647 aegresceret,
2911 4574 3051 4630 alter
3073 4574 3128 4629 in
3150 4574 3398 4632 morbum
3422 4576 3611 4631 incur-

292 4732 388 4788 per
415 4725 467 4771 te
497 4712 672 4768 lenire
697 4702 1024 4764 maerorem!

366 4809 452 4864 76.
494 4807 564 4862 At
594 4802 730 4859 mihi
756 4808 941 4854 tamen
980 4794 1074 4850 dat
1109 4791 1320 4860 aliquas
1360 4782 1526 4841 ol'ﬂcii
1571 4794 1702 4837 usus
1737 4777 1896 4833 indu-

293 4901 426 4967 cias,
477 4908 533 4954 et
575 4893 823 4965 obsequii
864 4884 1221 4946 sacerdotalis
1259 4878 1487 4936 intentio
1518 4874 1740 4930 abducit
1777 4870 1891 4926 ani-

294 4963 443 5049 mum
469 5005 484 5044 :
513 4996 715 5044 sancta:
730 4963 868 5039 vero
898 4977 1073 5037 sorori
1099 4974 1229 5047 quid
1260 4973 1375 5038 fiet,
1409 4983 1531 5040 qua:
1554 4967 1682 5022 licet
1709 4963 1895 5046 divino

372 5139 397 5167 ιι
428 5125 656 5183 Videtur
683 5118 1002 5177 Ambrosius
1036 5105 1407 5183 respiceread
1445 5100 1708 5183 Platonis
1735 5099 1912 5183 locum

299 5203 354 5258 in
385 5169 648 5266 Αιῖὁῖιῖἐῖεί
675 5169 1050 5249 ἓόἓιῖεὶιῖἔῖιδιι
1067 5169 1225 5266 lmine
1246 5196 1275 5233 ει
1291 5179 1441 5266 ,ίίηθι
1453 5169 1916 5266 PB‘__'.“9§.‘?.'1',.'_‘!'

298 5241 1011 5334 Eidiri'éééé’it'isihihiséaiu
1031 5241 1398 5330 placidissimo
1419 5259 1611 5334 somno
1625 5241 1910 5334 assinti'lat.

301 5311 719 5400 iiiB'éL-"Jﬁia'éfn'
729 5311 1188 5400 comparationem
1215 5316 1512 5400 verisimile
1528 5323 1761 5400 estgcutn
1781 5311 1917 5400 alios

298 5381 882 5471 iﬁil'iiifaiiié"e§;b,'ui}ii
895 5381 1225 5471 Ciceronem
1251 5391 1349 5447 lib.
1378 5389 1445 5445 dc
1468 5386 1784 5450 Senectute,
1811 5381 1918 5437 sic.-

303 5468 365 5542 ὗε
399 5493 454 5538 et
475 5484 646 5552 prima
671 5475 875 5552 Quaest.
907 5468 1130 5552 Tttscttl.

373 5529 718 5608 ιῖῐιιῗεξύιίειῖ
737 5557 867 5599 mss.
899 5557 963 5596 ac
988 5549 1100 5594 vet.
1125 5535 1260 5592 edit.
1284 5533 1385 5588 nisi
1414 5529 1556 5602 quod
1587 5541 1684 5598 pro
1705 5539 1912 5608 vergen-

303 5638 375 5693 te,
901 5626 1034 5693 mss.
1065 5609 1290 5693 legitur,
1331 5595 1547 5693 urgente
1565 5595 1599 5685 ξ’

301 5667 871 5766 ἓᾞίιίῦτιίβῆδῖῖιῖθηθ
892 5685 972 5738 sic
991 5667 1319 5766 ἰιιιῐξιῖιιιιγίι3
1342 5667 1679 5766 argentei?!

302 5744 530 5841 ἧῐὸὶὶιῖἠι
559 5744 725 5841 {tactis
752 5771 968 5841 occasu;
1006 5751 1102 5835 sed
1128 5747 1385 5841 audacior
1407 5744 1496 5801 est
1524 5756 1589 5798 ea
1615 5744 1911 5798 correctio,

305 5825 472 5916 quam
497 5845 606 5894 uta
640 5831 798 5890 nobis
823 5825 1035 5882 admitti
1067 5827 1249 5894 queat.

2000 4683 2179 4732 reret:
2217 4670 2428 4745 1135
2458 4677 2516 4725 et
2555 4682 2680 4723 cum
2736 4666 2876 4722 alter
2923 4666 3321 4735 revalesceret,
3380 4675 3611 4738 uterque

1994 4772 2372 4837 consurgeret.
2387 4757 2770 4830 Quomodnjus
2785 4766 3031 4814 nostrum
3049 4758 3368 4814 amisimus?
3388 4758 3457 4814 Et
3472 4774 3616 4815 nunc

1996 4858 2329 4919 consortium
2353 4853 2690 4927 aegritudinis
2713 4851 2838 4920 fuit,
2861 4851 3134 4924 quomodo
3155 4852 3350 4909 mortis
3392 4867 3617 4910 consor-

1999 4959 2132 5014 tiurn
2162 4966 2270 5008 non
2296 4947 2428 5004 fuit?

2094 5104 2114 5130 ς
2167 5087 2296 5144 Mss.
2345 5083 2570 5154 aliquot,
2597 5080 2652 5134 in
2683 5080 2918 5154 oratione
2956 5091 3160 5136 reuocat
3189 5118 3204 5134 .
3240 5124 3249 5134 .
3287 5120 3302 5135 .
3335 5117 3348 5132 .
3377 5083 3624 5153 precandi

2017 5159 2371 5220 assiduitatem
2398 5149 2748 5225 lacrymarugm
2771 5149 3021 5225 ubertate.

2092 5232 2119 5272 ἀ
2146 5227 2398 5285 Nonnulli
2422 5221 2583 5288 mss.,
2611 5223 2775 5294 quise
2798 5221 3082 5294 admoverit
3101 5238 3205 5277 non
3239 5222 3456 5280 dolenti.

2095 5315 2117 5342 ε
2153 5301 2290 5357 Hinc
2330 5297 2603 5366 intelligas
2625 5293 2891 5364 apertam
2931 5293 3101 5350 fuisse
3131 5294 3312 5366 Satyri
3345 5297 3630 5354 cadaveris

2021 5377 2232 5432 faciem.

2098 5445 2117 5484 ί
2148 5440 2377 5510 Cognati
2399 5439 2684 5494 demortuo
2709 5435 2934 5510 tertiata
2955 5434 3078 5491 ideo
3098 5437 3544 5510 conclamabant,
3573 5448 3632 5495 ut

2021 5534 2130 5575 nou
2160 5505 2322 5568 modo
2353 5505 2980 5579 testarenturaffectum
3016 5523 3199 5572 suum,
3237 5508 3331 5564 sed
3369 5520 3632 5579 pra-terea

2019 5602 2079 5646 ut
2105 5587 2148 5644 si
2183 5584 2321 5639 forte
2343 5581 2588 5651 spiritus.
2622 5577 2715 5649 qui
2749 5577 3038 5651 putabatur
3070 5580 3345 5648 exclusus,
3370 5577 3550 5637 adhuc
3575 5581 3631 5638 in

2021 5676 2087 5717 eo
2107 5647 2476 5716 delitescet-et,
2511 5647 2882 5706 istis‘vocibus
2911 5649 3262 5707 excitaretur.

2097 5740 2120 5774 κ
2166 5725 2334 5780 Iidem
2366 5737 2525 5786 mss.,
2548 5719 2963 5794 desiderabilem
2993 5719 3228 5792 domum,
3258 5723 3473 5794 hospitii
3518 5739 3641 5780 con-

2023 5800 2242 5856 sortium
2271 5835 2281 5851 .
2313 5837 2324 5848 .
2353 5833 2365 5849 .
2394 5836 2406 5850 .
2435 5793 2721 5862 capientem
2739 5792 2972 5848 deserar.
3011 5855 3022 5866 '
