4092 6190
157 337 340 393 1517
1104 336 1194 391 DE
1235 334 1548 393 EXCESSU
1588 334 1885 394 FRATRIS
1920 338 2029 395 SUI
2071 339 2330 397 SATYRI
2367 339 2499 398 LIB.
2540 342 2604 398 ll.
3364 349 3504 407 l5l8

154 449 329 505 dum
363 459 638 517 naturam;
663 465 730 506 ne
757 459 847 504 aut
869 450 1316 505 excellentioretn
1344 450 1578 521 aliquam
1604 459 1808 504 natura:
1838 459 1883 517 Α
1913 465 2071 520 sunt;
2105 457 2227 526 quia
2271 457 2337 510 ad
2370 467 2582 527 tempus
2621 457 2821 513 credita
2871 459 2922 512 iu
2964 469 3285 530 perpetuum
3319 471 3505 519 tenere

159 547 583 616 exceptionem
627 546 780 601 nobis
811 559 1069 615 arrogare
1100 542 1402 609 videamur,
1431 551 1525 598 aut
1561 559 1807 597 comntn-
1915 563 2021 602 non
2066 550 2391 618 possumus?
2419 551 2600 606 Gemit
2645 557 2788 606 terra
2835 552 2937 607 sub
2977 554 3194 616 aratris,
3240 555 3502 612 imbribus

165 654 327 692 nem
383 653 659 694 recusare.
694 637 910 693 Etenim
959 650 1107 691 mors
1145 636 1368 706 aequalis
1404 646 1489 691 eSt
1527 636 1804 700 omnibus,

1919 640 2160 707 caeditur,
2202 649 2526 711 tempestate
2573 643 2900 709 concutitur,
2951 643 3234 714 stringitur
3284 648 3502 715 frigore,

167 732 501 789 indiscreta
543 731 902 802 pauperibus,
941 733 1229 798 inexcepta
1271 729 1552 783 divitibus.
1588 729 1653 782 Et
1683 727 1806 782 ideo
1914 735 2030 791 sole
2060 745 2334 792 ιοηειυιιε
2361 745 2422 791 ut
2463 737 2669 792 [muns
2697 751 2912 792 τιηηυοε
2951 739 3058 793 [ειη
3086 739 3358 807 parun-ia;
3404 756 3418 794 ε
3451 749 3507 794 ει

169 826 332 881 licet
359 843 453 896 per
475 825 634 880 unius
664 836 970 896 peccaturo,
1003 826 1056 877 in
1085 839 1276 878 omnes
1301 833 1481 876 tamen
1507 822 1805 891 pertransi-

1919 843 2036 884 cum
2063 844 2125 884 se
2162 831 2316 886 vario
2346 832 2480 887 libre
2506 833 2770 899 vcsticrit,
2804 834 3023 903 proprio
3045 835 3265 889 exuitur
3295 845 3350 889 et
3379 850 3506 904 spo-

170 919 263 973 ‘-'il
300 919 493 990 (Romo
527 919 733 990 ν.18);
785 928 844 973 ut
889 932 1050 988 quem
1097 916 1315 984 generis
1360 930 1466 970 non
1510 913 1807 984 refugimus
1915 921 2076 977 liatur
2100 925 2723 991 ornatu.Qnantosltaec
2752 927 3220 998 raptorcsbabet?
3241 927 3509 984 Necfruc-

170 1024 512 1078 auctorem,
534 1029 641 1069 non
656 1012 992 1083 refugiamus
1018 1019 1073 1066 et
1099 1010 1322 1064 mortis:
1345 1020 1398 1065 et
1427 1010 1497 1064 sit
1521 1009 1678 1062 nobis
1694 1008 1805 1062 sic-
1915 1023 2026 1070 tum
2059 1032 2214 1070 suum
2255 1019 2501 1086 queritur
2534 1021 2818 1086 amissum,
2861 1035 3018 1090 quem
3055 1020 3174 1074 ideo
3203 1022 3505 1090 generavit,

171 1120 246 1163 ut
275 1125 385 1178 per
409 1125 574 1163 unum
608 1121 782 1172 mors,
821 1107 892 1161 ita
932 1121 1028 1175 per
1055 1121 1221 1160 unum
1246 1105 1410 1159 etiam
1440 1102 1804 1166 resurrectio;

174 1217 301 1258 nec
355 1216 674 1257 recusemus
704 1214 1031 1264 aerumnam,
1068 1209 1126 1253 ut
1166 1197 1547 1266 perveniamus
1589 1195 1655 1250 ad
1685 1210 1808 1265 gra-

178 1298 335 1352 tiam
373 1309 387 1350 :
433 1295 579 1350 Venit
609 1296 777 1359 enim,
817 1293 1025 1365 1137
1057 1301 1113 1347 ut
1145 1292 1396 1362 legimus,
1427 1289 1666 1345 Christus
1703 1289 1809 1343 sal-

180 1403 318 1440 vum
350 1390 545 1457 facere,
579 1387 716 1457 quod
747 1387 968 1455 perierat
1002 1381 1156 1455 (Luc.
1203 1399 1315 1449 XIX,
1363 1381 1452 1453 10)
1481 1398 1499 1436 :
1525 1392 1578 1436 et
1607 1390 1662 1435 ut
1705 1397 1807 1434 non

182 1483 374 1536 solum
407 1483 653 1544 virorum,
673 1481 763 1533 sed
794 1479 947 1533 etiam
975 1487 1298 1530 mortuorum
1323 1472 1803 1546 dominetur(Rom.

190 1592 320 1641 xw,
348 1575 426 1647 9).
455 1574 663 1644 Lapsus
690 1589 808 1628 sum
838 1573 891 1626 itt
924 1570 1204 1638 Adam,de
1237 1571 1492 1640 paradiso
1521 1569 1728 1638 eiectus
1753 1568 1805 1622 in

193 1667 409 1733 Adam,
434 1676 682 1721 mortuus
709 1666 764 1719 in
793 1665 994 1728 Adam;
1022 1664 1297 1734 quomodo
1325 1674 1563 1726 revocet,
1587 1663 1692 1716 nisi
1722 1677 1808 1716 me

192 1765 251 1818 in
271 1763 452 1817 Adam
481 1762 770 1825 invenerit,
803 1753 861 1813 ut
891 1761 942 1812 in
976 1759 1070 1812 illo
1095 1758 1268 1824 culpae
1293 1756 1614 1820 obnoxium,
1645 1755 1807 1808 morti

1917 1115 1975 1160 ιιι
1994 1107 2266 1163 amitteret
2297 1128 2310 1162 :
2335 1125 2440 1165 nec
2475 1111 2830 1180 imposterum
2859 1119 3042 1182 negat,
3071 1126 3232 1182 quem
3263 1110 3365 1166 sibi
3396 1126 3511 1168 me-

1913 1199 2072 1254 minit
2105 1201 2481 1257 auferendum.

1988 1295 2075 1349 10.
2095 1293 2304 1350 Ctelum
2331 1297 2503 1365 ipsum
2528 1311 2635 1352 non
2659 1309 2874 1367 semper
2893 1298 3174 1353 stellarum
3199 1300 3509 1354 micantium

1913 1383 2091 1453 globis
2119 1384 2308 1458 fulget,
2333 1388 2532 1457 quibus
2559 1389 2712 1459 quasi
2745 1389 3067 1459 quibusdam
3099 1390 3390 1462 insignitur
3413 1407 3508 1446 co-

1914 1479 2084 1532 ronis.
2107 1478 2224 1532 Non
2255 1495 2471 1550 semper
2495 1488 2617 1536 ortu
2649 1482 2784 1537 lucis
2816 1482 3068 1549 albescit,
3093 1483 3259 1538 radiis
3284 1485 3414 1540 solis
3443 1485 3512 1539 ir-

1913 1571 2137 1626 rutilat:
2159 1573 2256 1628 sed
2282 1573 2513 1628 assiduis
2532 1576 2739 1630 vicibus
2761 1576 2853 1630 ille
2873 1576 3090 1645 quidam
3127 1579 3310 1632 nnmdi
3334 1577 3512 1632 vultus

1913 1666 2271 1734 gratissimus,
2313 1667 2558 1722 humemi
2589 1668 2827 1722 noctium
2865 1669 3062 1739 caligat
3095 1668 3338 1724 horrore.
3373 1671 3512 1738 Quid

1913 1758 2120 1827 gratius
2154 1757 2308 1812 lucc?
2333 1758 2459 1828 quid
2490 1754 2608 1813 sole
2633 1759 2966 1829 jucundius?
2996 1776 3118 1828 quae
3145 1762 3383 1830 quotidie
3414 1777 3510 1816 oc-

187 1856 474 1919 debitum,
494 1855 566 1908 ita
591 1856 641 1908 in
663 1850 1260 1919 Cltristojustifieatum
1291 1851 1375 1921 (S.
1406 1850 1543 1921 Aug.
1571 1849 1634 1900 de
1655 1846 1807 1900 Pecc.
1843 1861 1890 1920 Β
1916 1850 2132 1912 cidunt;
2161 1850 2376 1922 1138
2399 1852 2700 1906 decessisse
2721 1862 2900 1906 tamen
2928 1854 3043 1908 lucc
3071 1853 3229 1908 nobis
3258 1867 3367 1908 non
3401 1867 3516 1908 tuo-

191 1952 370 2020 orig.,
396 1964 513 2018 cap.
557 1945 688 2010 4|)?
725 1946 780 2000 Si
812 1959 944 2012 ergo
973 1942 1220 1998 debitum
1245 1952 1329 1997 est
1365 1943 1574 2006 mortis,
1608 1941 1810 1996 soiutio

195 2041 374 2096 debet
420 2055 542 2095 esse
576 2037 901 2093 tolerabilis.
940 2036 1047 2092 Sed
1093 2035 1179 2091 hic
1211 2037 1362 2090 locus
1411 2033 1810 2104 posterioribus

200 2135 459 2205 partibus
493 2131 876 2188 reservandus.

278 2232 335 2284 7.
361 2229 514 2284 Nunc
551 2229 887 2297 propositum
915 2235 999 2280 est
1027 2238 1280 2279 asserere
1308 2227 1539 2276 mortem
1573 2220 1811 2290 graviori

203 2339 320 2378 non
353 2321 557 2377 debere
602 2335 728 2375 esse
751 2319 999 2385 mcerori,
1029 2316 1170 2387 quod
1202 2306 1547 2371 eum'natura
1583 2313 1696 2382 ipsa
1730 2327 1815 2366 rc-

205 2424 393 2484 Spuat.
429 2414 669 2482 Denique
700 2422 726 2448 ιι
766 2412 1053 2482 Lyciorum
1079 2408 1337 2465 feruntur
1364 2421 1488 2462 esse
1518 2415 1812 2475 prazcepta,

205 2525 334 2578 qua:
365 2508 510 2561 viros
529 2507 755 2575 jubeant
781 2504 1072 2558 mulierum
1097 2510 1304 2557 vestem
1327 2500 1574 2564 induere,
1608 2497 1654 2552 si
1679 2512 1810 2550 mo:-

209 2603 325 2657 rori
356 2601 707 2670 indulgeant;
737 2613 802 2653 eo
831 2597 973 2668 quod
1005 2597 1224 2652 mollem
1255 2605 1310 2650 et
1340 2593 1708 2650 effeminatum
1731 2591 1816 2660 ju-

213 2694 521 2749 dicavcrint
542 2694 593 2746 in
619 2692 736 2746 viro
766 2691 994 2745 luctum.
1040 2687 1294 2744 Deforme
1320 2698 1405 2743 est
1431 2687 1578 2741 enim
1608 2699 1704 2739 eos
1723 2681 1815 2753 qui

214 2805 317 2860 pro
347 2788 472 2852 ﬁde,
517 2804 614 2857 pro
647 2787 930 2857 religione,
961 2800 1060 2855 pro
1086 2785 1288 2854 patria,
1321 2797 1422 2853 pro
1452 2779 1705 2851 azquitate
1731 2779 1817 2847 ju-

214 2883 368 2950 dicii,
391 2892 557 2952 atque
587 2882 895 2938 intentione
922 2881 1142 2936 virtutis
1167 2878 1391 2934 obvium
1421 2875 1584 2930 morti
1614 2872 1818 2928 debent

216 2988 410 3047 pectus
438 2977 656 3043 olferre,
686 2991 920 3032 utmrere
957 2975 1011 3028 in
1053 2975 1158 3028 alio
1187 2971 1429 3043 gravius,
1459 2967 1602 3039 quod
1649 2967 1702 3020 in
1733 2982 1815 3031 se,

216 3069 266 3124 si
295 3084 456 3124 causa
482 3070 747 3138 exegerit,
773 3070 843 3122 sit
872 3066 1265 3137 expetendum.
1299 3065 1429 3119 Nam
1462 3060 1814 3133 quemadmo-

217 3162 346 3218 dum
371 3172 526 3232 putes
555 3165 606 3217 in
637 3174 690 3218 te
719 3177 827 3217 non
856 3161 1123 3232 refugere,
1151 3159 1294 3230 quod
1324 3156 1696 3227 impatientius
1725 3153 1817 3208 alii

1918 1939 2056 1997 leste
2084 1943 2336 2008 ferimus,
2377 1945 2498 2014 quia
2540 1959 2662 1999 eum
2699 1945 2877 2000 redire
2909 1947 3312 2016 praesumimus.
3349 1949 3514 2003 Doce-

1917 2036 1993 2090 ris
2025 2036 2079 2090 in
2110 2035 2198 2090 bis
2233 2049 2394 2107 quam
2441 2038 2493 2090 in
2523 2038 2634 2091 tuis
2659 2037 2859 2093 debeas
2891 2039 3148 2095 exhibere
3175 2042 3514 2110 patientiam.

1915 2129 1972 2185 Si
1999 2130 2285 2200 superiora
2324 2129 2418 2184 tibi
2448 2130 2728 2198 occidunt,
2779 2147 2878 2187 nec
2927 2132 3104 2187 dolori
3133 2145 3298 2201 sunt;
3330 2149 3428 2190 cur
3464 2123 3517 2188 ἐἰ

1917 2223 2217 2278 occiderint
2249 2222 2506 2289 humana,
2545 2222 2873 2279 deleantur?

1992 2315 2080 2369 Η.
2105 2315 2188 2368 Sit
2209 2324 2395 2369 tamen
2419 2315 2630 2385 patiens
2653 2315 2830 2382 dolor,
2857 2317 2924 2371 sit
2953 2317 3004 2371 in
3031 2317 3274 2372 tristibus
3299 2319 3509 2385 modus,

1920 2411 2009 2480 qui
2041 2410 2278 2478 exigitur
2305 2409 2362 2463 in
2393 2408 2669 2464 secundis.
2703 2409 2784 2466 An
2817 2412 2860 2464 si
2893 2411 3252 2467 immoderate
3278 2412 3514 2482 gaudere

1923 2513 2028 2556 non
2059 2501 2332 2564 convenit,
2366 2501 2553 2569 lugere
2592 2503 2880 2556 convenit?
2911 2501 3027 2556 Non
3057 2503 3202 2557 enim
3242 2502 3516 2557 mediocre

1922 2595 2124 2649 malum
2157 2602 2239 2648 est
2285 2594 2670 2649 immoderatio
2699 2594 2925 2662 doloris,
2958 2605 3050 2650 aut
3077 2607 3258 2649 metus
3301 2596 3509 2649 mortis.

1921 2690 2166 2755 Quantos
2189 2687 2254 2743 ad
2287 2688 2534 2758 laqueum
2563 2689 2793 2760 impulit,
2817 2691 3045 2744 armavit
3067 2690 3131 2745 ad
3159 2690 3396 2761 gladium
3420 2706 3434 2754 ;
3462 2701 3518 2744 nt

1923 2783 1977 2837 in
2003 2797 2070 2838 eo
2102 2783 2221 2851 ipso
2247 2783 2541 2838 amentiam
2569 2797 2722 2839 suam
2755 2785 3066 2854 proderent,
3099 2796 3121 2823 ε
3154 2795 3382 2839 mortem
3411 2800 3517 2839 non

1923 2877 2184 2940 terentes,
2215 2883 2271 2930 et
2297 2885 2529 2931 mortem
2563 2885 2885 2947 appetentes
2924 2895 2936 2929 :
2977 2888 3033 2932 et
3061 2878 3202 2948 quod
3235 2890 3334 2948 pro
3373 2877 3519 2931 malo

1924 2967 2194 3038 fugerent,
2229 2982 2332 3038 pro
2377 2969 2623 3024 remedio
2673 2969 3084 3025 adsciscerent?
3113 2971 3215 3036 Qui
3261 2971 3518 3040 quoniam

1924 3071 2350 3115 consentaneum
2385 3073 2592 3116 natura!
2617 3077 2730 3116 sua:
2755 3060 2902 3117 ferre
2931 3076 2995 3117 ac
3019 3063 3230 3133 perpeti
3257 3063 3517 3131 nequive-

1926 3161 2077 3217 runt,
2107 3152 2441 3207 contrarium
2474 3164 2598 3208 voto
2627 3153 2904 3216 incidunt;
2937 3165 2996 3207 ut
3023 3154 3090 3208 ab
3118 3153 3205 3208 his
3241 3155 3294 3207 in
3329 3169 3523 3223 perpe-

218 3255 406 3312 doleas
433 3255 701 3311 accidisse
715 3256 738 3308 ’ἶ
767 3255 987 3323 Depone
1010 3268 1328 3319 mcerorem,
1356 3254 1403 3307 si
1433 3261 1621 3322 potes:
1647 3249 1817 3305 inclu-
1841 3255 1892 3315 Ε
1926 3254 2075 3298 tuum
2097 3253 2446 3314 separentur,
2463 3260 2601 3314 quos
2624 3247 2776 3314 sequi
2801 3245 3254 3302 desideraverint.
3279 3245 3384 3301 Sed
3407 3247 3524 3300 lucc

219 3349 309 3414 de,
338 3350 384 3404 si
417 3366 523 3404 non
564 3357 744 3418 potes.

290 3442 344 3496 8.
370 3440 477 3494 Aut
505 3439 884 3495 absorbendus
909 3439 1109 3504 omt'iis,
1130 3446 1222 3492 aut
1251 3435 1584 3507 premendus
1609 3444 1698 3490 est
1723 3434 1822 3490 do-

221 3538 321 3592 lor.
365 3533 477 3591 Cur
509 3535 655 3590 enim
681 3530 711 3570 ¹²
742 3534 1058 3590 maestitiam
1101 3542 1248 3594 tuam
1282 3545 1390 3586 non
1439 3531 1578 3584 ratio
1611 3528 1818 3599 potius,

220 3647 376 3702 quam
403 3630 524 3687 dies
574 3629 778 3685 leniat?
821 3628 939 3683 Non
973 3626 1116 3696 quod
1159 3625 1543 3680 oblitteratum
1572 3632 1657 3678 est
1685 3632 1822 3676 tem-

223 3724 368 3793 poris
385 3725 582 3790 series,
611 3723 808 3777 melius
833 3721 1122 3792 prudentia
1157 3718 1442 3788 mitigabit.
1479 3716 1616 3781 Quin
1643 3715 1816 3769 etiam

223 3817 324 3871 ltoe
353 3816 530 3886 ipsum
575 3816 938 3884 irreligiosum
991 3825 1120 3883 puto
1163 3827 1289 3881 erga
1323 3814 1565 3878 ipsorum
1614 3819 1820 3861 memo—

222 3911 376 3972 riam,
400 3925 537 3978 quos
566 3909 818 3962 dolemus
837 3909 1102 3971 amissos;
1125 3914 1186 3958 ut
1213 3901 1465 3958 oblivisci
1486 3915 1676 3954 eorum
1706 3915 1820 3952 ma-
1853 3937 1862 3947 .

222 4004 398 4068 limus,
416 4017 576 4072 quam
603 4000 981 4056 consolatione
1016 3995 1240 4052 mulceri
1274 4012 1288 4048 :
1321 4002 1413 4048 ant
1439 4008 1560 4048 cum
1589 3991 1818 4046 horrore

221 4099 518 4164 reminisci,
542 4113 704 4169 quam
735 4095 1052 4151 meminisse
1079 4105 1199 4146 cum
1227 4090 1403 4160 gratia
1437 4107 1450 4142 :
1475 4087 1815 4143 recordatio-

223 4211 341 4250 nem
383 4193 602 4256 tiinere,
632 4205 862 4260 quorum
912 4189 1091 4256 imago
1122 4185 1323 4240 debeat
1353 4196 1474 4238 esse
1503 4179 1770 4249 voluptati
1802 4197 1814 4232 :

224 4287 465 4344 difﬁdere
503 4285 686 4355 potius
725 4298 884 4353 quam
917 4293 1143 4350 sperare
1173 4279 1241 4333 de
1284 4276 1496 4332 meritis
1529 4274 1816 4331 defuncto-

226 4398 337 4437 rum
365 4401 376 4436 :
397 4388 450 4434 et
477 4393 654 4449 poena
677 4375 944 4438 addictos,
969 4388 1130 4444 quam
1163 4367 1554 4426 immortalitati
1578 4365 1814 4431 debitos,

224 4489 354 4547 quos
379 4472 668 4536 dilexeris,
701 4466 995 4523 mstimhre.

291 4569 342 4622 9.
363 4567 468 4622 Sed
498 4563 636 4620 dicis
661 4581 673 4615 :
704 4561 852 4629 Quos
881 4559 1262 4630 diligebamus,
1283 4555 1594 4610 amisimus.
1615 4549 1813 4626 Nonne

1925 3352 2087 3399 rara;
2119 3338 2377 3409 quoniam
2426 3346 2614 3393 natura
2657 3339 2774 3412 ipsa
2821 3347 3059 3402 revocat,
3090 3339 3193 3395 etsi
3217 3339 3526 3410 praecipitet

1923 3433 2182 3487 amentia.

1999 3523 2086 3578 1-2.
2121 3523 2259 3579 Illud
2287 3539 2416 3579 vero
2447 3523 2702 3596 lreqttcns
2731 3525 2782 3578 itt
2815 3524 3157 3589 mulieribus,
3180 3522 3207 3562 ἀ
3239 3538 3293 3578 ut
3322 3526 3527 3580 clamo-

1924 3632 2010 3672 res
2035 3619 2283 3688 publicos
2307 3629 2512 3683 serant,
2547 3621 2699 3689 quasi
2723 3628 2970 3674 metuam
2996 3634 3064 3673 ne
3091 3633 3275 3673 earum
3305 3619 3520 3689 ignore-

1925 3720 2012 3765 tur
2042 3727 2284 3766 mrnmna
2329 3731 2341 3766 :
2377 3721 2432 3765 ut
2477 3707 2724 3766 illuviem
2759 3711 2928 3764 vestis
2956 3711 3235 3776 affectent,
3267 3712 3420 3780 quasi
3467 3712 3520 3764 in

1923 3819 1985 3859 ea
2009 3807 2074 3858 sit
2105 3811 2298 3857 sensus
2319 3802 2544 3858 dolendi
2569 3821 2582 3856 :
2610 3812 2666 3856 ut
2694 3803 2964 3871 impexum
2985 3801 3242 3856 sordibus
3269 3802 3520 3856 immadi-

1921 3894 2053 3949 dent
2099 3903 2306 3963 caput:
2353 3901 2414 3947 ut
2444 3901 2738 3962 postremo,
2769 3891 2913 3961 quod
2959 3892 3235 3962 plerisque
3281 3892 3336 3946 in
3381 3893 3518 3947 locis

1922 3986 2079 4056 vulgo
2117 3986 2234 4040 fieri
2275 3986 2436 4052 solet,
2469 3985 2705 4040 discisso
2745 3985 2969 4049 amictu,
3012 3983 3300 4039 diloricata
3344 3995 3518 4052 veste,

1921 4076 2115 4132 secreti
2141 4075 2365 4146 pudoris
2387 4076 2528 4130 nuda
2547 4074 2901 4146 prostitnant,
2928 4075 3080 4144 quasi
3103 4074 3280 4144 ipsum
3315 4077 3520 4132 lenoci-

1921 4180 2117 4225 nentnr
2147 4168 2434 4239 pudorem,
2475 4169 2598 4238 quia
2631 4167 2852 4237 pudoris
2881 4169 2960 4222 sui
3005 4169 3231 4237 praemia
3269 4170 3522 4238 perdide-

1920 4271 2065 4317 runt.
2117 4261 2209 4316 Sic
2238 4276 2496 4330 procaces
2527 4261 2669 4315 oculi
2703 4269 3092 4330 provocantur,
3129 4271 3182 4315 ut
3227 4263 3519 4331 concupis-

1919 4365 2064 4422 cant,
2084 4366 2142 4424 ut
2166 4372 2348 4412 amare
2372 4356 2638 4426 incipiant
2660 4355 2902 4410 membra
2931 4355 3135 4410 nudata
3161 4374 3174 4409 :
3199 4371 3320 4426 quae
3341 4356 3388 4410 si
3414 4373 3517 4409 non

1920 4451 2247 4520 aspicerent,
2269 4465 2380 4504 non
2403 4459 2670 4505 amarent.
2704 4453 2881 4518 Atque
2905 4450 3108 4505 utinam
3131 4450 3405 4506 sordidata
3431 4451 3520 4504 illa
3600 4465 3603 4467 ·

1921 4554 2232 4616 tegumenta
2258 4544 2506 4613 corporis
2535 4558 2640 4597 non
2669 4544 2930 4611 Speciem,
2958 4544 3051 4600 sed
3083 4555 3320 4599 mentem
3349 4542 3521 4599 obnu-

227 4665 334 4720 hrec
359 4663 518 4717 nobis
549 4676 672 4716 cum
711 4660 830 4729 ipso
852 4655 1052 4710 mundo
1077 4652 1473 4720 elementisque
1500 4647 1813 4704 communia
1839 4637 1895 4698 D
1920 4640 2148 4696 berent!
2181 4638 2336 4694 Latet
2381 4636 2705 4707 plerumque
2749 4637 2852 4692 sub
2881 4637 3030 4692 tristi
3071 4639 3275 4693 amictu
3323 4637 3522 4692 mentis

293 4811 316 4839 α
349 4801 582 4880 Hujusce
610 4799 767 4870 legis,
797 4811 919 4880 qua:
958 4794 1008 4880 in
1039 4792 1199 4880 Lycia
1245 4785 1472 4880 minqris
1503 4787 1646 4880 Asia:
1677 4801 1808 4880 pr‘o-

227 4874 392 4928 vincia
427 4861 578 4928 circa
614 4861 833 4938 lugendi
883 4861 1100 4938 moduni
1138 4861 1810 4938 oliservabatur,‘mentio

229 4949 484 5014 reperitur
511 4944 653 5014 apud
670 4929 804 5014 "Val.
839 4937 1122 5014 Maximum
1156 4934 1261 5014 ιφ..
1297 4943 1514 5014 u,_.cap.
1557 4929 1612 4995 ϐ,
1644 4937 1810 4999 atque

227 5002 565 5072 Plutarchum
600 5013 696 5066 lib.
730 5012 798 5065 de
829 5009 1102 5064 Consolat.
1139 5004 1203 5058 ad
1233 5002 1488 5075 Apollon.

290 5088 315 5125 ι)
344 5087 488 5142 Hanc
520 5083 843 5138 sententiam
877 5080 1119 5133 Nannius
1157 5069 1403 5129 aututnat
1446 5069 1806 5126 deformatam

226 5173 336 5216 esse
368 5173 429 5211 ex
463 5155 570 5211 illis
611 5153 958 5208 Tercntianis
980 5150 1032 5203 in
1069 5145 1332 5200 lleauton.
1371 5162 1385 5196 :
1432 5142 1533 5197 Aut
1563 5157 1655 5213 ego
1683 5156 1808 5216 pro:

227 5210 348 5301 ferto
377 5210 583 5300 ingenio
611 5228 816 5301 egregie
831 5223 898 5276 ad
923 5219 1189 5301 miseriam
1211 5227 1362 5301 nutus
1382 5230 1534 5301 sunt;
1563 5210 1652 5265 aut
1676 5210 1807 5293 illud

227 5285 406 5373 'falsttm
433 5285 541 5362 ἳδε,
566 5285 708 5373 quod
730 5285 881 5373 iiutgo
903 5291 1061 5372 audio
1085 5287 1374 5373 diciz‘diem
1406 5285 1812 5373 qdirrteretrrgri-

230 5351 772 5426 iudinentﬁlto'ntinibtts.
799 5351 928 5420 lieni
955 5362 1170 5434 existis
1190 5351 1568 5413 Ciceronianis
1586 5351 1689 5434 Ilii).
1706 5351 1808 5434 vit",

229 5445 288 5498 ad
317 5443 543 5497 Atticum
572 5444 732 5508 c'pist.
753 5437 786 5492 5
807 5452 820 5488 :
843 5431 1261 5508 Cattsofn'tionum
1289 5426 1665 5508 atttcttt_tttl[‘ff(8
1695 5426 1808 5508 uite,

231 5497 309 5569 sed
336 5516 423 5568 illa
447 5497 734 5566 rectissima
760 5509 1031 5577 :impetret
1059 5501 1217 5568 ratio,
1249 5499 1386 5570 quod
1424 5498 1532 5553 dies
1560 5497 1808 5567 impetra-

233 5596 334 5640 tura
359 5593 451 5638 est.

301 5634 460 5712 Julii.
490 5654 674 5721 inepte
706 5665 829 5703 cum
859 5648 965 5700 hoc
988 5645 1108 5697 loco
1129 5641 1392 5721 concinit,
1423 5640 1566 5712 quod
1587 5634 1814 5721 Martia-

237 5729 295 5784 lis
320 5714 672 5781 voluntariam
694 5721 890 5777 Fannii
917 5725 1148 5771 mortem
1182 5714 1514 5780 vituperans,
1547 5714 1818 5779 epigram-

234 5801 353 5856 mati
385 5800 527 5853 hunc
552 5795 715 5849 linem
745 5790 914 5858 ponit.

314 5877 418 5940 Hic,
443 5887 586 5940 rogo,
607 5883 705 5923 non
728 5857 862 5920 furor
889 5873 986 5928 est,
1013 5877 1075 5914 ne
1101 5861 1331 5923 moriare,
1359 5861 1478 5910 mori
1502 5857 1524 5907 ?

1992 4783 2020 4824 εἰ
2049 4777 2241 4832 Cicero
2273 4773 2365 4829 lib.
2393 4791 2450 4829 ιιι
2483 4773 2707 4830 Tuscul.
2740 4773 2942 4843 Quaest.
2972 4777 3121 4830 illam
3157 4777 3440 4832 mulierum
3465 4777 3515 4832 in

1917 4861 2152 4916 luctibus
2199 4859 2675 4928 intemperantiam
2711 4871 2870 4914 vocat
2918 4860 3065 4912 'vm't'a
3096 4867 3140 4913 et
3192 4861 3518 4914 detestabilia

1917 4955 2107 5014 genera
2149 4939 2383 5010 lugendi,
2415 4941 2669 5010 pwdores,
2715 4938 2987 4993 muliebres
3029 4940 3386 5002 ulcerationes,
3427 4953 3519 5010 ‘ge-

1913 5035 2164 5082 nuarum,
2216 5019 2456 5084 pectoris,
2502 5019 2774 5088 feminum,
2821 5019 3005 5089 capitis
3049 5019 3425 5089 percussiones,
3463 5022 3518 5073 et

1917 5098 2001 5154 bis
2031 5098 2229 5153 similia
2259 5097 2578 5153 describens
2608 5107 2663 5151 et
2701 5097 3100 5153 condemnatis.
3142 5098 3211 5151 At
3241 5098 3332 5151 vix
3365 5100 3521 5167 quis-

1914 5193 2076 5249 quam
2107 5179 2159 5232 in
2185 5176 2574 5247 turpitudinem
2604 5175 2753 5230 illam
2777 5177 2999 5247 gravius
3019 5186 3114 5230 aut
3138 5178 3520 5232 vehementius

1915 5260 2165 5316 invectus
2194 5271 2300 5325 est,
2353 5275 2514 5330 quam
2545 5257 2974 5330 Cltrysostomns
3006 5259 3166 5313 Hom.
3205 5260 3265 5315 6|
3309 5263 3362 5315 in
3398 5276 3526 5331 cap.

1913 5340 2268 5405 xt‘Joannis,
2305 5339 2452 5393 hom.
2491 5337 2524 5390 Ii
2553 5337 2607 5392 in
2639 5350 2762 5408 cap.
2793 5353 2831 5391 ιι
2860 5339 2929 5392 ad
2964 5337 3253 5402 Hebrmos,
3284 5351 3337 5394 et
3368 5341 3515 5393 Imm.

1915 5423 1952 5479 3
1981 5423 2036 5476 ἱιι
2069 5435 2189 5490 cap.
2216 5436 2232 5474 ι
2262 5420 2325 5472 ad
2349 5418 2751 5488 Philippenses.
2786 5421 2943 5489 Atqui
2987 5419 3255 5474 nihildum
3302 5411 3518 5476 nim:

1919 5501 2116 5556 derant
2161 5511 2249 5553 aut
2282 5499 2589 5562 audierant,
2621 5498 2782 5568 quale
2815 5499 2865 5552 in
2917 5499 3198 5568 regionum
3242 5499 3382 5552 baud
3416 5501 3521 5567 pri-

1923 5579 2045 5634 dcm
2083 5579 2418 5632 detemarnm
2465 5577 2840 5630 lielationibus
2873 5587 3226 5641 memoratur,
3263 5578 3515 5632 ttimit‘ttm

1923 5659 2189 5714 barbaras
2215 5657 2535 5728 Narsingani
2570 5658 2723 5726 regni
2745 5656 2974 5712 feminas
2993 5674 3116 5713 cum
3143 5658 3325 5712 mariti
3352 5658 3517 5713 cada-

1925 5753 2052 5792 vere
2085 5735 2362 5790 turmatim
2395 5748 2487 5791 aut
2535 5737 2684 5791 vivas
2728 5735 3096 5803 bumari,aut
3139 5738 3376 5792 cremari
3427 5752 3520 5808 pro

1928 5814 2193 5883 dignitate
2211 5815 2478 5883 conjugis.
