4092 6190
589 247 728 306 1519
1909 245 2152 302 SANCTI
2181 241 2277 299 ΑΜ

581 363 800 421 lascivia
825 380 838 416 :
872 369 928 417 et
952 361 1212 417 deformis
1240 361 1438 417 horror
1467 362 1638 417 vestis
1667 361 1973 426 obtexitur;
2003 369 2062 415 ut
2101 373 2188 414 se-
2215 357 2263 419 Δ

580 465 729 513 creta
771 455 1128 525 petulantium
1158 462 1409 525 tegantur
1444 453 1774 509 animorum.

655 552 743 606 l3.
787 549 930 605 Satis
962 549 1049 620 pie
1076 548 1251 604 virum
1283 550 1456 619 luget,
1500 565 1621 620 qua:
1652 558 1842 604 servat
1885 547 2176 618 pudorem,

582 659 688 700 non
721 643 926 700 deserit
955 641 1138 698 ﬁdem.
1166 641 1293 699 Hanc
1314 642 1454 700 bene
1474 641 1744 698 defunctis
1770 641 1946 698 ofﬁcia
1974 642 2183 711 impen-

581 739 805 802 duntur,
835 747 892 792 ut
922 737 1112 792 vivant
1142 737 1195 791 in
1224 736 1520 804 mentibus,
1550 737 1602 792 in
1627 735 1910 792 affectibus
1938 748 2181 806 perseve-

583 844 726 890 rent.
768 832 886 888 Non
936 832 1120 887 amisit
1149 832 1350 894 virum.
1393 846 1518 902 quae
1562 831 1788 887 exhibet
1829 827 2131 886 castitatem
2167 845 2180 880 :

585 941 692 980 non
726 932 812 981 est
844 923 1060 979 viduata
1092 923 1366 994 conjugio,
1411 938 1532 994 qua:
1564 937 1670 977 non
1715 919 1944 976 mutavit
1984 934 2183 975 nomen

583 1018 785 1073 mariti.
818 1016 929 1074 Nec
955 1026 1011 1072 tu
1046 1015 1331 1088 perdidisti
1369 1014 1666 1080 hmredem,
1695 1028 1815 1084 quae
1843 1011 2068 1083 adjuvas
2094 1025 2187 1066 co-

587 1109 858 1165 haeredem
891 1130 904 1165 :
936 1109 1032 1164 sed
1065 1123 1162 1179 pro
1184 1122 1502 1165 successore
1529 1106 1988 1176 corruptibilium,
2015 1114 2040 1141 ει
2071 1119 2187 1158 mu-

587 1198 714 1257 tasti
743 1209 1053 1256 consortem
1087 1198 1496 1255 immortalium.
1531 1198 1709 1253 Habes
1733 1196 1821 1268 qui
1853 1195 2185 1262 tibi‘repraa-

585 1302 767 1351 sentet
795 1291 1066 1348 hmredem
1099 1309 1112 1347 :
1138 1293 1289 1348 solve
1321 1291 1565 1362 pauperi,
1585 1288 1728 1362 quod
1752 1288 1983 1344 debetur
2013 1287 2190 1341 hatre-

584 1387 674 1453 di;
722 1397 784 1442 ut
826 1402 932 1441 non
963 1386 1141 1441 solum
1170 1394 1431 1441 maternae
1460 1393 1554 1440 aut
1597 1391 1836 1454 paterna:
1867 1380 2187 1444 senectutis,

586 1483 682 1540 sed
704 1480 868 1538 etiam
900 1481 1027 1536 vitae
1056 1479 1294 1550 propria:
1315 1481 1387 1534 sit
1406 1487 1708 1548 superstes.
1734 1476 1865 1532 Plus
1886 1473 2190 1531 successori

587 1585 682 1632 tuo
714 1573 1000 1646 relinquis,
1045 1573 1090 1628 si
1125 1573 1304 1642 portio
1337 1572 1457 1642 ejus
1485 1586 1591 1626 non
1619 1569 1686 1626 ad
1722 1572 1907 1625 luxum
1950 1581 2192 1638 praesen-

589 1669 725 1725 tium
754 1666 1026 1738 proﬁciat,
1054 1663 1149 1720 sed
1179 1663 1248 1720 ad
1273 1665 1502 1734 pretium
1539 1662 1863 1717 futurorum.

662 1758 751 1815 l4.
779 1757 888 1815 Sed
911 1756 1290 1813 desideramus
1320 1754 1576 1810 amissos.
1604 1754 1717 1809 Duo
1745 1761 1871 1808 sunt
1897 1751 2043 1806 enim
2069 1765 2189 1821 quae
2223 1754 2272 1815 Β

593 1852 832 1909 maxime
871 1859 1097 1922 angunt,
1145 1857 1240 1904 aut
1270 1847 1603 1904 desiderium
1632 1860 1846 1909 eorum.
1882 1858 2019 1914 quos
2057 1843 2194 1899 ami-

595 1947 852 2013 serimus,
883 1945 1022 2001 sicut
1054 1958 1178 1998 meo
1202 1942 1454 2012 exemplo
1484 1941 1681 1997 metior
1713 1937 1772 1992 :b
1803 1947 1898 1994 aut
1925 1937 2068 2009 quod
2099 1951 2196 1993 eos

594 2041 721 2097 vitae
752 2041 1024 2096 suavitate
1051 2037 1315 2108 privatos,
1339 2045 1559 2105 ereptos
1585 2034 1786 2090 laboris
1816 2032 1899 2088 sui
1931 2031 2196 2087 fructibus

596 2134 947 2192 arbitremur.
977 2132 1188 2188 Tenera
1218 2131 1363 2187 enim
1401 2129 1615 2202 1139
1654 2127 1859 2183 amoris
1887 2137 1972 2182 est
2009 2123 2195 2180 titilla-

605 2230 702 2295 tio,
753 2244 874 2300 qure
904 2225 1257 2297 improvisum
1305 2222 1564 2279 affectum
1605 2221 1833 2288 excitat,
1868 2227 1923 2274 ut
1973 2216 2197 2274 sedandi

603 2323 793 2394 magis,
811 2336 974 2393 quam
993 2317 1318 2376 excludendi
1337 2315 1544 2372 doloris
1566 2314 1798 2371 facultas
1823 2313 2162 2384 relinquatur
2184 2328 2197 2364 :

597 2415 763 2472 simul
791 2414 916 2487 quia
963 2413 1110 2483 pium
1152 2412 1370 2466 videtur
1397 2407 1716 2465 desiderare
1742 2405 1887 2478 quod
1923 2404 2195 2468 amiseris,

599 2518 656 2567 et
684 2509 872 2578 specie
894 2507 1113 2562 virtutis
1141 2504 1410 2562 adolescit
1440 2501 1748 2558 inﬁrmitas.

677 2601 766 2657 l5.
799 2599 907 2657 Sed
929 2615 1026 2656 cur
1052 2608 1107 2654 tu
1130 2608 1286 2670 putes
1311 2595 1691 2668 patientiorem
1737 2593 1882 2648 illam
1927 2608 2051 2650 esse
2098 2591 2203 2647 de-

607 2697 761 2762 bere,
789 2711 910 2767 quze
960 2694 1224 2750 dilectum
1254 2691 1319 2747 ad
1353 2689 1636 2760 peregrina
1675 2686 1966 2754 dimiserit,
1997 2695 2053 2742 et
2103 2685 2204 2740 mi-

604 2790 738 2847 litim
762 2789 954 2862 gratia,
981 2787 1070 2844 vel
1095 2794 1365 2856 susceptae
1385 2779 1871 2838 administrationis
1884 2779 2089 2846 ofﬁcio,
2121 2778 2206 2834 vel

610 2881 923 2953 negotiandi
974 2895 1074 2935 usu
1135 2876 1514 2934 transfretasse
1561 2875 1932 2946 compererit;
1964 2889 2127 2945 quam
2154 2881 2209 2930 te

612 2978 705 3049 qui
734 2992 842 3033 non
893 2976 1118 3032 fortuito
1139 2973 1367 3030 arbitrio
1421 2973 1848 3045 derelinqueris,
1904 2981 1998 3027 aut
2027 2972 2212 3028 studio

616 3069 882 3142 pecuniae,
931 3067 1028 3124 sed
1060 3068 1179 3137 lege
1207 3073 1414 3120 naturae
1439 3066 1548 3120 ?At
1578 3064 1933 3136 recuperandi
1985 3063 2078 3119 tibi
2133 3065 2216 3119 in-

615 3134 852 3217 ierclusa
870 3134 1040 3230 spes:
1069 3134 1228 3228 quasi
1265 3157 1522 3227 cuiquam
1553 3134 1797 3212 certa‘sit
1823 3155 2108 3212 redeundi.
2145 3156 2211 3210 Et
2238 3134 2290 3205 ο

616 3253 936 3325 plerumque
955 3249 1118 3306 dubia
1147 3249 1267 3320 plus
1289 3249 1537 3320 fatigant,
1561 3247 1651 3304 ubi
1680 3247 1906 3318 periculi
1929 3258 2106 3305 metus
2132 3250 2214 3304 in-

619 3358 789 3419 teger,
823 3345 1150 3418 graviusque
1193 3351 1282 3399 est
1312 3342 1530 3408 timere,
1562 3357 1631 3398 ne
1675 3341 1958 3407 acciderit,
1995 3353 2016 3381 ε
2050 3357 2212 3414 quam

619 3439 856 3496 tolerare
903 3437 1049 3508 quod
1097 3435 1208 3507 jam
1241 3434 1462 3491 noveris
1513 3433 1798 3489 accidisse.
1853 3431 2014 3489 Aliud
2069 3435 2213 3490 enim

619 3546 888 3590 summam
916 3528 1222 3587 formidinis
1241 3527 1711 3596 coacervat,aliud
1742 3527 1906 3584 finem
1937 3537 2218 3600 exspectat

621 3626 848 3684 doloris.

691 3719 782 3776 16.
810 3719 892 3775 An
914 3717 1152 3774 dominis
1186 3717 1278 3786 jus
1303 3723 1408 3784 est,
1438 3715 1466 3752 ά
1493 3729 1605 3786 quo
1633 3713 2001 3780 decreverint,
2037 3724 2216 3771 trans-

619 3813 765 3870 ferre
796 3811 1091 3883 mancipia,
1122 3809 1238 3866 Deo
1267 3824 1375 3864 non
1396 3809 1521 3864 est?
1545 3807 1655 3864 Sed
1701 3822 1808 3864 non
1858 3809 2099 3878 suppetit
2117 3823 2218 3863 ex-

621 3913 871 3976 spectare
927 3912 1295 3967 remeantem;
1339 3901 1582 3971 suppetit
1605 3911 1784 3956 tamen
1817 3899 2218 3971 praecedentem

623 3999 798 4069 sequi.
828 3998 896 4053 Et
940 4006 1095 4053 certe
1121 3995 1302 4052 brevis
1326 3995 1453 4051 vitae
1479 4009 1608 4051 usus
1636 4009 1739 4051 nec
1761 3993 1838 4049 illi
1881 3993 2112 4048 multum
2143 3992 2221 4046 vi-

621 4090 786 4146 detur
815 4089 1102 4162 eripuisse,
1132 4089 1386 4159 quiante
1432 4087 1712 4160 praecessit
1745 4104 1759 4142 :
1787 4100 1888 4143 nec
1919 4095 1972 4142 te
2001 4085 2225 4143 differre

623 4184 850 4252 diutius,
875 4184 967 4256 qui
999 4183 1357 4240 remanseris.

697 4280 786 4337 17.
817 4279 975 4347 Quod
1003 4279 1048 4334 si
1078 4277 1412 4334 desiderium
1446 4287 1594 4333 tuum
1644 4277 1893 4347 mitigare
1933 4290 2042 4333 non
2101 4291 2227 4346 pos-

627 4374 748 4440 sis;
785 4387 968 4429 nonne
997 4379 1179 4426 tamen
1223 4369 1439 4426 videtur
1491 4369 1772 4440 indignum
1822 4384 1922 4439 pro
1966 4368 2231 4425 desiderii

629 4464 705 4522 tui
735 4463 916 4520 studio
941 4477 1124 4518 rerum
1148 4460 1400 4518 ordinem
1425 4461 1567 4518 velle
1590 4461 1832 4518 converti
1859 4463 1881 4515 l
1910 4461 2225 4518 Amantium

625 4555 938 4614 ardentiora
970 4552 1157 4625 utique
1187 4551 1462 4608 desideria
1508 4559 1653 4618 sunt,
1681 4561 1737 4607 et
1776 4560 1956 4609 tamen
1987 4554 2227 4610 necessi-
2251 4531 2304 4592 Ῑ)

627 4648 754 4705 tatis
784 4645 1030 4704 contuitu
1056 4653 1464 4716 temperantur:
1485 4654 1508 4681 θ
1535 4653 1592 4699 et
1616 4643 1661 4700 si
1690 4643 1879 4700 dolent
1909 4643 2114 4712 deseri,
2144 4646 2226 4700 lu-

628 4756 758 4812 gere
786 4749 966 4797 tamen
994 4754 1100 4796 non
1127 4738 1311 4796 solent
1337 4737 1614 4795 :destituti
1641 4753 1828 4796 amare
1857 4738 2226 4811 impatientius

629 4834 980 4893 erubescunt.
1008 4833 1084 4891 lta
1115 4832 1376 4905 patientia
1396 4831 1653 4888 desiderii
1685 4832 1809 4904 plus
1834 4833 2116 4904 probatur.

706 4927 795 4985 l8.
825 4927 967 4996 Quid
1013 4937 1194 4985 autem
1225 4927 1293 4984 de
1325 4926 1413 4982 his
1441 4927 1653 4998 loquar,
1687 4927 1779 4999 qui
1809 4927 2095 4985 defunctos
2126 4944 2227 5000 pu-

634 5030 751 5079 tant
796 5021 921 5078 vitae
968 5021 1241 5080 suavitate
1271 5021 1524 5094 privari?
1553 5021 1711 5078 Nulla
1757 5031 1934 5093 potest
1963 5037 2087 5080 esse
2139 5023 2230 5093 ju-

634 5115 890 5174 cunditas
917 5116 1061 5174 inter
1081 5117 1178 5172 has
1205 5115 1330 5172 vita:
1359 5125 1564 5172 nostra:
1587 5114 1982 5172 amaritudines
2011 5124 2106 5172 aut
2134 5117 2230 5173 do-

708 5243 732 5303 f‘
762 5233 1014 5303 Plerique
1046 5247 1206 5296 mss.,
1239 5234 1451 5287 mutasti
1481 5232 1797 5303 consortium
1834 5233 2226 5291 immortalium.

706 5302 736 5342 ι)
762 5301 973 5359 Tullius
996 5304 1093 5359 lib.
1124 5320 1140 5358 1
1164 5304 1328 5359 Tusc.
1355 5304 1562 5372 Quzest.
1589 5321 1608 5360 :
1634 5301 1760 5375 Quis
1788 5316 1879 5368 est,
1906 5307 1992 5375 qui
2015 5323 2234 5361 suorum

639 5386 854 5433 mortem
879 5376 1101 5444 primunt
1127 5392 1231 5429 non
1259 5376 1554 5446 eo_lugeat,
1584 5374 1722 5445 quod
1763 5391 1849 5429 eos
1879 5374 2087 5432 orbatos
2117 5380 2236 5434 vitae

637 5446 919 5502 commodis
955 5447 1271 5502 arbitretur?
1319 5444 1466 5500 Tolle
1509 5444 1642 5500 hanc
1683 5446 2002 5515 opinionem,
2038 5450 2232 5503 luctum

636 5518 929 5582 sustuleris,
957 5527 1064 5573 etc.

714 5600 737 5658 (ξ
761 5593 888 5645 Mss.
913 5602 1081 5658 prope
1103 5587 1169 5643 ad
1200 5603 1388 5653 unum,
1415 5603 1570 5658 quam
1599 5586 1772 5640 dolere
1805 5589 1943 5658 quod
1959 5589 2096 5658 jam,
2122 5600 2230 5647 etc.

709 5657 737 5696 ἀ
767 5660 846 5715 Ita
866 5657 1058 5740 omnes
1083 5658 1241 5726 edit.;
1259 5674 1392 5715 mss.
1413 5657 1593 5713 autem
1620 5657 1823 5726 magno
1850 5657 2099 5727 numero,
2122 5678 2235 5730 qua.-

640 5743 740 5783 ηοη
769 5739 1070 5784 creaverim.

2283 243 2508 301 BllOSll
3838 237 3865 290 l
3877 238 3972 294 δίε

2294 360 2462 425 fores,
2493 374 2614 430 qua:
2636 359 2718 416 vel
2744 374 2810 415 ex
2839 357 3085 428 corporis
3112 354 3284 426 ipsius
3311 353 3690 417 infirmitate,
3737 351 3854 406 vel
3891 368 3972 406 ex-

2289 455 2558 509 trinsecus
2613 451 2975 509 accidentium
3035 447 3492 504 incommoditate
3545 457 3968 516 generantur.

2284 546 2448 602 Anxii
2471 548 2616 602 enim
2646 560 2891 616 semper,
2921 552 2977 600 et
3007 542 3075 597 ad
3125 541 3242 612 ipsa
3287 541 3569 596 laetiorum
3631 547 3797 595 vota
3856 553 3971 592 sus

2287 643 2467 715 pensi,
2501 641 2736 714 quodam
2769 641 3098 696 ﬁuctuamus
3125 637 3363 704 incerto,
3417 645 3764 707 sperantes
3798 633 3962 690 dubia

2288 719 2386 806 pro
2409 719 2604 800 certis,
2626 731 2973 790 incommoda
2999 747 3098 802 pro
3127 729 3406 795 secundis,
3435 727 3676 784 caduca
3718 742 3848 798 pro
3883 742 3962 780 so-

2289 829 2414 885 lidis
2445 845 2457 882 :
2485 828 2619 884 nihil
2669 828 2937 885 habentes
2968 827 3254 898 potestatis
3275 825 3329 880 in
3361 824 3640 890 arbitrio,
3681 821 3854 879 nihil
3884 823 3959 876 ﬁr-

2291 921 2497 978 mitatis
2523 923 2574 976 in
2605 930 2752 976 voto.
2788 923 2856 975 At
2883 920 2928 975 si
2969 917 3172 990 aliquid
3224 926 3412 973 contra
3445 916 3853 972 voluntatem
3883 930 3958 970 ac-

2291 1014 2512 1080 ciderit,
2545 1015 2792 1084 perditos
2814 1029 2916 1070 nos
2945 1021 3201 1085 putamus
3231 1028 3246 1078 ;
3279 1011 3515 1082 plusque
3545 1010 3952 1066 adversorum

2291 1109 2484 1165 dolore
2514 1108 2837 1181 frangimur,
2858 1123 3018 1179 quam
3039 1105 3403 1164 secundorum
3423 1103 3623 1160 fructu
3667 1105 3949 1174 patimur.

2292 1203 2504 1271 Quibus
2532 1203 2696 1274 igitur
2725 1211 2919 1258 carent
2944 1201 3125 1268 bonis,
3159 1200 3254 1271 qui
3279 1199 3456 1271 magis
3485 1199 3862 1271 eripiuntur
3888 1200 3950 1251 ii:-

2294 1297 2601 1354 commodis
2629 1296 2653 1349 ?

2369 1393 2456 1448 l9.
2483 1392 2773 1460 Valetudo,
2801 1392 2990 1458 credo,
3027 1391 3168 1447 bona
3197 1391 3318 1461 plus
3347 1390 3601 1461 adjuvat,
3641 1403 3844 1460 quam
3876 1388 3942 1441 af.

2296 1487 2428 1558 fligit
2460 1489 2602 1542 mala
2640 1505 2652 1541 :
2679 1496 2773 1541 aut
2802 1486 3078 1556 opulentia
3121 1485 3242 1555 plus
3271 1485 3537 1551 delectat,
3570 1501 3769 1556 quam
3800 1499 3944 1553 eges-

2299 1562 2586 1636 tasiatﬁcit
2613 1566 2629 1634 Ξ
2647 1588 2742 1635 aut
2772 1579 3009 1636 filiorum
3039 1579 3214 1650 magis
3239 1577 3491 1634 amabilis
3512 1580 3744 1648 gratia,
3785 1594 3940 1648 quam

2300 1673 2544 1744 lugubris
2570 1672 2795 1727 amissio
2823 1690 2835 1725 :
2868 1680 2965 1726 aut
2991 1670 3364 1727 adolescentia
3400 1669 3755 1741 jucundior,
3785 1685 3938 1740 quas:

2297 1775 2554 1823 senectus
2575 1766 2798 1821 tristior.
2825 1765 2996 1834 Quam
3027 1765 3346 1836 plerumque
3369 1780 3600 1820 suorum
3641 1764 3835 1821 tmdet
3859 1781 3939 1819 vo-

2303 1868 2478 1915 torum
2510 1868 2568 1914 et
2591 1857 2765 1930 optati
2787 1859 3046 1930 paenitet;
3070 1868 3127 1913 ut
3155 1857 3339 1913 doleat
3365 1859 3772 1928 impetratum,
3797 1860 3934 1928 quod

2302 1967 2409 2006 non
2450 1951 2748 2020 impetrare
2775 1949 3073 2006 metuebat.
3091 1949 3291 2005 Exsilio
3315 1963 3469 2016 vero,
3503 1957 3563 2005 et
3585 1959 3933 2005 caeterarum

2303 2058 2588 2114 poenarum
2637 2041 2982 2109 acerbitates,
3015 2045 3165 2112 'quaa
3196 2050 3377 2113 potest
3414 2055 3812 2113 compensare
3846 2060 3932 2111 pa-

2304 2137 2455 2192 tria?
2503 2152 2626 2208 qua:
2677 2135 3030 2207 voluptates?
3079 2136 3212 2205 Quae
3266 2136 3432 2192 etiam
3485 2151 3614 2192 cum
3674 2136 3930 2194 adsunt;

2305 2229 2662 2286 debilitantur
2681 2238 2881 2294 tamen,
2913 2236 3008 2284 aut
3036 2243 3142 2286 non
3173 2228 3358 2285 utendi
3384 2227 3610 2296 affectu,
3637 2240 3746 2286 aut
3773 2232 3932 2286 amit-

2308 2323 2454 2380 tendi
2481 2332 2650 2379 metu.

2375 2415 2469 2472 20.
2498 2415 2631 2473 Esto
2651 2425 2865 2472 tamen:
2896 2425 3116 2473 maneat
3137 2416 3751 2484 inoffensus,immunis
3781 2433 3816 2472 a
3840 2418 3929 2472 do.-

2309 2510 2535 2574 loribus,
2571 2525 2770 2581 perpes
2817 2509 2872 2565 in
2926 2510 3301 2581 voluptatibus
3321 2511 3448 2567 vita:
3469 2526 3673 2568 cursus
3712 2511 3931 2586 11M

2311 2601 2602 2668 humanae;
2655 2601 2784 2673 quid
2831 2611 3012 2657 tamen
3065 2604 3342 2659 commodi
3416 2592 3701 2675 consequi.
3748 2614 3930 2675 potest

2311 2697 2490 2751 anima
2513 2695 2566 2750 in
2598 2695 2904 2750 istiusmodi
2928 2694 3180 2766 corporis
3208 2695 3418 2751 inclusa
3448 2696 3847 2766 compagibus,
3881 2705 3930 2752 et

2313 2787 2635 2859 quibusdam
2665 2787 3034 2844 membrorum
3057 2789 3326 2860 angustiis
3349 2789 3670 2845 coarctata?
3700 2789 3762 2846 Si
3793 2806 3928 2846 caro

2315 2891 2499 2934 nostra
2543 2893 2819 2935 carcerem
2851 2879 3011 2950 fugit,
3045 2880 3092 2935 si
3119 2879 3425 2937 detestatur
3451 2896 3620 2937 omne
3654 2881 3924 2952 quidquid

2315 2973 2578 3044 evagandi
2615 2972 2928 3029 facultatem
2958 2985 3122 3045 negat
3152 2991 3167 3039 ;
3197 2990 3321 3045 quae
3352 2975 3538 3046 utique
3570 2977 3760 3046 parvis
3786 2978 3923 3032 ultra

2319 3083 2376 3123 se
2403 3065 2657 3122 audiendi
2683 3065 3012 3138 videndique
3033 3081 3333 3123 excurrere
3371 3067 3590 3124 videtur
3615 3069 3883 3125 sensibus
3913 3092 3922 3125 :

2319 3171 2524 3232 quanto
2551 3159 2721 3232 magis
2742 3160 2922 3215 anima
2948 3169 3132 3216 nostra
3162 3175 3487 3232 corporeum
3514 3160 3658 3216 istud
3686 3162 3923 3218 evadere

2318 3253 2484 3325 gestit
2505 3250 2523 3290 ί
2543 3252 2899 3324 ergastulum.
2930 3269 3050 3324 qua:
3072 3261 3221 3308 motu
3250 3246 3413 3309 aere'o
3432 3252 3628 3319 libera,
3648 3253 3922 3310 nescimus

2318 3361 2428 3417 quo
2459 3345 2642 3411 vadat,
2671 3353 2765 3400 aut
2787 3343 2931 3401 unde
2961 3345 3150 3400 veniat
3177 3344 3366 3415 (Joan.
3393 3360 3472 3413 tu,
3496 3345 3554 3416 8)
3581 3345 3594 3398 l

2389 3438 2482 3494 2f.
2504 3436 2718 3493 Scimus
2743 3444 2924 3493 tamen
2953 3436 3097 3507 quod
3135 3438 3356 3508 corpori
3383 3437 3719 3508 supervivat,
3753 3448 3810 3494 et
3838 3454 3914 3503 ea,

2322 3529 2430 3599 jam
2463 3527 2726 3598 depositis
2759 3528 2965 3600 proprii
2996 3544 3194 3586 sensus
3232 3529 3501 3601 repagulis
3546 3529 3841 3599 expedita,
3869 3533 3922 3586 li-

2326 3621 2460 3677 bero
2486 3628 2678 3678 cernat
2705 3619 2923 3687 obtutu,
2955 3636 3077 3692 quae
3123 3631 3252 3678 ante
3311 3623 3413 3677 sita
3462 3619 3518 3676 in
3546 3634 3791 3691 corpore
3819 3639 3918 3678 non

2327 3713 2566 3770 videbat.
2600 3723 2624 3761 ε
2675 3712 2832 3780 Quod
2886 3713 3138 3784 exemplo
3189 3712 3576 3769 dormientium
3630 3727 3917 3783 possumus

2327 3808 2601 3864 aesdmare
2619 3807 2874 3878 (quorum
2892 3806 3060 3861 animi
3085 3805 3233 3862 velut
3257 3806 3476 3876 sepulto
3488 3805 3655 3876 quieti
3669 3821 3916 3877 corpore,

2328 3901 2396 3957 ad
2423 3901 2614 3957 altiora
2645 3915 2705 3956 se
2730 3901 3038 3971 subrigunt,
3057 3910 3111 3956 et
3137 3899 3451 3955 renuntiant
3472 3897 3713 3969 corpori)
3744 3916 3915 3957 rerum

2329 3994 2656 4059 absentium,
2671 3993 2753 4050 vel
2773 3993 2938 4050 etiam
2951 3992 3256 4050 cmlestium
3275 3992 3538 4048 visiones.
3558 3991 3700 4062 Ergo
3712 3992 3761 4048 si
3781 4010 3915 4049 mors

2331 4086 2515 4142 carnis
2544 4101 2613 4142 ex
2641 4085 2830 4142 saeculi
2860 4099 2960 4142 nos
2985 4084 3220 4142 absolvit
3256 4085 3541 4153 aerumnis,
3573 4084 3760 4154 utique
3812 4102 3917 4141 ma-

2332 4182 2441 4236 lum
2470 4195 2577 4236 non
2606 4186 2712 4247 est,
2744 4195 2866 4251 quae
2889 4179 3196 4236 libertatem
3225 4178 3486 4246 restituit,
3506 4178 3748 4236 excludit
3775 4181 3916 4237 (1010⁴

2330 4291 2444 4333 rem
2455 4318 2468 4332 .

2404 4369 2496 4424 22.
2534 4370 2671 4425 llinc
2700 4369 2860 4440 igitur
2887 4369 3045 4426 nobis
3066 4368 3396 4426 adoriendus
3435 4368 3746 4441 disputandi
3775 4372 3912 4427 locus

2337 4473 2569 4534 mortem
2587 4464 2791 4520 malum
2816 4479 2922 4520 non
2947 4478 3100 4531 esse;
3129 4464 3253 4535 quia
3286 4478 3656 4520 aerumnarum
3681 4466 3911 4522 omnium

2332 4557 2710 4626 malorumque
2730 4556 3037 4628 perfugium
3055 4564 3161 4620 est,
3191 4565 3248 4612 et
3277 4555 3381 4611 ﬁda
3408 4557 3574 4612 statio
3598 4558 3910 4624 securitatis,

2333 4663 2395 4704 ac
2423 4655 2613 4720 portus
2634 4648 2855 4719 quietis.
2882 4647 3017 4704 Nam
3065 4649 3194 4720 quid
3223 4649 3278 4705 in
3310 4649 3412 4706 hac
3442 4649 3556 4705 vita
3587 4665 3690 4705 non
3711 4652 3912 4723 experi-

2334 4759 2457 4800 mur
2479 4743 2748 4800 adversi?
2787 4742 2934 4811 Quas
2975 4759 3084 4800 non
3139 4743 3430 4815 procellas,
3471 4753 3910 4819 tempestatesque

2336 4836 2714 4908 perpetimur?
2755 4835 2951 4907 quibus
3001 4851 3110 4893 non
3137 4837 3477 4908 exagitamur
3518 4836 3910 4895 incommodis?

2335 4933 2493 5002 cujus
2515 4929 2755 5002 parcitur
2778 4928 2990 4985 meritis
3017 4929 3040 4984 ?

2407 5026 2500 5082 25.
2543 5026 2774 5082 Sanctus
2797 5022 3110 5095 patriarcha
3137 5023 3302 5081 lsrael
3335 5025 3597 5096 profugus
3615 5025 3802 5096 patria,
3817 5027 3912 5082 fra-

2341 5132 2446 5188 tre,
2474 5120 2819 5192 parentibus,
2844 5117 3070 5175 domum
3090 5119 3320 5175 mutavit
3338 5119 3538 5176 exsilio
3565 5118 3715 5192 (Gen.
3733 5136 3908 5191 xxvtu,

2411 5248 2433 5310 ς
2457 5237 2785 5310 gomplures
2815 5250 2987 5310 mss.,
3003 5237 3097 5291 etsi
3112 5237 3301 5310 ‘dolent
3325 5236 3603 5310 discedere.

2416 5307 2435 5346 ί
2457 5307 2806 5377 Ergastulum
2837 5316 2943 5369 est.
2979 5308 3145 5378 inquit
3194 5307 3460 5374 Nannius,
3495 5308 3590 5363 ubi
3643 5312 3778 5368 servi
3807 5315 3909 5368 vin-

2341 5379 2411 5434 eti
2446 5379 2859 5456 tenenturharjoéc
2879 5380 2953 5456 _-ra‘z
2973 5379 3199 5456 {maid
3230 5389 3336 5444 est,
3364 5379 3435 5456 ad
3466 5394 3630 5456 opera
3661 5381 3904 5440 facienda.

2413 5459 2437 5520 ε
2464 5449 2623 5520 Rom.
2647 5448 2780 5504 edit:
2813 5451 2953 5513 sola,
2989 5448 3144 5517 Quod
3174 5450 3484 5520 exentplum.
3517 5449 3656 5505 Infra
3686 5469 3808 5508 vero
3828 5456 3904 5511 ubi

2339 5519 2527 5598 eadem
2551 5519 2685 5574 edit.
2725 5531 2988 5598 cum_vet.
3014 5537 3085 5598 ac
3111 5535 3242 5576 mss.
3293 5519 3537 5598 aliquot._
3571 5524 3699 5577 velut
3724 5529 3907 5598 sepulto

2338 5597 2504 5663 quiete
2545 5606 2760 5657 corpore
2789 5607 2810 5656 ,'
2845 5593 3067 5648 Amerb.
3114 5601 3168 5648 et
3197 5607 3354 5656 mss.,
3377 5593 3537 5663 quieti
3575 5593 3813 5663 corpore;
3843 5598 3906 5652 ibi

2341 5661 2514 5789 major
2541 5677 2800 5719 numerus
2828 5677 2958 5719 mss.
2990 5672 3200 5720 tantum
3221 5661 3471 5729 exhibet,
3490 5663 3626 5720 velut
3651 5661 3827 5739 sepulti
3849 5670 3908 5724 ad

2341 5753 2370 5789 α
2397 5746 2546 5788 uora.

2341 5746 2546 5789 uttsora.
