4076 6172
184 239 338 296 1521

1102 255 1191 311 DE
1235 255 1544 315 EXLESSU
1588 253 1888 320 FRATllIS
1927 264 2035 322 SUI
2072 265 2327 326 SATYRI
2366 271 2498 328 LIB.
2541 273 2606 329 ll.

3371 282 3396 342 1
3409 288 3512 346 ζ22

175 354 272 423 5),
311 365 560 426 stuprum
587 359 716 416 filiae
740 360 894 433 (Gen.
928 372 1113 431 xxxrv,
1139 368 1223 437 2),
1255 371 1445 438 generi
1475 386 1662 426 necem
1707 372 1792 429 ﬂe-

1905 393 2026 431 nam
2052 379 2232 450 (Joan.
2269 398 2383 449 xm,
2417 383 2508 455 '57)
2537 389 2930 452 ;tentationem
2955 397 3395 466 praisumptionis
3420 417 3510 458 an-

175 445 268 501 vit
298 447 462 518 (Gen.
494 451 752 522 xux,'5),
806 453 1000 510 famem
1030 459 1279 526 pertulit,
1314 461 1653 530 sepulturam
1707 464 1801 521 de-

177 539 417 597 functus
457 543 680 610 amisit;
725 546 1011 604 transferri
1058 553 1203 606 enim
1245 567 1371 608 ossa
1430 571 1552 622 sua,
1601 573 1668 613 ne
1714 561 1801 615 vel

178 643 453 690 mortuus
476 637 870 707 requiesceret,
888 641 1217 699 obsecravit.

259 725 358 782 24.
397 727 636 785 Sanctus
662 730 868 803 Joseph
899 735 1023 791 odia
1056 735 1310 804 fratrum,
1336 741 1564 799 insidias
1589 743 1800 801 invido-

178 834 356 886 rum,
406 825 748 881 servulorum
799 829 1105 901 obsequia,
1153 841 1519 891 mercatorum
1571 837 1800 909 imperia

178 911 409 980 (Cenes.
433 918 705 982 xxxvu,‘
731 928 780 974 et
807 919 964 992 seq.),
983 922 1258 979 adomina:
1284 926 1659 996 petulantiam,
1687 945 1800 984 ma-

179 1006 280 1060 riti
315 1007 608 1075 inscitiam,
651 1014 889 1069 careeris
928 1031 1146 1087 quoque
1182 1027 1266 1073 est
1307 1031 1568 1090 expertus
1599 1038 1799 1078 aerum-

180 1115 320 1155 nam
346 1100 502 1170 (Gen.
534 1121 722 1172 xxxix,
747 1107 816 1162 12
845 1119 892 1164 et
918 1109 1079 1182 seq.).

260 1193 358 1248 25.
387 1195 620 1253 Sanctus
649 1199 819 1256 David
853 1203 990 1258 filios
1035 1204 1220 1260 amisit
1243 1206 1380 1262 duos
1412 1225 1423 1260 :
1459 1224 1622 1263 unum
1651 1209 1800 1266 ince-

179 1297 337 1342 stum
369 1288 436 1360 (ll
467 1291 594 1365 Reg.
624 1309 742 1361 xm,
773 1295 896 1362 29),
925 1298 1159 1352 alterum
1211 1300 1538 1369 parricidam
1573 1303 1638 1372 (ll
1662 1303 1793 1377 Reg.

177 1397 344 1448 xviii,
383 1383 497 1454 14).
526 1385 636 1441 llos
666 1387 923 1445 habuisse
949 1391 1181 1461 pudoris
1212 1401 1314 1458 est,
1332 1393 1538 1449 doloris
1564 1406 1647 1452 est
1675 1412 1798 1467 per-

177 1473 415 1531 didisse.
453 1477 653 1533 Amisit
671 1489 726 1534 et
757 1480 1003 1548 tertium,
1023 1499 1188 1553 quem
1220 1485 1456 1552 amabat,
1484 1489 1787 1557 parvulum.

179 1564 346 1620 ilune
362 1567 636 1624 viventem
686 1570 866 1628 adhuc
890 1571 1056 1640 ﬂevit,
1086 1585 1356 1632 mortuum
1385 1593 1492 1633 non
1519 1579 1797 1636 desidera-

1909 477 2121 539 tequam
2172 474 2332 528 tertio
2361 477 2537 546 gallus
2584 491 2830 539 cantaret
2861 484 3089 540 incurrit
3117 487 3296 554 (Joan.
3346 509 3504 564 xvm,

1903 561 2021 634 27).
2051 564 2205 622 Licet
2232 568 2323 622 illa
2366 573 2594 628 tentatio
2624 575 3010 634 documentum
3042 579 3215 639 fuerit
3267 586 3334 641 ad
3360 561 3508 645 salu;

1905 661 2012 709 tem
2038 671 2052 720 ;
2084 664 2141 710 ut
2169 657 2448 716 discamus
2475 678 2580 718 non
2632 678 2982 726 contemnere
3007 674 3192 730 carnis
3220 675 3504 736 infirmita-

1904 755 2125 815 tem,ne
2174 756 2578 813 contemnendo
2620 769 2911 817 tentemur.
2951 764 3012 821 Si
3038 765 3234 824 Petrus
3265 781 3504 830 tentatus

1902 843 2142 912 est,quis
2164 857 2478 915 praesumat,
2494 850 2836 918 quisastruat
2858 869 2918 909 se
2946 870 3054 911 non
3079 873 3241 927 posse
3267 865 3502 919 tentari?

1901 933 2078 1004 Atque
2109 935 2253 992 haud
2284 937 2448 995 dubie
2475 955 2574 1010 pro
2602 943 2758 999 nobis
2790 954 3033 1003 tentatus
3080 958 3164 1006 est
3206 951 3418 1019 Petrus,
3450 965 3507 1010 ιιι

1902 1025 1954 1079 in
1986 1025 2215 1082 fortiore
2240 1044 2345 1083 non
2386 1041 2536 1087 esset
2595 1037 2918 1092 tentamenti
2947 1039 3249 1108 perieulum
3282 1062 3295 1098 :
3325 1045 3420 1101 sed
3450 1047 3504 1102 in

1900 1117 1994 1172 illo
2022 1117 2356 1176 disceremus
2379 1125 2839 1192 quemadmodum
2855 1129 2906 1183 in
2926 1133 3395 1200 persecutionibus
3418 1153 3506 1194 rc-

1900 1211 2296 1280 sistentes,etsi
2323 1217 2448 1271 vitae
2471 1218 2654 1274 studio
2675 1227 3043 1289 tentaremur;
3077 1227 3394 1284 tentationis
3425 1238 3505 1284 ta-

1901 1319 2025 1360 men
2044 1307 2295 1364 aculeum
2321 1310 2598 1381 patientiae
2628 1312 2884 1386 lacrymis
2918 1317 3282 1377 vinceremus.

1970 1398 2062 1454 28.
2095 1398 2242 1457 Idem
2290 1411 2470 1458 tamen
2506 1403 2696 1470 David,
2731 1422 2801 1462 ne
2855 1424 3015 1477 quem
3047 1410 3292 1470 fortassis
3319 1415 3505 1488 Scrip-

1901 1501 2139 1548 turarum
2179 1504 2424 1552 tenacem
2451 1507 2671 1554 moveat
2698 1499 2964 1556 factorum
2994 1503 3499 1572 diversitaszidem,

1899 1585 2141 1656 inquam,
2173 1589 2342 1646 David
2374 1592 2701 1661 parricidam
2732 1605 3007 1652 mortuum
3062 1597 3238 1667 ﬂevit,
3270 1601 3363 1671 qui
3393 1617 3500 1658 non

175 1658 282 1714 vit.
318 1660 411 1716 Sic
443 1663 589 1717 enim
623 1662 854 1736 legimus
880 1665 949 1738 (ll
983 1667 1112 1741 Reg.
1161 1685 1257 1733 xu,
1289 1671 1378 1742 18)
1411 1673 1551 1742 quod
1573 1715 1587 1739 ,
1623 1688 1799 1746 aegro-
1898 1677 2122 1732 ﬂeverat
2152 1658 2514 1738 innocentem.
2547 1683 2802 1756 Denique,
2824 1701 2946 1742 cum
2999 1658 3242 1758 ploraret
3269 1658 3326 1748 et
3351 1693 3504 1764 Iuge-

178 1760 341 1808 tante
367 1769 559 1822 puero,
581 1755 977 1826 deprecabatur
1003 1759 1173 1816 David
1204 1762 1490 1818 Do‘minnm
1517 1781 1614 1835 pro
1628 1781 1714 1832 eo,
1739 1775 1794 1821 et
1823 1767 1872 1827 B
1899 1777 2005 1836 ret,
2030 1768 2166 1825 dixit
2195 1789 2209 1826 :
2244 1770 2416 1828 Filius
2441 1791 2585 1829 meus
2612 1775 2916 1846 Abessalon,
2951 1755 3093 1848 [ilius
3115 1799 3254 1837 meus
3286 1755 3505 1840 Abessa-

169 1843 469 1914 jejuuavit,
501 1855 557 1902 et
581 1848 635 1903 in
663 1850 842 1906 cilicio
864 1851 1054 1922 jacuit,
1075 1863 1132 1910 et
1155 1855 1463 1911 astantibus
1495 1857 1791 1928 majoribus

176 1948 335 2004 natu,
361 1949 422 1994 ut
442 1943 748 1998 excitarent
767 1959 888 1998 eum
904 1944 971 2000 de
991 1953 1158 2012 terra,
1188 1962 1289 2002 nec
1307 1949 1643 2020 surgendum
1662 1951 1786 2016 sibi,

177 2046 286 2086 nec
307 2033 636 2088 caanandum
669 2036 1019 2106 putavit.Ubi
1051 2053 1186 2093 vero
1216 2038 1535 2095 defunctum
1562 2058 1788 2110 puerum

176 2126 455 2195 comperit
502 2128 741 2184 surrexit
766 2128 834 2184 de
877 2137 1044 2194 terra,
1074 2131 1206 2186 lavit
1249 2133 1417 2198 illico,
1458 2146 1654 2190 unctus
1681 2147 1783 2201 est,

178 2221 513 2276 vestimenta
535 2223 788 2289 mutavit,
803 2223 1579 2294 adoravitDominum,cibum
1602 2244 1790 2298 sump-

177 2312 255 2368 sit
287 2313 477 2383 (lbid.,
506 2313 623 2384 20).
658 2313 794 2370 Cum
822 2315 940 2370 haec
971 2317 1217 2372 miranda
1270 2318 1460 2389 pueris
1504 2319 1618 2374 suis
1643 2318 1792 2375 vide-

181 2419 400 2475 rentur,
430 2409 715 2481 respondit
742 2410 825 2465 eis
848 2421 996 2467 recte
1017 2426 1098 2478 se,
1148 2410 1358 2468 infante
1384 2412 1628 2480 vivente,
1654 2413 1792 2483 jeju-

183 2517 352 2559 nasse
378 2510 431 2558 et
463 2503 742 2574 plorasse;
775 2504 898 2575 quia
947 2505 1072 2575 jure
1103 2506 1472 2562 arbitrabatur
1498 2507 1788 2563 Dominum

182 2609 351 2665 posse
374 2595 647 2664 misereri,
682 2611 784 2652 nec
831 2596 1192 2653 dubitandum
1227 2599 1370 2669 quod
1401 2599 1570 2654 vitam
1603 2609 1794 2670 posset

181 2701 408 2742 servare
430 2687 683 2754 viventis,
711 2688 803 2759 qui
822 2698 1007 2758 posset
1033 2690 1311 2746 viviﬁcare
1331 2690 1617 2748 defunctos
1642 2710 1655 2746 :
1678 2692 1790 2762 jam

182 2792 340 2845 vero,
374 2778 520 2834 obita
553 2788 750 2845 morte,
770 2780 896 2851 quid
912 2781 1312 2852 Jejunaret,qui
1334 2781 1447 2850 jam
1479 2797 1586 2838 non
1611 2793 1795 2852 posset

184 2868 453 2924 reducere
477 2881 753 2925 mortuum
796 2871 1211 2942 exanimemque
1242 2873 1685 2943 revocarezEgo,
1707 2874 1790 2928 in-

185 2962 415 3032 quit,ibo
429 2962 496 3016 ad
507 2965 958 3034 eum:ipseautem
970 2980 1073 3020 non
1088 2975 1368 3022 revertetur
1382 2967 1452 3021 ad
1464 2983 1546 3022 me
1560 2967 1786 3039 (“1.25).

267 3051 478 3125 1141
505 3053 598 3108 26.
622 3052 668 3110 Ο
694 3055 993 3111 maximum
1023 3057 1281 3113 solatium
1323 3058 1689 3116 desiderantis
1719 3059 1793 3116 ιο

1893 1861 1982 1915 lon
2004 1879 2023 1928 ;
2051 1864 2166 1933 quis
2189 1865 2333 1919 dabit
2364 1866 2491 1921 mihi
2519 1878 2738 1925 mortem
2767 1887 2864 1941 pro
2887 1881 2935 1926 te
2961 1873 3032 1942 (ll
3059 1873 3191 1946 Reg.
3210 1893 3359 1942 xvm,
3382 1877 3505 1949 '53)?

1893 1953 2008 2011 Non
2039 1957 2190 2012 solus
2209 1973 2340 2030 ergo
2369 1959 2532 2016 ﬂetur
2553 1963 2876 2032 Abessalon,
2910 1965 3073 2023 ﬂetur
3095 1972 3385 2039 parricida,
3403 1971 3501 2030 ﬂeo

1894 2054 1981 2102 tur
2008 2050 2242 2105 Ammon
2273 2049 2339 2122 (ll
2369 2050 2636 2124 Reg.xm,
2680 2055 2798 2126 56).
2828 2056 2946 2112 Non
2999 2059 3176 2115 solum
3225 2061 3389 2118 ﬂetur
3420 2065 3504 2120 in-

1893 2149 2101 2206 cestus,
2127 2142 2226 2197 sed
2255 2143 2419 2197 etiam
2447 2145 2759 2200 vindicatur
2785 2163 2798 2199 :
2824 2148 2963 2203 alter
2987 2160 3309 2222 contemptu
3325 2157 3500 2227 regni,

1893 2229 2037 2286 alter
2059 2229 2243 2286 fratris
2269 2233 2486 2288 exsilio.
2517 2234 2705 2290 Fletur
2737 2238 3059 2307 sceleratus,
3092 2257 3199 2297 non
3231 2241 3393 2300 ﬂetur
3421 2246 3506 2301 di-

1894 2318 2094 2376 lectus.
2149 2321 2282 2390 Quae
2321 2339 2486 2380 causa
2532 2326 2555 2378 7
2609 2343 2730 2397 qua:
2797 2330 2982 2384 ratio?
3035 2332 3154 2388 Non
3211 2337 3508 2392 mediocris

1892 2410 2056 2482 igitur
2082 2412 2136 2467 in
2171 2414 2530 2484 prudentibus
2551 2418 2900 2487 deliberatio,
2929 2424 3270 2493 sapientibus
3301 2429 3503 2484 confir-

1893 2505 2061 2559 matio
2088 2521 2103 2570 ;
2135 2521 2328 2577 magna
2356 2507 2502 2564 enim
2520 2510 2827 2581 prudentia:
2861 2514 2914 2569 in
2949 2525 3096 2570 tanta
3124 2517 3393 2575 factorum
3420 2521 3505 2577 di-

1892 2601 2152 2655 versitate
2193 2604 2525 2668 constantia,
2556 2620 2662 2658 una
2698 2605 2850 2662 fides.
2887 2607 2954 2662 Et
2982 2610 3101 2666 illos
3134 2624 3379 2670 mortuos
3407 2615 3506 2671 lle-

1892 2691 1991 2759 vit,
2023 2701 2077 2747 et
2116 2693 2355 2750 ﬂendum
2385 2695 2650 2752 infantem
2699 2709 2972 2756 mortuum
3005 2718 3111 2758 non
3146 2707 3386 2774 putavit;
3427 2710 3492 2764 il-

1893 2785 1978 2841 los
2003 2787 2149 2842 enim
2173 2787 2276 2844 sibi
2309 2791 2539 2860 periisse
2561 2793 2844 2862 credebat,
2875 2795 3019 2853 hunc
3049 2812 3494 2859 resurrecturum

1895 2879 2174 2948 Sperabat.

1966 2972 2056 3029 29.
2083 2973 2191 3030 Sed
2222 2976 2290 3030 de
2321 2980 2727 3037 resurrectione
2771 2984 3073 3053 posterius,
3103 3001 3252 3043 nunc
3277 2988 3345 3044 ad
3378 3005 3508 3059 pro-

1895 3066 2072 3136 posita
2104 3079 2467 3126 revertamur.
2497 3071 2871 3131 Praemisimus
2912 3077 3061 3132 enim
3091 3079 3255 3134 etiam
3284 3091 3506 3140 sanctos

188 3160 380 3200 verum
402 3143 706 3215 bsapientis
726 3146 1020 3217 judicium!
1043 3147 1088 3203 0
1109 3148 1304 3204 miram
1335 3152 1654 3222 sapientiam
1679 3167 1794 3208 ser-
1821 3151 1867 3216 C
1897 3161 2045 3216 viros
2087 3162 2271 3230 gravia
2305 3164 2359 3217 in
2391 3164 2493 3218 hoc
2527 3165 2733 3221 mundo
2760 3176 2815 3222 et
2865 3169 3033 3224 multa
3063 3186 3359 3242 perpessos
3387 3175 3508 3232 sine

188 3236 390 3294 vientis
415 3238 430 3290 ι
462 3245 519 3292 ιιι
549 3252 712 3292 nemo
737 3237 841 3293 sibi
871 3237 1088 3294 adversi
1127 3240 1330 3310 aliquid
1361 3243 1625 3299 accidisse
1653 3244 1791 3299 indi-

188 3347 294 3403 gne
322 3331 480 3398 ferat,
508 3341 561 3385 et
588 3339 779 3385 contra
809 3331 1065 3386 meritum
1091 3346 1248 3387 suum
1273 3348 1334 3389 se
1362 3344 1622 3403 queratur
1647 3336 1791 3412 afﬂi-

190 3434 362 3479 ctum.
414 3422 549 3491 Quis
595 3422 741 3477 enim
793 3431 846 3478 tu
889 3438 968 3489 es,
1011 3423 1102 3494 qui
1153 3425 1222 3482 de
1281 3435 1373 3481 tuo
1415 3429 1610 3484 merito
1660 3438 1791 3486 ante

191 3517 558 3589 pronunties?
587 3514 699 3574 Cur
739 3518 1042 3589 praevenire
1090 3519 1372 3576 desideras
1402 3523 1736 3593 cognitorem
1767 3523 1792 3576 ζ’

195 3611 304 3667 Cur
374 3613 543 3684 eripis
595 3614 920 3670 sententiam
996 3612 1370 3683 judicaturo?
1416 3615 1526 3671 Nec
1591 3615 1795 3672 sanctis

192 3706 334 3763 istud
397 3706 727 3775 permissum
777 3716 881 3772 est,
914 3722 1015 3762 nec
1060 3722 1087 3760 a
1146 3709 1353 3763 sanctis
1400 3709 1622 3779 impune
1670 3725 1793 3764 um-

193 3813 351 3868 quam
403 3807 488 3853 est
537 3806 879 3867 usurpatum.
911 3798 1080 3854 David
1126 3813 1186 3854 se
1232 3808 1524 3868 propterea
1554 3799 1792 3871 ﬂagella-

193 3900 302 3945 tum
336 3904 436 3945 suo
462 3890 705 3946 carmine
743 3890 1035 3947 confitetur
1066 3908 1079 3944 :
1114 3889 1252 3946 Ecce
1281 3893 1384 3962 ipsi
1425 3903 1718 3961 peccatores
1745 3906 1796 3950 et

193 3983 510 4038 abundantes
547 3984 601 4037 in
630 3983 844 4050 swculo,
867 3983 1204 4037 obtinuerunt
1233 3983 1461 4036 divitias.
1496 3981 1639 4057 Ergo
1683 3987 1792 4041 sine

195 4094 347 4132 causa
366 4076 656 4150 justiﬁcavi
681 4093 768 4132 cor
797 4093 985 4140 meum,
1003 4083 1050 4131 et
1079 4075 1180 4130 lavi
1206 4077 1342 4130 inter
1361 4077 1655 4132 innocentes
1679 4096 1794 4133 ma-

196 4188 290 4226 nus
316 4186 492 4225 meas:
518 4179 567 4224 et
596 4171 674 4240 fui
716 4169 1012 4243 ﬂagellatus
1038 4179 1144 4224 tota
1165 4170 1271 4237 die,
1305 4181 1327 4209 ο
1359 4177 1407 4224 et
1455 4171 1619 4226 index
1647 4189 1791 4228 meus

200 4265 250 4319 in
273 4264 583 4319 matutinum
613 4263 734 4334 (Ps.
762 4279 932 4331 Lxxn,
959 4263 1029 4318 12
1055 4273 1100 4318 et
1129 4263 1286 4336 seq.).

262 4359 352 4413 27.
378 4358 571 4414 Petrus
601 4372 816 4430 quoque
832 4357 1080 4429 quamvis
1099 4358 1293 4427 plenus
1316 4359 1424 4415 ﬁde
1451 4359 1787 4427 devotionis;

197 4465 366 4508 tamen
395 4454 520 4523 quia
545 4453 785 4509 nondum
807 4453 1059 4509 conscius
1083 4465 1286 4509 nosme
1304 4454 1792 4526 inlirmitatisprae-

1892 3252 2285 3324 suffragatione
2337 3254 2711 3324 meritorum,
2760 3273 2883 3314 cum
2935 3276 3173 3317 :erumna
3228 3264 3501 3323 laborum.

1893 3345 2052 3402 Unde
2098 3362 2385 3418 regressus
2406 3349 2474 3404 ad
2505 3365 2564 3405 se
2591 3349 2785 3420 David,
2819 3353 2872 3408 in
2899 3356 3297 3424 posterioribus
3326 3359 3460 3417 dicit
3486 3382 3499 3417 :

1895 3437 2190 3506 Memento,
2225 3440 2474 3507 Domine,
2501 3443 2623 3512 quia
2653 3444 2820 3513 pulvis
2851 3447 3214 3512 sumus,homo
3241 3461 3503 3524 tamquam

1893 3531 2108 3601 (mnum,
2142 3533 2252 3587 dies
2279 3535 2394 3604 ejus
2423 3533 2543 3606 (Ps.
2573 3550 2668 3602 cn,
2703 3534 2833 3608 15);
2862 3545 2918 3592 et
2948 3539 3076 3595 alibi
3111 3557 3123 3594 :
3161 3541 3334 3598 Homo
3356 3550 3505 3602 vani-

1895 3624 1988 3677 tati
2011 3624 2197 3678 similis
2221 3629 2390 3696 [actus
2415 3635 2512 3690 est,
2545 3626 2655 3681 dies
2683 3629 2799 3697 ejus
2821 3629 2952 3681 sicut
2985 3631 3165 3684 umbra
3190 3643 3503 3701 praetereunt

1897 3714 2016 3786 (Ps.
2048 3733 2232 3779 exuti,
2278 3717 2360 3786 4).
2393 3717 2530 3785 Quid
2563 3720 2711 3774 enim
2763 3720 2922 3774 nobis
2957 3720 3170 3793 1142
3219 3727 3495 3795 miserius,

1893 3806 1920 3844 ἀ
1949 3809 2039 3878 qui
2069 3817 2343 3878 tamquam
2396 3809 2613 3878 spoliati
2641 3818 2697 3865 et
2742 3809 2872 3866 nudi
2905 3813 3224 3882 projicimur
3271 3817 3325 3871 in
3358 3819 3503 3876 hanc

1894 3901 2088 3966 vitam,
2148 3913 2378 3969 corpore
2432 3899 2637 3971 fragili,
2699 3902 2866 3957 corde
2917 3902 3151 3969 lubrico,
3211 3906 3495 3968 imbecillo

1893 3993 2100 4058 animo,
2132 3991 2278 4046 anxii
2321 3991 2389 4046 ad
2416 3991 2846 4060 sollicitudides,
2870 3993 3134 4051 desidiosi
3163 3998 3230 4054 ad
3262 4001 3500 4071 labores,

1893 4085 2052 4156 proni
2078 4085 2144 4140 ad
2171 4084 2474 4155 voluptates
2495 4085 2519 4138 i

1963 4178 2057 4234 50.
2098 4175 2217 4233 Non
2267 4177 2421 4233 nasci
2468 4177 2634 4246 igitur
2663 4179 2827 4250 longe
2870 4181 3163 4251 Optimum,
3196 4189 3496 4246 secundum

1893 4272 2065 4327 sancti
2111 4271 2427 4327 Salomonis
2475 4272 2831 4328 sententiam.
2862 4273 3042 4344 lpsum
3072 4277 3221 4332 enim
3265 4282 3428 4337 etiam
3464 4285 3500 4340 ii

1893 4363 1985 4434 qui
2016 4362 2119 4419 sibi
2152 4363 2256 4418 visi
2301 4372 2432 4420 sunt
2479 4363 2535 4417 in
2588 4365 2940 4438 philosophia
2991 4369 3274 4428 excellere
3325 4380 3501 4433 secuti

1892 4465 2039 4514 sunt.
2061 4454 2196 4510 Nam
2226 4455 2345 4526 ipse
2372 4455 2482 4513 illis
2512 4459 2779 4522 anterior,
2815 4468 2837 4495 θ
2868 4460 3074 4516 nostris
3098 4465 3392 4533 posterior,
3423 4467 3497 4523 ita

199 4543 462 4619 sumptive
491 4547 704 4604 dixerat
732 4547 964 4603 Domino
995 4565 1009 4602 :
1043 4547 1284 4602 Animam
1308 4563 1476 4603 meam
1502 4563 1595 4618 pro
1625 4557 1673 4602 te
1694 4564 1788 4619 ρο·
1815 4541 1869 4602 D
1894 4549 1949 4604 in
1973 4548 2312 4606 Ecclesiaste
2335 4549 2554 4607 locutus
2580 4561 2666 4608 est
2700 4569 2712 4604 :
2737 4550 2808 4607 Et
2849 4553 3060 4609 laudaui
3087 4571 3179 4634 ego
3206 4573 3384 4615 omnes
3412 4560 3498 4616 de-

270 4757 292 4781 ει
317 4747 441 4801 Mss.
475 4762 580 4800 non
615 4746 792 4815 pauci,
824 4746 1016 4817 regina:
1046 4746 1407 4815 petulantiam,
1452 4745 1587 4815 regis
1635 4744 1794 4800 insci-

203 4815 341 4870 liam.

274 4888 298 4926 ι’
330 4887 488 4942 Pauci
518 4905 674 4949 mss.,
707 4887 953 4956 sapientis
977 4887 1248 4942 indicium.

275 4969 293 4996 α
325 4959 527 5013 Omnes
570 4960 700 5013 edit.
730 4973 974 5038 acumss.
1003 4960 1361 5038 nonnulli,_et
1374 4958 1746 5038 findexAm-eus
1773 4977 1792 5026 ;

201 5028 290 5084 alii
319 5043 448 5082 mss.
479 5029 917 5099 aliqunt,quibus
945 5031 1158 5084 accedit
1185 5028 1534 5083 Psalt.Bom.
1563 5028 1788 5096 Quinc.,

204 5110 248 5182 et
264 5099 424 5173 judea:
453 5115 635 5182 meus;
668 5099 1036 5182 Remigzcum
1063 5099 1246 5182 Vulg...
1275 5109 1321 5182 et
1353 5100 1789 5182 castigatiomea,

205 5170 382 5240 inquo
413 5185 518 5224 non
547 5171 823 5238 discrepat
847 5170 915 5226 ab
944 5170 1108 5226 ilebr.
1142 5170 1236 5223 ubi
1290 5170 1511 5240 legitur,
1537 5182 1581 5222 et
1626 5172 1792 5225 incre-

205 5239 338 5313 patio
386 5257 538 5308 mea;
582 5242 767 5313 carteri
816 5242 1050 5313 denique
1105 5255 1239 5313 mss.
1269 5255 1393 5295 eum
1424 5239 1584 5313 Bom.
1623 5242 1788 5310 psalt.

205 5310 417 5377 comm.,
437 5322 483 5392 et
502 5312 658 5364 inde;
684 5316 950 5392 ιιιειιεκκαὶ
977 5311 1004 5366 ὁ
1024 5312 1397 5392 ἕλεγχὸςμου.
1422 5310 1578 5392 Quod
1611 5323 1792 5367 autem

206 5384 356 5440 Rom.
388 5383 522 5438 edit.
553 5398 674 5436 cum
709 5382 896 5463 paucis
946 5382 1210 5463 mssapr’n
1249 5382 1303 5435 in
1321 5383 1660 5463 gnat-utinam,
1695 5398 1792 5452 νοτ

206 5456 308 5510 snit
337 5457 389 5508 in
416 5455 706 5535 matutinis,
737 5454 896 5536 illica
925 5467 1060 5536 inss.
1092 5453 1254 5536 longe
1284 5452 1561 5536 pluribus,
1589 5454 1658 5536 ab
1679 5463 1791 5509 aut.

205 5527 332 5583 edit.
365 5542 594 5581 necnon
623 5525 785 5579 etiam
815 5525 883 5578 ab
910 5524 1050 5593 Aug.
1092 5525 1322 5579 lectione
1349 5525 1648 5580 aberravit.

275 5593 300 5633 ἀ
328 5597 665 5668 Augustinus
698 5597 792 5650 lib.
823 5611 898 5668 tv,
925 5593 1295 5668 coritra_JnI.,
1321 5610 1447 5668 cap.
1470 5595 1568 5668 12,
1601 5595 1793 5668 eadem

212 5664 809 5750 propemodumcitate
840 5665 936 5750 lib_.
965 5681 1046 5731 ιιι,
1084 5664 1378 5750 _Ciceronis_
1418 5667 1487 5750 de
1516 5665 1754 5750 Bepubl.
1779 5684 1791 5719 :

211 5736 344 5799 unde
373 5739 692 5798 Ambrosius
719 5739 885 5795 etiam
907 5736 1052 5792 hunc
1083 5736 1262 5794 locum
1291 5737 1506 5796 videtur
1528 5736 1792 5794 imitatus.

643 5836 922 5898 Parnm.
970 5831 1143 5895 XVI.

1979 4756 2001 4783 θ
2031 4745 2106 4822 Ita
2136 4746 2266 4802 edit.
2302 4763 2367 4822 ac
2389 4763 2525 4804 mss.
2547 4751 2795 4818 exceptis
2814 4752 3140 4822 quibusdam
3163 4757 3338 4814 Paris.
3369 4762 3502 4819 edit.

1902 4818 1957 4872 in
1981 4818 2202 4886 quibus,
2236 4819 2380 4900 nobis
2410 4823 2706 4900 posterior”;
2736 4818 2952 4900 etmss.
2979 4829 3276 4894 nonnullis,
3307 4834 3396 4900 qui
3421 4818 3501 4891 le-Q

1897 4898 2090 4973 glllll',’
2136 4889 2302 4944 nostri
2334 4889 2588 4973 posterior
2607 4909 2634 4973 ;_
2659 4892 3025 4973 Remig.,ncn
3075 4889 3338 4965 posteri-or-
3380 4889 3500 4973 fuit.

1898 4959 2059 5033 llautl
2078 4960 2424 5033 incommode
2456 4969 2642 5032 potest
2679 4959 3040 5021 nihilominus
3075 4959 3400 5028 communis
3430 4959 3503 5033 le-

1896 5031 2096 5114 etiqnis
2123 5030 2209 5113 hic
2239 5045 2433 5114 sensus
2457 5030 2607 5114 esse,
2637 5043 2703 5114 ut_
2727 5033 2987 5114 Salomon
3013 5039 3104 5106 qui
3139 5039 3343 5098 dicitur
3371 5030 3500 5114 pro-

1895 5100 2039 5155 fanis
2092 5102 2430 5170 sapientibus
2500 5105 2810 5173 antiquior,
2883 5100 3043 5161 idem'
3073 5120 3254 5166 tamen
3315 5100 3512 5174 multis

1896 5180 2211 5252 nostrorum
2238 5175 2512 5252 posterior
2532 5177 2626 5239 sit,
2651 5185 2711 5230 ut
2746 5186 2881 5252 puta
2905 5177 3027 5252 Job,
3063 5180 3250 5252 Moyse
3273 5194 3328 5238 et
3355 5187 3501 5243 aliis.

1896 5243 2051 5310 Quod
2082 5253 2263 5298 autem
2294 5244 2360 5296 ad
2404 5256 2682 5301 auctorem
2711 5243 2801 5302 cui
2833 5248 2902 5302 ab
2931 5243 3172 5307 ethnicis
3196 5269 3500 5314 memorata

1896 5315 2170 5395 sententia
2192 5314 2474 5395 tribuitur,
2490 5318 2822 5395 Aristoteles
2852 5319 3144 5395 Plutarcho
3175 5332 3336 5390 teste,
3354 5344 3500 5395 eam,

1897 5385 1955 5463 in
1985 5383 2230 5438 Eudemo
2257 5385 2372 5440 sive
2420 5387 2634 5463 l_i_b.‘_de
2660 5388 2858 5463 Anima
2883 5432 2930 5463 ,Α
2955 5390 3143 5448 Sileno
3199 5383 3501 5463 adiudicat:

1901 5455 2048 5532 idem
2071 5469 2298 5532 quoque
2321 5457 2491 5532 tradit
2518 5456 2838 5532 Ciceroilib.
2857 5455 3121 5517 t’Tuscul.
3148 5455 3335 5532 Quest.
3371 5479 3426 5525 et
3451 5473 3506 5526 in

1901 5526 1997 5606 lib.
2052 5524 2123 5580 de
2171 5523 2575 5606 Cuttsolatione.
2637 5529 2774 5606 Υἱός
2825 5547 3043 5606 quoque
3086 5523 3504 5606 Thcognidis—

1904 5596 2044 5676 hanc
2100 5610 2214 5676 rem
2256 5596 2614 5676 epigramma,
2645 5596 2977 5676 Sophoclem
3012 5603 3065 5658 in
3092 5596 3278 5676 Ᾱῐάἱιῖ.
3306 5611 3506 5668 Colon.

1903 5667 2251 5754 [iactantiam
2274 5667 2375 5754 lib.
2407 5684 2488 5738 ιιι,
2511 5683 2632 5741 cap.
2667 5667 2757 5739 18,
2782 5681 2838 5728 et
2861 5674 3164 5732 Ausonium
3211 5667 3414 5754 Ecloga
3440 5684 3512 5743 de

1908 5737 2030 5796 Vita
2060 5739 2316 5794 humana.

2902 5837 2983 5901 It2
