4076 6172
645 205 782 262 I337

1991 191 2235 249 SANCTI
2277 190 2590 248 ABIBROSII

3860 191 3973 250 1528

640 335 768 375 vere
822 318 1035 390 puduit,
1064 315 1202 370 mori
1246 312 1492 385 profuit?
1534 311 1708 368 Morte
1740 311 1900 365 unius
1933 309 2251 378 plerumque
2279 305 2330 364 Α
2359 318 2666 363 ηοειιοιιιιιι
2692 306 2962 377 supplicia
2994 308 3317 383 pendemus,
3361 317 3454 364 ant
3504 309 3652 366 bene
3674 308 3970 382 "gestorum

643 413 958 483 accepimus
994 409 1262 464 maximos
1312 407 1543 478 populos
1599 406 1854 461 liberatos
1886 425 1898 458 :
1931 413 2105 459 morte
2138 404 2249 458 im-

646 505 918 574 peratoris
972 502 1187 573 fugatos
1233 503 1510 558 exercitus
1567 500 1851 564 hostium,
1899 514 2035 570 quos
2092 500 2246 552 vivus

644 598 867 652 vincere
891 594 1250 666 nequivisset.

715 695 808 750 l5.
838 693 1008 748 Morte
1032 701 1332 762 martyrum
1362 689 1555 760 religio
1583 687 1832 754 defensa,
1884 686 2155 741 cumulata
2188 686 2248 738 fi-

643 793 763 856 des,
806 787 1053 844 Ecclesia
1104 785 1362 840 roborata
1393 791 1517 839 est:
1553 782 1800 837 vicerunt
1833 780 2073 844 mortui,
2122 778 2245 833 victi

645 893 1028 957 persecutores
1051 888 1199 935 sunt.
1227 879 1415 949 Itaque
1457 891 1690 946 quorum
1734 876 1897 929 vitam
1949 873 2244 938 nescimus,

647 981 843 1034 horum
895 983 1128 1031 mortem
1176 971 1543 1028 celebramus.
1594 967 1752 1024 Unde
1799 976 1854 1023 et
1897 966 2068 1022 David
2120 979 2246 1035 pro—

645 1073 859 1142 plietice
881 1070 1152 1141 gloriatus
1181 1069 1232 1121 in
1283 1081 1394 1120 sua:
1428 1064 1632 1120 mentis
1671 1079 1898 1119 excessu
1936 1081 1947 1116 :
1985 1061 2243 1126 Pretiosa,

644 1164 842 1230 inquit,
894 1163 952 1216 in
1007 1167 1283 1230 conspectu
1344 1155 1556 1210 Domini
1604 1170 1745 1208 mors
1788 1161 2083 1206 sanctorum
2134 1154 2248 1222 ejus

649 1257 825 1330 (Psal.
857 1270 980 1319 cxv,
1017 1252 1130 1321 I5).
1165 1252 1392 1306 Mortem
1421 1247 1612 1302 maluit
1656 1245 1919 1316 praeferre
1941 1286 1955 1309 ,
1981 1258 2140 1312 quam
2169 1242 2249 1296 vi-

642 1361 774 1406 tam.
831 1348 951 1418 Ipsa
1010 1360 1158 1398 mors
1220 1351 1522 1412 martyrum
1599 1339 1884 1406 prmmium
1959 1337 2084 1390 vita:
2138 1343 2244 1391 est.

646 1443 817 1496 Morte
843 1438 1006 1494 etiam
1041 1435 1384 1490 inimicorum
1412 1431 1534 1486 odia
1566 1431 1875 1486 solvuntur.

716 1535 806 1592 46.
842 1533 980 1601 Quid
1014 1530 1214 1602 plura?
1247 1529 1423 1586 Unius
1457 1537 1638 1582 morte
1666 1527 1901 1581 mundus
1929 1526 2244 1595 redemptus

647 1639 753 1688 est.
791 1627 976 1686 Potuit
1008 1627 1152 1682 enim
1205 1624 1458 1678 Christus
1489 1639 1596 1678 non
1626 1623 1790 1687 mori,
1847 1621 1890 1673 si
1942 1621 2241 1675 voluisset:

645 1724 742 1778 sed
774 1737 950 1792 neque
983 1717 1356 1790 refugiendam
1401 1724 1634 1770 mortem
1678 1713 1831 1781 quasi
1865 1713 2114 1782 ignavam
2141 1727 2240 1782 pu-
2275 1694 2322 1754 Β

646 1818 802 1883 tavit,
835 1830 1012 1886 neque
1036 1813 1233 1867 melius
1260 1825 1359 1865 nos
1375 1825 1538 1879 quam
1575 1805 1789 1879 1146
1818 1806 2107 1861 moriendo
2130 1820 2243 1860 ser-

645 1918 846 1966 vasset.
881 1908 1067 1977 Itaque
1096 1920 1243 1960 mors
1288 1904 1407 1972 ejus
1436 1908 1544 1956 vita
1583 1909 1668 1956 est
1717 1900 1983 1955 omnium.
2020 1910 2042 1935 τι
2073 1900 2244 1955 Morte

643 2006 766 2076 ejus
789 2003 1096 2074 signamur,
1128 2007 1360 2054 mortem
1406 1997 1526 2068 ejus
1553 2006 1775 2051 orantes
1828 1996 2240 2058 annuntiamus,

644 2107 879 2154 mortem
933 2095 1050 2164 ejus
1091 2091 1388 2148 offerentes
1452 2087 1810 2158 prmdicamus
1865 2105 1877 2140 :
1930 2103 2077 2141 mors
2125 2087 2243 2155 ejus

643 2189 872 2246 victoria
894 2195 1000 2252 est,
1031 2199 1178 2240 mors
1208 2182 1326 2252 ejus
1357 2187 1760 2236 sacramentum
1786 2187 1898 2244 est,
1934 2193 2082 2232 mors
2124 2169 2244 2247 ejus

642 2302 822 2342 annua
844 2281 1163 2339 solemnitas
1190 2277 1375 2333 mundi
1408 2284 1512 2332 est.
1545 2274 1684 2344 Quid
1716 2283 1984 2344 praeterea
2014 2275 2080 2328 de
2125 2272 2244 2343 ejus

642 2388 818 2436 morte
866 2378 1135 2440 dicamus,
1185 2388 1310 2428 cum
1369 2371 1559 2426 divino
1596 2368 1890 2438 probemus
1940 2367 2237 2436 exemplo,

643 2473 768 2540 quia
801 2467 1276 2523 immortalitatem
1298 2476 1447 2517 mors
1472 2461 1586 2515 sola
1612 2459 1866 2530 quaesivit
1887 2499 1901 2524 ,
1931 2468 2096 2528 atque
2125 2457 2240 2527 ipsa

641 2579 702 2618 se
733 2577 884 2616 mors
915 2558 1182 2614 redemit?
1212 2555 1332 2612 Non
1388 2555 1552 2624 igitur
1579 2551 1861 2608 mmrenda
1904 2565 2074 2616 mors,
2119 2563 2241 2620 qua:

641 2668 800 2709 causa
856 2651 1049 2705 salutis
1095 2658 1180 2705 est
1235 2645 1469 2717 publica:
1519 2663 1531 2697 :
1583 2661 1691 2698 non
1749 2642 2003 2714 fugienda
2051 2637 2237 2709 mors,

633 2761 794 2817 quam
847 2745 942 2800 Dei
993 2743 1162 2797 Filius
1191 2757 1297 2794 non
1331 2738 1658 2807 dedignatus
1703 2745 1811 2800 est,
1856 2750 1964 2790 non
2017 2733 2239 2804 refugit.

638 2841 758 2896 Non
823 2836 1122 2894 solvendus
1195 2833 1331 2889 ordo
1391 2839 1631 2893 naturae;
1684 2827 1828 2899 quod
1863 2825 2008 2883 enim
2091 2841 2241 2882 com-

636 2949 801 2989 mune
829 2941 913 2988 est
961 2928 1220 2985 omnibus
1249 2968 1265 2994 ,
1308 2934 1604 2994 exceptum
1635 2921 1690 2977 in
1720 2921 1951 2992 singulis
1980 2935 2103 2976 esse
2131 2936 2236 2976 non

642 3033 835 3096 potest.

2349 402 2579 470 gratiam
2626 417 3043 472 consequemur.
3103 403 3369 474 Resurget
3408 405 3559 460 enim
3619 415 3838 460 natura
3901 421 3971 458 ea.

2351 494 2495 559 dem,
2551 496 2663 565 jam
2706 495 2995 566 stipendiis
3045 496 3234 550 mortis
3305 497 3659 552 honoratior.
3729 496 3968 566 Denique

2351 589 2562 652 mortui,
2593 589 2680 657 qui
2707 589 2760 642 in
2789 588 2992 642 Christo
3025 597 3167 654 sunt,
3218 599 3484 660 resurgant
3535 589 3705 657 primi
3740 604 3761 642 :
3790 588 3967 642 deinde

2349 692 2397 736 et
2429 699 2520 736 nos
2550 683 2640 752 qui
2686 684 2921 744 vivimus,
2957 683 3146 751 inquit,
3194 683 3354 738 simul
3379 700 3499 738 cum
3553 684 3667 738 illis
3699 685 3967 754 rapiemur

2351 775 2402 826 in
2425 773 2641 828 nubibus
2669 774 2869 828 obviam
2900 772 3104 830 Christo
3132 776 3184 829 in
3229 793 3384 840 aera;
3413 786 3460 830 et
3492 777 3569 830 ita
3608 793 3838 846 semper
3870 795 3966 830 eam

2353 865 2579 921 Domino
2605 867 2795 923 erimus
2821 867 3081 940 (IT/ms.
3117 885 3200 935 tv,
3253 868 3338 937 I5,
3373 867 3482 940 16).
3518 869 3603 923 Illi
3638 870 3844 940 primi,
3896 872 3962 924 vi-

2351 969 2538 1016 ventes
2583 972 2763 1017 autem
2789 962 3036 1018 secundi.
3064 963 3145 1017 Illi
3174 978 3295 1018 cum
3339 963 3491 1029 Jesn,
3552 965 3828 1021 viventes
3881 983 3962 1036 per

2350 1055 2560 1111 Iesum.
2607 1056 2716 1111 Illis
2745 1056 2959 1112 dulcior
3006 1057 3117 1111 vita
3170 1066 3289 1127 post
3321 1059 3567 1128 requiem
3595 1074 3611 1110 :
3642 1057 3960 1117 viventibus

2350 1146 2454 1202 etsi
2475 1157 2626 1218 grata
2651 1147 2992 1218 compendia,
3021 1157 3200 1204 tamen
3231 1149 3412 1220 ignota
3433 1149 3710 1208 remedia.

2423 1241 2511 1298 49.
2557 1242 2703 1298 Nihil
2740 1251 2825 1298 est
2865 1243 3029 1312 igitur
3073 1242 3216 1313 quod
3266 1244 3321 1298 in
3386 1254 3564 1299 morte
3623 1246 3957 1308 timeamus.

2352 1335 2481 1389 nihil
2525 1335 2666 1406 quod
2697 1335 2998 1391 debeamus
3041 1335 3266 1401 dolere;
3312 1336 3356 1390 si
3401 1345 3494 1391 aut
3547 1349 3778 1395 natura
3813 1356 3958 1411 repe-

2352 1428 2484 1483 tenti
2508 1429 2640 1494 vita,
2669 1444 2788 1498 qua:
2819 1437 3038 1498 accepta
3070 1438 3184 1496 est,
3233 1429 3606 1499 rependatur:
3631 1441 3734 1487 aut
3761 1437 3957 1504 petenti

2350 1521 2694 1590 impendatur
2715 1520 2920 1588 officio,
2949 1522 3001 1576 in
3034 1537 3141 1592 quo
3183 1521 3463 1592 religionis
3482 1523 3694 1590 cultus,
3728 1535 3833 1581 aut
3863 1527 3957 1581 vir-

2350 1617 2478 1671 tutis
2505 1632 2636 1672 nsns
2657 1626 2763 1671 est.
2789 1615 2975 1688 Neque
3005 1617 3150 1672 enim
3174 1616 3457 1688 quisquam
3482 1618 3610 1681 sibi,
3641 1626 3702 1673 ut
3732 1620 3822 1676 sic
3850 1637 3954 1676 ma-

2349 1719 2523 1776 neret,
2548 1710 2776 1780 optavit.
2816 1722 2835 1746 ο
2864 1709 3061 1765 Joanni
3105 1711 3433 1779 promissum
3460 1712 3808 1768 aestimatum
3860 1726 3952 1776 εει,

2347 1803 2444 1858 sed
2471 1817 2576 1858 non
2611 1812 2692 1858 est
2734 1802 3025 1857 creditum.
3055 1802 3230 1858 Verba
3279 1813 3564 1870 tenemus,
3620 1810 3954 1863 sententiam

2347 1893 2676 1949 derivamus.
2713 1893 2834 1964 Ipse
2857 1896 2910 1949 in
2941 1895 3080 1950 libro
3102 1904 3261 1967 negat
3300 1896 3426 1961 sibi,
3457 1897 3601 1966 quod
3632 1914 3747 1953 non
3786 1915 3954 1956 more-

2348 1995 2524 2051 retur,
2555 2002 2676 2042 esse
2708 1988 3080 2056 promissum;
3105 2004 3172 2043 ne
3193 2003 3352 2058 quem
3376 2005 3514 2044 vana
3544 2005 3676 2060 spes
3700 1993 3953 2063 exemplo

2346 2080 2671 2134 incesseret.
2737 2079 2948 2152 1147
3005 2080 3158 2147 Quod
3186 2083 3230 2136 si
3265 2081 3314 2136 id
3350 2083 3490 2139 velle
3517 2097 3644 2153 spes
3675 2086 3949 2150 insolens;

2345 2180 2547 2242 quanto
2589 2173 2940 2238 insolentius,
2972 2173 3114 2244 quod
3149 2190 3254 2229 non
3306 2186 3501 2246 prteter
3549 2179 3783 2234 modum
3819 2183 3950 2236 acci-

2345 2262 2508 2328 derit,
2537 2263 2676 2318 ultra
2709 2265 2930 2320 modum
2961 2265 3186 2322 dolere?

2417 2357 2506 2412 50.
2549 2356 2793 2413 Gentiles
2823 2358 3149 2429 plerumque
3173 2375 3231 2415 se
3259 2361 3614 2417 consolantur
3637 2364 3782 2430 viri,
3819 2366 3847 2403 ά
3877 2369 3950 2423 vel

2344 2451 2413 2506 de
2439 2452 2831 2507 communitate
2861 2468 3118 2508 tet-omna:
3140 2496 3154 2518 ,
3188 2454 3274 2508 vel
3309 2453 3376 2509 de
3399 2454 3525 2525 jure
3552 2465 3774 2514 natura:
3798 2501 3814 2524 ,
3874 2463 3950 2516 vel

2344 2543 2412 2598 de
2443 2544 2855 2600 immortalitate
2880 2545 3097 2600 animm.
3131 2545 3338 2614 Quibus
3370 2547 3578 2603 utinam
3609 2565 3804 2606 sermo
3827 2569 3949 2608 con-

2345 2647 2548 2706 staret,
2578 2655 2641 2694 ae
2673 2654 2777 2694 non
2811 2639 3066 2696 miseram
3095 2641 3332 2695 animam
3385 2642 3436 2696 in
3471 2642 3622 2696 varia
3660 2655 3946 2712 portento-

2345 2747 2465 2785 rum
2499 2731 2728 2786 ludibria
2764 2732 3074 2804 formasque
3101 2733 3581 2792 transfunderent!
3615 2737 3760 2806 Quid
3790 2741 3944 2811 igitur

2345 2844 2443 2883 nos
2465 2813 2641 2885 facere
2663 2839 2911 2899 oportet,
2945 2846 3174 2900 quorum
3221 2830 3556 2901 stipendium
3609 2838 3946 2891 resurrectio

2341 2921 2464 2976 est?
2514 2923 2668 2992 cujus
2715 2924 2944 2993 gratiam
2993 2924 3248 2995 quoniam
3297 2941 3496 2996 negare
3527 2927 3779 2999 plerique
3842 2948 3942 2987 non

2341 3023 2598 3082 possunt,
2625 3013 2794 3081 fidem
2825 3015 3088 3072 abnuunt.
3120 3017 3192 3072 Et
3219 3017 3342 3074 ideo
3389 3033 3509 3075 eam
3555 3036 3666 3076 non
3718 3039 3830 3079 uno
3859 3041 3942 3081 ar-

710 3081 801 3172 l'l.
843 3117 912 3170 Et
934 3128 1080 3169 mors
1112 3109 1330 3182 quidem
1371 3109 1424 3163 in
1467 3117 1662 3163 natura
1691 3122 1799 3163 non
1831 3107 1955 3174 fuit,
1979 3107 2076 3162 sed
2103 3121 2236 3163 con-
2267 3081 2314 3146 (ἶ
2343 3119 2603 3180 gumento
2632 3109 2814 3182 aliquo
2840 3151 2855 3176 ,
2881 3111 2977 3168 sed
3007 3111 3248 3182 pluribus
3276 3112 3480 3182 modis,
3517 3124 3574 3170 ut
3604 3131 3938 3187 possumus,

637 3223 796 3264 versa
845 3216 932 3262 est
974 3205 1026 3259 in
1059 3212 1344 3266 naturam;
1377 3215 1482 3254 non
1526 3201 1672 3253 enim
1720 3215 1749 3252 a
1793 3198 2058 3268 principio
2095 3198 2240 3255 Deus

642 3311 874 3357 mortem
906 3296 1166 3358 instituit,
1199 3295 1294 3350 sed
1325 3310 1425 3363 pro
1458 3292 1702 3348 remedio
1753 3291 1925 3348 dedit.
1963 3292 2032 3347 Et
2057 3293 2239 3349 consi-

634 3397 892 3450 deremus
923 3405 994 3446 ne
1033 3387 1283 3444 videatur
1305 3401 1427 3442 esse
1472 3385 1834 3440 contrarium.
1886 3385 2019 3440 Nam
2053 3387 2096 3441 si
2140 3386 2236 3442 bo-

636 3504 765 3542 num
787 3494 873 3542 est
901 3497 1070 3549 mors,
1100 3496 1199 3536 cur
1232 3480 1499 3549 scriptum
1525 3487 1626 3544 est,
1680 3479 1806 3548 quia
1837 3477 1980 3533 Deus
2019 3491 2234 3535 mortem

634 3599 736 3636 non
763 3581 884 3653 fecit
918 3595 936 3632 :
966 3577 1054 3632 sed
1082 3575 1286 3629 malitia
1314 3573 1583 3627 hominum
1629 3588 1768 3627 mors
1798 3573 2027 3626 introivit
2051 3574 2103 3627 in
2148 3591 2233 3629 or-

633 3676 746 3728 bem
767 3684 1022 3727 terrarum
1056 3667 1210 3740 (Sap.
1247 3683 1284 3731 ι,
1312 3667 1413 3731 I5;
1439 3682 1499 3730 ιι,
1529 3664 1644 3736 24).
1681 3664 1887 3721 Revera
1917 3667 2063 3722 enim
2087 3683 2234 3722 mors

633 3766 820 3820 divino
850 3763 1006 3834 operi
1034 3759 1344 3816 necessaria
1378 3774 1486 3813 non
1529 3757 1669 3825 fuit,
1709 3774 1833 3814 cum
1875 3759 1928 3812 in
1979 3759 2233 3828 paradiso

629 3860 818 3931 positis
843 3859 1112 3914 bonorum
1136 3854 1381 3908 omnium
1419 3853 1568 3924 jngis
1610 3867 1901 3909 successus
1947 3852 2228 3919 afﬂueret;

631 3952 729 4007 sed
758 3946 1213 4022 praevaricatione
1233 3945 1488 4001 damnata
1514 3945 1568 4000 in
1602 3944 1792 4000 labore
1822 3944 2108 4011 diuturno,
2141 3962 2234 4015 ge-

629 4045 876 4114 mituque
901 4041 1249 4098 intolerando
1273 4041 1380 4095 vita
1409 4039 1695 4095 hominum
1719 4040 1888 4110 cmpit
1913 4056 2035 4096 esse
2064 4042 2230 4097 mise-

632 4137 821 4195 rabilis
847 4155 859 4191 :
893 4137 1196 4206 debuitque
1226 4133 1346 4188 dari
1369 4132 1496 4189 finis
1521 4133 1813 4199 malorum,
1841 4143 1896 4187 ut
1921 4147 2070 4188 mors
2108 4148 2228 4189 res-

628 4231 873 4295 titueret,
923 4227 1070 4298 quod
1125 4225 1232 4280 vita
1285 4225 1562 4280 amiserat.
1608 4223 2044 4280 l’Immortalitas
2082 4225 2227 4280 enim

628 4323 785 4380 oneri
819 4321 1001 4392 potius
1023 4333 1189 4390 quam
1217 4318 1337 4372 usui
1367 4326 1471 4384 est,
1499 4318 1604 4372 nisi
1629 4317 1837 4388 aspiret
1863 4317 2062 4388 gratia.

697 4416 790 4470 L8.
831 4413 900 4468 Et
941 4412 988 4466 si
1032 4410 1171 4466 bene
1214 4409 1506 4472 discutias,
1548 4423 1656 4462 non
1695 4417 1903 4464 natura:
1932 4425 2080 4465 mors
2122 4410 2222 4466 ista

623 4518 730 4572 est,
761 4505 857 4561 sed
895 4501 1153 4566 malitia);
1193 4508 1378 4555 manet
1423 4500 1568 4556 enim
1615 4509 1830 4566 natura,
1872 4501 2077 4556 malitia
2108 4517 2226 4558 mo-

625 4603 784 4656 ritur.
814 4593 1072 4666 Rcsurgit
1097 4591 1242 4664 quod
1274 4591 1371 4646 fuit
1410 4608 1424 4646 :
1451 4602 1617 4662 atque
1641 4591 1846 4647 utinam
1891 4593 2071 4664 utjam
2101 4611 2227 4665 pec-

622 4690 782 4747 candi
815 4687 1072 4749 liberum,
1100 4685 1178 4740 ita
1211 4697 1440 4737 vacuum
1479 4681 1655 4754 culpae
1689 4683 1926 4752 prioris!
1971 4684 2078 4741 Sed
2120 4685 2224 4744 hoc

619 4784 798 4854 ipsum
857 4779 1056 4836 indicio
1103 4787 1189 4832 est
1243 4785 1473 4832 mortem
1506 4790 1613 4831 non
1654 4791 1778 4832 esse
1819 4786 2052 4846 naturae,
2094 4781 2221 4849 quia

618 4875 783 4932 iidem
823 4873 1051 4936 erimus,
1106 4869 1202 4940 qui
1245 4867 1468 4924 fuimtts.
1498 4868 1686 4939 Itaque
1730 4878 1827 4925 aut
1874 4879 2217 4940 peccatorum

615 5079 749 5135 Luc.
785 5077 879 5132 lib.
905 5091 982 5140 vt,
1017 5089 1168 5130 num.
1225 5073 1346 5142 108,
1379 5082 1434 5130 et
1483 5081 1725 5129 nostram
1755 5073 1822 5128 ad
1848 5088 1973 5129 eum
2032 5076 2210 5132 locum

617 5161 976 5205 notattonem.

690 5231 716 5258 ι
741 5220 851 5274 Hoc
875 5220 997 5275 loco
1017 5226 1071 5272 et
1103 5231 1256 5272 nsum
1287 5213 1481 5270 frontis
1507 5229 1569 5268 ac
1605 5216 1837 5281 pectoris
1868 5231 2031 5272 cruce
2071 5233 2207 5274 con-

617 5292 1006 5362 signandorum
1041 5287 1341 5362 indicatum
1370 5287 1560 5362 voluit,
1607 5295 1717 5362 eta
1749 5287 1998 5354 pret-ibus
2031 5291 2206 5362 sacri-

614 5356 795 5418 ιὶὧιιιη
842 5375 947 5416 non
993 5356 1249 5428 ambigue
1291 5357 1559 5429 distinxit.
1615 5356 1719 5412 Sed
1762 5369 2053 5429 utrumque
2099 5359 2209 5414 fre-

613 5447 791 5504 quens
833 5446 955 5487 esse
1011 5431 1155 5500 apud
1212 5428 1556 5483 Ambrosium
1590 5431 1790 5497 saepius
1837 5428 1980 5484 ante
2013 5430 2204 5486 obser-

615 5508 878 5558 vavimus.

2252 4459 2303 4520 D

2342 3211 2669 3258 astruamus.

2413 3294 2504 3351 5i.
2550 3295 2616 3350 Et
2641 3297 2860 3367 quidem
2903 3298 3084 3353 omnia
3115 3308 3208 3353 aut
3237 3314 3376 3366 usu,
3423 3312 3516 3356 aut
3545 3303 3797 3370 ratione,
3853 3317 3940 3362 aut

2339 3387 2589 3458 exemplo
2613 3430 2626 3455 ,
2659 3397 2753 3443 aut
2777 3404 2844 3445 eo
2866 3389 2991 3459 quia
3016 3388 3273 3446 decortnn
3299 3391 3371 3446 sit
3396 3407 3458 3447 ca
3485 3408 3607 3449 esse
3626 3437 3641 3461 ,
3668 3396 3801 3451 ideo
3824 3413 3937 3454 esse

2337 3483 2672 3550 creduntur;
2712 3496 2766 3540 et
2793 3485 2860 3541 ad
2892 3486 3054 3542 fidem
3093 3487 3307 3559 singula
3337 3488 3730 3558 suffragantur.
3766 3492 3934 3558 Usus,

2335 3576 2456 3646 quia
2493 3591 2808 3633 movemur:
2860 3579 3036 3646 ratio,
3078 3580 3201 3648 quia
3246 3580 3392 3650 quod
3437 3590 3651 3646 movet,
3713 3585 3936 3641 virtutis

2331 3668 2554 3724 alterius
2585 3669 2839 3725 convenit
2885 3671 3174 3726 aestimari:
3207 3673 3511 3742 exemplum
3532 3713 3545 3737 ,
3593 3675 3728 3743 quia
3758 3693 3929 3748 gene-

2335 3761 2476 3815 ravit
2505 3775 2632 3831 ager
2664 3762 2875 3832 fruges,
2908 3771 2965 3817 et
3011 3761 3134 3818 ideo
3163 3775 3545 3834 generaturum
3573 3780 3699 3821 esse
3724 3783 3932 3838 praesu-

2335 3853 2562 3908 mimus:
2593 3851 2850 3908 decorum
2871 3895 2886 3920 ,
2920 3854 3050 3924 quia
3072 3865 3127 3910 et
3152 3855 3240 3912 ubi
3271 3857 3500 3911 fructum
3523 3873 3629 3912 non
3656 3871 3932 3929 putamus,

2333 3945 2532 4002 decere
2579 3954 2757 4002 tamen
2805 3947 3112 4013 credimus,
3167 3957 3226 4002 ut
3270 3949 3486 4006 virtutis
3512 3965 3680 4024 opera
3710 3955 3933 4012 minime

2332 4036 2670 4093 deseramus.

2403 4129 2495 4184 52.
2535 4129 2756 4199 Singula
2791 4130 2953 4202 igitur
2982 4132 3210 4204 singulis
3237 4142 3573 4190 astruuntur.
3608 4137 3814 4196 Tribus
3855 4151 3929 4196 ta-

2331 4237 2456 4278 men
2482 4223 2788 4280 evidentius
2815 4225 3089 4297 colligitur
3138 4229 3560 4284 resurrectionis
3602 4230 3776 4299 ﬁdes,
3811 4236 3929 4304 qui-

2328 4315 2430 4371 bus
2481 4317 2664 4372 omnia
2716 4317 3293 4388 comprehenduntur:
3348 4321 3593 4384 ratione,
3650 4325 3926 4382 universi-

2330 4408 2456 4462 tatis
2483 4409 2782 4479 exemplo,
2816 4410 3133 4466 testimonio
3181 4412 3262 4468 rei
3307 4423 3508 4484 gestae;
3539 4417 3665 4486 quia
3705 4418 3927 4486 plurimi

2328 4511 2704 4559 surrexerunt.
2735 4502 2895 4558 Ratio
2917 4503 3146 4561 evidens
3162 4515 3278 4570 est;
3304 4507 3428 4578 quia
3453 4523 3578 4563 cum
3599 4511 3779 4566 onmis
3802 4513 3927 4567 vita:

2327 4607 2527 4652 nostra:
2560 4610 2693 4652 usus
2739 4596 2794 4651 in
2848 4597 3100 4666 corporis
3131 4598 3435 4669 animmque
3483 4603 3768 4657 consortio
3821 4608 3919 4668 sit,

2325 4689 2658 4746 resurrectio
2686 4698 2866 4744 autem
2896 4701 2990 4746 aut
3027 4672 3160 4746 boni
3191 4701 3344 4748 actus
3383 4693 3664 4763 prmmium
3698 4695 3923 4760 habeat,

2325 4792 2420 4838 aut
2458 4798 2671 4852 pinnam
2701 4783 2935 4853 improbi
2962 4800 2977 4850 ;
3009 4798 3236 4841 necesse
3265 4786 3338 4841 sit
3365 4801 3568 4858 corpus
3594 4803 3925 4862 resurgere,

2324 4874 2479 4946 cujus
2503 4885 2658 4931 actus
2688 4874 3036 4946 expenditur.
3071 4875 3360 4942 Quomodo
3403 4879 3550 4934 enim
3582 4881 3632 4934 in
3658 4880 3926 4950 judicium

2321 5079 2374 5152 in
2408 5079 2538 5152 vile
2571 5078 2958 5152 animaleulum
3021 5080 3426 5147 transformari,
3474 5099 3640 5152 quam
3718 5089 3924 5147 diutius

2320 5149 2575 5221 humanis
2602 5150 2900 5215 molestiis,
2933 5161 3098 5221 atque
3127 5153 3386 5207 aerumnis
3418 5149 3542 5210 esse
3596 5157 3918 5216 obnoxium.

2390 5233 2410 5259 ε
2442 5220 2506 5295 In
2536 5221 2674 5290 psal.
2713 5220 3042 5295 evrtrsierm.
3082 5222 3174 5283 ΞΟ.
3211 5239 3360 5277 num.
3396 5225 3485 5288 12,
3543 5229 3814 5295 quosdam
3857 5234 3924 5287 de

2316 5291 2541 5346 Joannis
2577 5303 2752 5346 morte
2781 5292 3059 5348 dubitasse
3104 5295 3175 5348 ita
3213 5305 3502 5362 memorat,
3557 5291 3616 5352 ut
3643 5313 3706 5355 se
3733 5302 3802 5359 de
3833 5303 3921 5359 illa

2315 5370 2526 5432 certum
2562 5363 2726 5417 fuisse
2768 5362 2971 5432 liquido
3005 5369 3214 5431 prodat.

2384 5430 2412 5467 ἀ
2457 5433 2556 5507 llic
2585 5430 3158 5507 pauciscontrahitur,
3186 5435 3450 5507 quidquid
3489 5441 3762 5507 propinani
3795 5460 3920 5499 auc~

2315 5512 2464 5558 tores
2513 5502 2581 5556 de
2627 5505 2818 5557 mortis
2863 5502 3240 5572 mqnauimiter
3267 5502 3508 5562 ferendae
3535 5502 3721 5566 causis
3752 5516 3921 5570 tradi-

682 5577 709 5615 ι)
743 5573 997 5629 Alludere
1030 5572 1246 5626 videtur
1273 5570 1338 5626 ad
1371 5567 1602 5623 fabulam
1627 5569 1870 5635 Tithoni,
1893 5587 2052 5640 quem
2085 5587 2208 5627 cum
2291 5573 2447 5628 dere.
2478 5573 2600 5640 Qua
2654 5573 2722 5628 de
2754 5589 2813 5629 re
2841 5567 3051 5629 consuli
3084 5587 3310 5643 possunt
3339 5574 3540 5631 Cicero
3572 5581 3667 5635 lib.
3702 5599 3719 5638 ι
3750 5567 3917 5641 Tusc.

609 5649 658 5700 ei
692 5645 934 5714 Tethyos
979 5644 1250 5698 beneficio
1303 5653 1622 5714 concessum
1685 5651 1841 5714 esset
1890 5644 2210 5714 immortali-

2291 5644 2497 5717 Quaest.
2528 5653 2592 5717 et
2618 5644 2670 5698 in
2699 5644 3092 5717 consolatione
3115 5659 3285 5717 super
3312 5646 3470 5702 obitu
3498 5648 3659 5717 filim,
3693 5653 3917 5713 Plutar-

608 5718 736 5773 tatis
763 5709 992 5786 donum,
1019 5714 1147 5770 vitae
1178 5722 1388 5770 tantum
1418 5709 1695 5767 fastidium
1724 5713 1893 5782 cepit,
1929 5721 1986 5768 ut
2019 5713 2211 5771 mallet
2292 5709 2430 5770 chus
2455 5715 2526 5771 de
2553 5712 2836 5772 Consolat.
2872 5716 2936 5770 ad
2968 5709 3429 5787 Apoll.,'aliique.
