4092 6190
118 334 315 413 ιδεε

1100 347 1189 405 DE
1234 348 1549 409 EXCESSU
1591 353 1890 412 ΕΒΑτῆιὸ
1930 356 2044 415 SUI
2084 357 2339 415 SATYBI
2378 358 2507 416 LIB.
2553 308 2619 417 ll.

3374 368 3513 425 1550

115 452 489 511 vocabitur
560 456 744 513 anima
806 459 926 515 sine
990 473 1257 532 corpore,
1305 478 1426 519 cum
1482 464 1551 521 de
1604 480 1706 522 suo
1755 475 1811 523 et
1840 471 1893 531 Α
1988 468 2081 525 56.
2112 469 2252 538 Quid
2287 471 2450 542 igitur
2479 473 2698 530 miraris
2725 475 2768 531 si
2810 474 3091 545 homines,
3126 495 3265 551 quos
3292 496 3518 554 accepe—

121 548 454 615 corporis
485 551 851 606 contubernio
883 553 1023 607 ratio
1067 555 1375 624 prmstanda
1406 557 1520 611 sit?

221 639 347 695 5‘5.
413 640 769 699 Resurrectio
799 646 1054 701 omnibus
1082 647 1344 703 attributa
1388 659 1500 705 cst:
1536 650 1632 706 sed
1677 650 1802 707 ideo

126 728 429 787 difﬁcile
476 733 752 803 creditur,
801 745 826 772 ⁸
878 738 1005 808 quia
1039 753 1145 792 non
1199 750 1469 815 nostrum.
1500 742 1754 797 meritum
1783 784 1798 808 ,

125 821 257 877 sed
300 824 421 880 Dei
461 841 660 883 munus
682 837 787 883 est.
821 829 1002 885 Prima
1032 831 1196 903 igitur
1220 834 1639 889 resurrectionis
1667 834 1800 890 fides

130 930 308 972 usus
340 930 443 975 cst
472 921 699 988 mundi,
734 937 1031 995 rerumque
1061 934 1235 980 status
1257 926 1497 981 omnium
1522 967 1537 991 ,
1567 941 1791 997 genera-

130 1011 403 1081 tio_num
435 1016 609 1071 series
630 1057 647 1084 ,
671 1018 1084 1073 successionum
1120 1020 1266 1074 vices
1285 1062 1299 1085 ,
1325 1021 1511 1076 obitus
1535 1030 1809 1106 ortusque

131 1104 509 1176 signorum,
542 1108 654 1165 diei
687 1119 744 1165 et
779 1110 959 1166 noctis
990 1125 1253 1175 occasus.
1288 1128 1587 1181 eorumque
1616 1112 1796 1182 quoti—

129 1193 247 1251 die
285 1207 585 1269 tamquam
606 1199 847 1256 rediviva
872 1202 1173 1257 successio.
1201 1202 1795 1273 Temperamentiquo-

134 1303 273 1359 que
300 1290 577 1360 genitalis
624 1292 787 1363 hujus
825 1301 985 1347 terra:
1019 1294 1178 1348 aliter
1220 1296 1359 1349 ratio
1407 1293 1635 1350 subesse
1685 1309 1791 1349 non

135 1392 409 1452 posset,
458 1385 561 1441 nisi
594 1384 845 1443 humoris
874 1385 1048 1458 ipsius
1075 1402 1185 1458 quo
1215 1388 1394 1444 omnia
1428 1398 1643 1445 terrena
1692 1403 1790 1460 ge—

142 1485 487 1541 nerantur.
524 1490 788 1549 quantum
832 1480 1015 1535 diurni
1049 1481 1183 1537 solis
1233 1492 1398 1538 aestus
1426 1493 1790 1555 excoqueret,

141 1575 399 1624 tantum
432 1586 556 1627 rore
585 1581 857 1627 nocturno
904 1573 1198 1645 dispositio
1252 1575 1436 1631 divina
1488 1586 1790 1647 repararet.

141 1661 313 1718 Nam
344 1664 481 1735 quid
514 1664 582 1720 de
613 1665 879 1722 fructibus
909 1668 1143 1738 loquar?
1172 1668 1363 1725 Nonne
1401 1669 1494 1726 tibi
1542 1672 1796 1725 videntur

142 1758 473 1824 occidere,
518 1775 641 1815 cum
693 1762 984 1817 decidunt:
1037 1778 1358 1835 resurgere,
1392 1779 1517 1819 cum
1559 1766 1796 1820 revires-

1910 562 2014 628 rit,
2039 572 2181 617 terra
2211 563 2499 631 restituat;
2524 580 2648 621 cum
2680 567 2949 623 seminum
2973 584 3202 641 corpora
3232 587 3513 644 quaecum-

1908 667 2015 724 que
2039 658 2374 724 susceperit,
2407 655 2681 725 vivificet,
2731 660 2939 731 erigat,
2987 663 3223 729 vestiat,
3275 666 3521 733 muniat,

1906 754 2071 817 atque
2102 747 2401 804 defendat?
2431 751 2627 807 Desine
2655 767 2786 824 ergo
2815 752 3069 811 dubitare
3110 756 3256 827 quod
3287 756 3512 829 deposi-

1906 847 2018 895 tum
2048 842 2270 911 generis
2302 842 2525 899 immani
2556 853 2716 901 terrze
2759 845 2896 903 fides
2918 847 3145 916 reddat,
3195 866 3314 920 quae
3354 866 3514 907 com-

1904 934 2161 989 mendata
2191 935 2295 991 sibi
2322 938 2534 993 semina
2560 940 2810 996 usurario
2852 941 3089 1011 quodam
3122 942 3316 1000 fenore
3364 945 3510 999 mul-

1903 1026 2142 1095 tiplicata
2176 1028 2453 1084 restituat.
2485 1029 2621 1086 Nam
2666 1032 2795 1102 quid
2827 1032 2896 1088 de
2925 1033 3223 1105 generibus
3249 1036 3511 1092 arborum

1901 1117 2096 1190 loquar
2119 1161 2134 1186 ,
2170 1131 2193 1158 ε
2224 1134 2344 1191 quae
2368 1123 2545 1191 posito
2570 1132 2800 1196 surgunt
2825 1124 2894 1181 de
2920 1127 3162 1194 semine,
3191 1128 3509 1201 fructusque

1900 1210 2173 1267 resolutos
2204 1212 2445 1268 rediviva
2475 1214 2808 1272 fecunditate
2835 1218 3171 1274 resuscitant
3190 1261 3204 1284 ,
3235 1229 3291 1276 et
3316 1219 3508 1276 forma:

1901 1305 2075 1359 veteri
2107 1314 2270 1377 atque
2299 1306 2518 1377 imagini
2551 1323 2666 1363 sua:
2706 1309 2978 1377 reddunt,
3007 1311 3322 1380 multasque
3371 1321 3505 1368 a-ta-

1901 1404 1979 1451 tes
2006 1396 2254 1469 quaedam
2277 1398 2535 1453 arborum
2560 1413 2794 1471 corpora
2816 1410 3068 1472 reparata
3094 1404 3505 1471 transmittunt;

1900 1498 1958 1543 ut
1981 1489 2094 1559 ipsa
2116 1490 2370 1546 durando
2396 1491 2617 1547 vincant
2642 1492 2843 1548 saecula
2865 1494 2889 1547 ’ἲ
2911 1493 3239 1552 Putrescere
3250 1496 3505 1553 ‘videmus

1896 1581 2146 1648 acinum,
2178 1582 2344 1637 vitem
2401 1599 2724 1654 resurgere:
2757 1585 3014 1641 surculus
3060 1587 3356 1654 inseritur,
3413 1604 3501 1643 ar—

1899 1671 2003 1727 bor
2029 1673 2353 1729 renascitur.
2384 1676 2464 1728 An
2497 1673 2568 1730 de
2615 1677 2936 1745 reparandis
2979 1677 3271 1736 arboribus
3311 1679 3498 1736 divina

1899 1772 1984 1818 est
2005 1764 2343 1834 providentia
2369 1807 2383 1831 ,
2409 1765 2477 1819 de
2502 1764 2817 1823 hominibus
2839 1769 2985 1823 nulla
3018 1773 3192 1825 cura?
3220 1772 3289 1828 Et
3312 1774 3405 1843 qui
3437 1791 3499 1828 ea

153 1858 312 1904 cunt
334 1849 363 1903 ?
411 1849 563 1917 Quod
612 1861 792 1907 satum
844 1862 960 1919 est,
997 1855 1271 1924 resurgit:
1319 1856 1462 1926 quod
1519 1866 1792 1912 mortuum
1823 1881 1871 1942 Β
1898 1870 2023 1927 quae
2051 1856 2117 1911 ad
2141 1872 2272 1912 usus
2295 1856 2577 1913 hominum
2606 1858 2790 1927 dedit,
2810 1860 2993 1931 perire
3023 1877 3132 1918 non
3163 1878 3357 1933 passus
3379 1874 3497 1931 est;

145 1949 248 1998 est
278 1984 295 2005 ,
336 1944 582 2014 resurgit
609 1960 624 2009 ;
661 1954 715 1999 et
746 1944 799 2000 in
830 1945 1022 2001 eadem
1062 1962 1266 2018 genera
1290 1990 1305 2015 ,
1341 1949 1391 2003 in
1416 1949 1639 2005 easdem
1668 1965 1793 2021 spc-

144 2036 277 2091 cies
306 2036 676 2093 reformatur.
708 2038 817 2094 Hos
842 2048 986 2095 terra
1017 2041 1251 2109 primum
1286 2041 1523 2097 reddidit
1555 2042 1786 2109 fructus,

150 2128 214 2182 in
256 2128 359 2184 his
394 2130 632 2199 primum
682 2141 874 2187 natura
909 2142 1093 2187 nostra
1137 2134 1375 2205 speciem
1428 2136 1787 2192 resurrectio-

139 2221 240 2276 nis
268 2221 505 2277 imitata
536 2232 642 2280 εει.

222 2312 328 2369 54.
377 2314 518 2383 Quid
548 2315 771 2372 dubitas
820 2315 889 2374 de
929 2332 1161 2389 corpore
1193 2335 1397 2392 corpus
1450 2323 1786 2393 resurgere?

141 2404 423 2461 Granum
455 2407 662 2463 seritur
683 2449 697 2474 ,
728 2424 954 2480 granum
985 2413 1253 2483 resurgit:
1285 2428 1504 2484 pomum
1540 2414 1781 2481 decidit,

148 2514 401 2570 pomum
432 2502 704 2571 resurgit;
736 2504 829 2558 sed
876 2504 1011 2560 flore
1055 2521 1282 2576 granum
1326 2507 1599 2574 induitur,
1634 2507 1781 2563 folli-

146 2592 329 2661 culoq
348 2607 420 2648 ue
449 2593 717 2648 vestitur:
750 2593 814 2648 Et
844 2596 940 2650 hoc
969 2598 1187 2652 mortale
1221 2597 1438 2672 1148
1464 2609 1661 2667 oportet
1698 2602 1782 2655 in-

152 2683 322 2738 duere
397 2684 873 2752 immortalitatem,
919 2698 970 2742 et
1017 2690 1114 2744 hoc
1173 2691 1511 2761 corruptibile
1563 2693 1780 2748 induere

151 2776 623 2846 incorruptionem
653 2779 708 2850 (1
757 2780 878 2835 Cor.
913 2797 1002 2849 xv,
1036 2782 1165 2854 55).
1197 2783 1322 2839 Flos
1348 2787 1770 2843 resurrectionis

156 2868 565 2924 immortalitas
591 2880 709 2937 est,
742 2872 845 2928 nos
867 2876 1290 2931 resurrectionis
1309 2876 1649 2948 incorruptio
1670 2887 1774 2935 est.

156 2960 305 3030 Quid
370 2962 518 3019 enim
553 2964 775 3022 uberius
821 2968 1010 3038 quiete
1040 2971 1344 3041 perpetua?
1374 2971 1502 3041 quid
1535 2972 1778 3043 locuple-

161 3059 273 3115 tius
305 3059 615 3116 securitate
646 3060 949 3118 diuturna?
980 3063 1080 3119 Hic
1101 3074 1185 3120 est
1208 3064 1494 3136 multiplex
1529 3064 1775 3134 fructus,

160 3156 333 3227 cuius
370 3168 639 3227 proventu
670 3158 900 3228 pullulat
934 3158 1222 3216 fecundior
1252 3160 1529 3216 hominum
1580 3170 1773 3217 natura

161 3262 285 3324 post
313 3260 577 3308 mortem.

236 3342 337 3400 55.
382 3341 486 3399 Sed
520 3340 736 3397 miraris
782 3341 1244 3413 quemadmodum
1302 3343 1608 3412 putrefacta
1640 3346 1771 3400 soli-

164 3433 375 3491 dentur
395 3470 414 3501 ,
441 3431 690 3503 dispersa
717 3442 942 3504 coeant,
975 3435 1259 3505 absumpta
1284 3445 1636 3505 reparentur,
1663 3453 1771 3493 non

102 3560 110 3566 -
167 3530 394 3588 miraris
418 3528 881 3601 quemadmodum
912 3533 1122 3586 semina
1153 3546 1356 3603 vapore
1377 3541 1433 3586 et
1453 3546 1770 3603 compressu

172 3635 333 3681 terrze
361 3623 541 3680 soluta
564 3623 913 3680 viridescant.
954 3623 1090 3681 Nam
1121 3625 1306 3696 utique
1326 3625 1491 3681 etiam
1522 3626 1636 3696 ipsa
1665 3635 1769 3682 ter-

172 3731 308 3772 reno
338 3716 537 3771 coalitu
585 3716 884 3787 putrefacta
930 3718 1250 3784 solvuntur,
1283 3728 1341 3774 et
1384 3734 1509 3774 cum
1539 3722 1569 3762 ιι
1597 3733 1770 3774 occa:—

175 3818 294 3862 cata
343 3814 398 3862 et
440 3815 657 3862 mortua
706 3808 807 3862 soli
857 3809 1106 3877 genitalis
1158 3825 1356 3865 succus
1406 3811 1767 3876 animaverit,

174 3900 404 3971 quodam
436 3900 618 3955 calore
647 3900 798 3956 vitali
827 3902 1076 3972 spiritum
1101 3902 1390 3972 quemdam
1425 3903 1608 3958 herba:
1637 3904 1763 3958 viri-

176 3992 350 4047 dantis
385 3992 664 4048 exhalant.
711 3993 919 4050 Deinde
977 3994 1238 4063 paulatim
1299 4003 1543 4049 teneram
1601 3996 1767 4066 spicae

176 4083 536 4141 adolescentis
557 4093 776 4141 aetatem
799 4085 983 4140 culmo
1008 4085 1199 4153 erigit,
1232 4095 1284 4139 et
1311 4085 1519 4156 vaginis
1539 4087 1766 4156 quibus-

176 4176 295 4231 dam
325 4186 513 4233 natura
542 4188 813 4246 tamquam
854 4177 1044 4232 sedula
1075 4188 1247 4231 mater
1275 4177 1536 4245 includit;
1568 4195 1637 4235 ne
1666 4194 1765 4249 pu-

179 4270 480 4324 bescentem
509 4271 711 4339 glacies
735 4269 931 4324 adurat
960 4284 1183 4341 aspera,
1216 4279 1380 4341 atque
1408 4285 1437 4325 a
1469 4272 1639 4327 nimio
1666 4287 1758 4327 so.

166 4361 241 4426 iis
291 4361 543 4418 defendat
587 4361 823 4417 ardore:
873 4360 1081 4434 frugem
1126 4377 1342 4434 quoque
1383 4364 1553 4433 ipsam
1586 4364 1763 4420 adhuc

177 4456 321 4524 quasi
347 4456 535 4527 primis
573 4464 951 4527 erumpentem
979 4456 1300 4521 cunabulis,
1334 4472 1461 4512 mox
1519 4456 1758 4512 adultam

179 4562 245 4603 ne
272 4547 438 4617 pluvia
462 4548 735 4615 decutiat,
767 4564 835 4603 ne
861 4563 992 4603 aura
1016 4548 1320 4618 dispergat,
1353 4565 1422 4605 ne
1444 4549 1631 4604 avium
1656 4551 1760 4605 mi-

1898 1950 2174 2005 hominem
2199 1951 2379 2020 perire
2396 1952 2653 2022 patietur,
2670 1966 2832 2021 quem
2852 1953 2918 2009 ad
2940 1956 3229 2026 imaginem
3248 1956 3333 2012 sui
3352 1958 3507 2014 fecit?

1963 2042 2053 2098 57.
2097 2041 2205 2097 Sed
2240 2042 2565 2099 incredibile
2596 2043 2690 2098 tibi
2735 2044 2985 2111 videtur,
3017 2054 3080 2100 ut
3107 2048 3309 2103 mortui
3360 2050 3503 2104 revi-

1889 2134 2141 2189 viscant:
2175 2133 2442 2202 [nsipiens
2470 2144 2526 2189 tu
2553 2136 2665 2206 ipse
2690 2137 2831 2207 quod
2857 2138 3106 2203 seminat,
3140 2155 3313 2195 nonne
3350 2142 3499 2211 prius

1888 2229 2109 2282 moritur
2132 2268 2147 2294 ,
2179 2236 2234 2281 ut
2259 2227 2545 2297 rivi/icetur
2595 2227 2771 2300 (Ibid.
2798 2270 2812 2293 ,
2839 2228 2982 2299 56)?
3011 2229 3148 2287 Sere
3193 2234 3494 2303 quemlibet

1888 2317 2123 2374 fructum
2157 2328 2431 2385 arentem,
2468 2322 2847 2374 resuscitatur.
2895 2319 3005 2376 Sed
3049 2321 3214 2378 habet
3244 2338 3489 2379 succum.

1888 2413 1955 2469 Et
2002 2420 2250 2468 nostrum
2278 2426 2478 2483 corpus
2512 2412 2678 2468 habet
2722 2414 3043 2485 sanguinem
3074 2431 3233 2473 suum
3257 2459 3273 2484 ,
3329 2417 3496 2474 habet

1885 2504 2170 2561 humorem
2231 2520 2411 2560 suum.
2459 2503 2557 2559 llic
2610 2506 2783 2560 nostri
2838 2519 3037 2561 succus
3085 2517 3170 2564 est
3212 2512 3485 2580 corporis.

1885 2598 2041 2656 Unde
2069 2599 2200 2654 illud
2232 2614 2453 2671 quoque
2477 2597 2502 2635 ά
2531 2599 2817 2669 explosum
2842 2600 3081 2657 arbitror
3100 2645 3114 2669 ,
3150 2602 3293 2673 quod
3324 2618 3485 2659 aren-

1884 2702 1992 2747 tem
2021 2692 2547 2763 surculum—quidam
2582 2693 2911 2749 reviviscere
2939 2703 3174 2766 negant,
3208 2695 3369 2766 idque
3417 2697 3487 2751 ad

1883 2784 2260 2855 prmjudicium
2293 2784 2473 2840 carnis
2494 2784 2745 2841 derivare
2768 2786 3041 2842 nituntur.
3075 2786 3197 2843 Non
3218 2789 3365 2843 enim
3395 2803 3489 2844 ca-

1880 2894 1944 2935 ro
1973 2878 2127 2934 arida
2150 2920 2165 2943 ,
2195 2892 2318 2933 cum
2348 2893 2478 2933 caro
2509 2877 2691 2933 omnis
2721 2892 2752 2934 e
2780 2877 2909 2933 limo
2939 2880 3041 2944 sit,
3086 2879 3247 2936 limus
3277 2882 3331 2936 in
3380 2880 3485 2936 hu—

1880 2986 2067 3039 more,
2132 2970 2333 3026 humor
2386 2972 2621 3027 eterris.
2675 2971 2920 3042 Denique
2978 2973 3484 3045 multa,gignentia

1879 3066 2129 3135 quamvis
2162 3065 2275 3135 jugi
2323 3066 2675 3121 serenitatee
2708 3064 2876 3120 humo
2941 3066 3092 3122 arida
3139 3081 3484 3137 arenosaqne

1879 3168 2218 3225 nascuntur;
2251 3160 2511 3230 quoniam
2541 3158 2658 3229 ipsa
2685 3157 2790 3213 sibi
2836 3168 2980 3213 terra
3014 3160 3298 3215 humorem
3330 3159 3487 3216 suffl-

1802 3262 1845 3324 ο
1880 3252 1973 3308 cit.
2008 3249 2225 3324 1149
2257 3249 2275 3289 τ
2309 3250 2447 3306 Num
2480 3251 2642 3323 igitur
2672 3251 2726 3306 in
2759 3250 3074 3308 hominibus
3118 3262 3264 3308 terra
3315 3253 3480 3324 dege—

1844 3384 1850 3392 -
1882 3356 2071 3415 uerat,
2099 3362 2223 3417 quae
2250 3346 2433 3401 omnia
2466 3361 2796 3415 regenerare
2832 3346 3159 3403 consuevit?
3189 3345 3347 3404 Unde
3371 3348 3484 3404 cla-

1880 3448 1965 3493 ret
2010 3454 2117 3494 non
2158 3453 2280 3494 esse
2305 3438 2663 3495 dubitandum
2713 3439 2856 3509 quod
2885 3440 3187 3495 secundum
3229 3450 3480 3498 naturam

1880 3532 2052 3601 magis
2076 3574 2092 3597 ,
2124 3545 2289 3600 quam
2321 3539 2511 3585 contra
2543 3538 2793 3585 naturam
2823 3540 2938 3597 est;
2981 3546 3049 3586 ex
3096 3540 3290 3587 natura
3331 3533 3478 3588 enim

1876 3632 1960 3679 est
1981 3639 2272 3695 resurgere
2299 3622 2583 3679 nascentia
2606 3623 2790 3678 omnia
2814 3664 2829 3688 ,
2861 3631 3057 3679 contra
3110 3633 3361 3679 naturam
3391 3633 3479 3679 est

1878 3717 2125 3772 interire.

1948 3808 2039 3864 58.
2069 3804 2330 3877 Sequitur
2372 3805 2503 3861 illud
2534 3806 2677 3876 quod
2705 3805 2941 3877 gentiles
2969 3807 3294 3877 plerumque
3340 3820 3474 3878 per—

1876 3899 2095 3966 turbat,
2124 3897 2399 3968 quomodo
2432 3898 2544 3951 ﬁeri
2579 3898 2749 3966 possit
2795 3905 2853 3951 ut
2906 3912 3044 3967 quos
3076 3913 3227 3954 mare
3277 3899 3469 3955 absor-

1875 3992 2086 4057 huerit,
2122 4001 2147 4037 ε
2178 3989 2310 4046 ferre
2339 3989 2788 4057 dilaceraverint,
2839 3989 3028 4045 bestiae
3056 3990 3468 4059 devoraverint,

1874 4096 2022 4141 terra
2065 4084 2340 4140 restituat.
2382 4082 2502 4151 Quo
2547 4084 2617 4137 ita
2663 4082 2886 4138 demum
2935 4084 3189 4139 veniatur
3237 4101 3465 4143 necesse

1870 4188 1974 4242 est,
1997 4184 2059 4232 ιιι
2083 4193 2190 4232 non
2214 4176 2282 4232 de
2310 4176 2415 4230 fide
2435 4175 2884 4240 resurrectionis,
2906 4174 3001 4230 sed
3030 4175 3100 4232 de
3128 4186 3283 4245 parte
3308 4178 3469 4236 dubi-

1872 4280 2032 4326 tetur.
2058 4269 2193 4326 Esto
2212 4269 2359 4325 enim
2385 4279 2446 4325 ut
2472 4268 2833 4325 laceratorum
2864 4282 3095 4339 corpora
3117 4266 3144 4306 ιι
3159 4285 3266 4326 non
3282 4286 3468 4327 resur-

1868 4372 1995 4436 gant
2018 4405 2032 4428 ,
2066 4369 2359 4433 resurgunt
2378 4362 2598 4417 czeteri:
2635 4375 2738 4416 nec
2764 4360 3099 4416 resurrectio
3125 4360 3464 4429 destruitur,

1866 4458 1912 4513 si
1950 4454 2196 4511 conditio
2227 4454 2516 4526 excipitur.
2558 4453 2725 4510 Miror
2762 4462 2947 4510 tamen
2991 4470 3090 4510 cur
3134 4455 3219 4510 vel
3271 4454 3340 4511 de
3378 4456 3462 4511 his

1868 4547 2228 4605 dubitandum
2262 4554 2489 4616 putent,
2520 4546 2677 4614 quasi
2705 4560 2815 4602 non
2847 4545 3033 4602 omnia
3056 4562 3179 4617 quae
3207 4561 3274 4603 ex
3305 4549 3469 4603 terris

180 4652 361 4694 norum
412 4656 623 4697 morsus
677 4641 983 4710 interimat,
1038 4641 1182 4696 vallo
1230 4642 1520 4697 aristarum
1576 4644 1836 4714 sepirel)
1864 4649 2025 4712 sunt,
2056 4641 2108 4695 in
2142 4650 2345 4694 terram
2376 4637 2636 4703 redeant,
2683 4646 2740 4693 et
2768 4638 2822 4693 in
2872 4646 3072 4693 terram
3119 4638 3465 4694 resolvantur

178 4736 468 4791 consuevit.

249 4879 274 4906 ⁸
311 4873 433 4929 Mss.
464 4860 699 4943 aliquot,
749 4875 871 4944 quia
922 4890 1083 4945 supra
1130 4885 1361 4930 nostrum
1390 4878 1630 4931 meritum
1665 4874 1761 4929 Dei

182 4957 357 4997 munus
381 4955 478 4998 est.

246 5010 272 5050 δ
310 5013 428 5070 Vet.
458 5014 590 5070 edit.
624 5023 805 5070 occata
831 5014 965 5081 soli,-
1017 5016 1211 5083 Rom.,
1242 5026 1419 5072 occato
1465 5028 1512 5073 et
1556 5026 1762 5072 mortua

183 5082 305 5150 soli;
328 5101 512 5141 omnes
536 5101 669 5141 mss.
701 5102 733 5141 e
754 5088 1061 5153 contrario,
1090 5082 1375 5153 OCCfl’Cdla,
1406 5096 1512 5144 etc.
1540 5088 1762 5144 Minime

186 5156 347 5211 male:
377 5158 433 5211 llt
479 5157 622 5210 enim
662 5155 919 5211 frumenti
949 5159 1258 5220 occatione,
1293 5170 1348 5213 ut
1399 5161 1575 5227 ipsqu
1606 5159 1760 5229 quasi

185 5228 409 5300 tenebris
428 5237 756 5300 occaecatum
779 5237 941 5300 atque
958 5243 1314 5300 oppressum,
1345 5230 1446 5285 sub
1466 5228 1636 5300 gleba
1653 5244 1763 5284 mo-

185 5297 357 5354 riatur.
387 5297 529 5371 Infra
573 5314 701 5353 vero
732 5314 830 5367 pro
858 5298 1026 5371 heroic
1054 5299 1356 5371 viridantis,
1387 5297 1532 5371 quod
1573 5310 1655 5355 est
1703 5301 1756 5355 in

186 5371 379 5426 cunctis
407 5369 542 5423 edit.
589 5384 652 5422 ac.
683 5384 814 5422 mss.
864 5368 1226 5437 qnilmsdam,
1276 5371 1366 5426 alii
1408 5368 1539 5426 inss.
1587 5371 1758 5425 multo

187 5441 354 5509 plures
382 5440 646 5505 efferunt,
702 5439 872 5494 Iter-bin
900 5439 1208 5505 viridantes,
1263 5442 1513 5508 quidam,
1546 5442 1753 5497 virides.

186 5509 431 5567 Caeterum
468 5510 630 5580 hujus
654 5510 761 5565 loci
796 5524 917 5580 cum
950 5510 1201 5580 iis,_qu:e
1240 5511 1336 5567 lib.
1382 5528 1440 5568 tu
1495 5512 1754 5567 Hexaem.

189 5584 373 5650 cap.8,
409 5578 556 5636 num.
589 5582 690 5646 3t,
724 5579 1010 5634 traduntur
1048 5578 1117 5634 de
1136 5584 1535 5650 germinatione
1568 5583 1759 5638 herba-

190 5669 296 5710 rum
318 5696 330 5718 ,
356 5652 618 5708 studiosis
644 5650 1119 5723 noueritiugrata
1146 5656 1500 5723 comparatio.

257 5735 275 5764 ε
305 5724 511 5782 Allusio
535 5723 597 5777 fit
624 5722 693 5778 ad
716 5719 929 5789 Virgilii
958 5734 1176 5775 versum
1200 5737 1231 5777 e
1261 5719 1352 5779 lib.
1388 5740 1424 5778 ιι
1452 5722 1651 5795 Georg.
1674 5743 1684 5777 :

351 5856 469 5923 ium
493 5871 657 5925 autem
680 5866 840 5933 posito
863 5872 1072 5927 uti-euut
1094 5869 1157 5918 de
1184 5871 1394 5930 semine.
1425 5875 1523 5922 ειη.

1861 4734 2096 4807 (Eccles.
2153 4748 2248 4800 ιιι,
2277 4732 2406 4802 20).
2455 4733 2605 4788 Mare
2643 4746 2858 4802 quoque
2886 4732 3063 4802 ipsum
3108 4747 3464 4805 quascumque

1942 4872 1968 4910 ά
2009 4872 2156 4928 Mss.’
2174 4871 2409 4941 aliquot,
2435 4872 2665 4943 exemplo
2692 4872 3002 4943 sumendum
3027 4870 3276 4925 arbitror.

1944 4947 1968 4975 °
2007 4944 2086 4999 Ita
2110 4955 2218 4999 vet.
2252 4944 2385 4999 edit.
2416 4957 2479 4997 ac
2510 4941 2698 5012 plures
2726 4957 2858 4997 mss.
2880 4984 2896 5007 ,
2926 4941 3085 4997 Rom.
3116 4952 3296 4997 autem
3324 4941 3459 4997 edit.

1869 5030 1933 5072 ac
1961 5030 2093 5070 mss.
2124 5014 2401 5078 nonnulli,
2432 5012 2590 5067 Immo
2634 5013 2816 5079 arido,
2849 5028 3198 5083 arenosoque,
3231 5027 3463 5083 quomo-

1867 5088 1938 5140 do
1982 5086 2145 5142 etiam
2197 5084 2481 5155 legendum
2529 5082 2833 5155 contendit.
2902 5082 3175 5155 Nannius,
3226 5082 3459 5139 adducta

1868 5156 2131 5213 Prisciani
2160 5157 2506 5211 auctoritate.
2541 5154 2613 5210 At
2650 5164 2841 5209 contra
2899 5154 3143 5208 Latinius
3189 5169 3459 5221 reponeuo

1866 5228 1994 5283 dum
2023 5228 2302 5294 censebat,
2356 5226 2499 5280 humi
2537 5226 2689 5280 arido
2714 5240 3056 5294 arenosoque,
3109 5226 3195 5279 cui
3240 5225 3458 5281 lectioni

1867 5314 1999 5354 mss.
2042 5298 2223 5353 nullus
2263 5297 2621 5367 suffragatur,
2673 5296 2799 5351 licet
2825 5296 3089 5351 habeatur
3138 5296 3194 5350 in
3229 5296 3456 5365 quibus-

1866 5369 2024 5436 dam,
2052 5370 2193 5423 humi
2220 5369 2406 5435 arida,
2436 5382 2775 5434 arenosaque.
2838 5420 2855 5437 ,
2988 5436 2991 5437 ν
3186 5398 3195 5405 ο

1942 5440 1961 5479 τ
2003 5440 2131 5495 Μεε.
2167 5456 2275 5495 non
2304 5441 2495 5509 pauci,
2537 5437 2661 5492 Non
2688 5436 2853 5509 igitur
2878 5437 2933 5492 id
2974 5436 3271 5493 hominibus
3320 5448 3459 5494 terra

1866 5512 2118 5581 denegat;
2148 5510 2403 5581 quidam,
2436 5510 2729 5580 denegaret.

1940 5592 1965 5627 κ
1997 5578 2190 5636 ’8οάυή
2223 5580 2431 5651 Remig.
2450 5624 2466 5647 ,
2496 5578 2613 5635 aves
2640 5580 3058 5635 dilaceraverint.
3085 5578 3153 5651 Et
3182 5594 3286 5651 non
3317 5581 3455 5636 mul-

1868 5662 1923 5707 to
1950 5661 2067 5722 post
2094 5651 2235 5705 idem
2266 5650 2401 5705 mss.
2429 5666 2553 5706 cum
2578 5650 2698 5706 aliis
2723 5652 2961 5722 aliquot,
2990 5650 3129 5722 quod
3155 5651 3229 5705 ita
3251 5650 3457 5707 demunt

1866 5723 2173 5776 inveniatur.

1941 5790 1967 5829 δ
2010 5791 2162 5865 llaud
2204 5791 2585 5865 paueintssg
2617 5808 2720 5861 non
2744 5802 3014 5865 resurgant
3035 5834 3051 5858 ,
3085 5801 3329 5850 ceterum
3367 5788 3460 5849 neii-

1871 5862 2174 5916 r'eturrectio
2199 5860 2512 5921 destruitur,
2541 5864 2832 5921 commodo
2868 5860 3053 5919 signati.
