4076 6172
602 349 739 408 Γὸδὶ

1946 332 2202 393 ΒΑΝΟΤΙ
2244 328 2567 392 annuos"

3823 339 3847 393 1
3863 340 3969 396 33'!

596 480 827 538 corpora
852 466 1092 519 amoena
1135 458 1491 522 denterserlt,
1552 456 1748 512 vicinis
1793 456 2010 526 exspuit
2055 452 2201 508 unda
2232 449 2623 517 Avclimns,’
2645 452 2728 508 vel
2778 453 2961 523 potius
3017 452 3145 525 quid
3207 451 3446 507 nolimus
3496 451 3721 509 dicere.
3792 450 3968 509 Unde

594 565 919 635 plerumque
944 556 1254 614 iitturibos.
1286 553 1441 622 Quod
1474 553 1528 608 'ni
1566 554 1643 608 ita
1674 560 1850 617 esset;
1884 558 1911 587 α
1934 542 2168 605 difﬁcile
2191 590 2205 615 ,

599 652 796 719 credo,
816 653 939 707 Deo
962 649 1106 705 foret
1135 647 1383 718 dispersa
1414 652 1749 701 connectere
1769 686 1785 711 ,
1814 640 2079 713 dissipata
2114 644 2208 697 su-

2313 550 2417 606 Itoc
2446 559 2641 620 caput,
2676 560 2731 605 et
2760 550 2941 605 vultus
2964 550 3071 605 istc
3112 548 3412 617 mirabilis,
3456 551 3613 621 cuius
3656 546 3963 607 artiﬁcem

2306 646 2421 700 non
2474 644 2755 711 videmus,
2788 659 2928 715 opus
2954 643 3225 709 vidémus,
3272 644 3326 699 in
3360 645 3508 700 varia
3548 644 3748 701 ofﬁcia
3788 654 3963 702 USus-

600 746 782 812 ciere;
832 744 919 800 cui
954 741 1190 798 mundus
1233 740 1603 810 obtemperat,
1648 744 1799 793 muta
1830 734 2209 805 obsequuntur
2307 752 2417 809 que
2444 736 2755 792 formatur?
2782 734 2939 793 Unde
2969 736 3139 792 forma
3186 737 3462 803 erectior,
3507 746 3692 793 Status
3749 734 3962 794 excel-

596 840 874 897 elemen’ta
894 878 911 907 ,
960 834 1133 892 servit
1176 840 1373 890 natura
1401 850 1416 890 :
1440 831 1619 904 quasi
1650 846 1758 886 non
1786 828 2011 902 maioris
2036 829 2210 886 mira-

601 935 712 993 culi
741 935 815 991 sit
843 933 1029 988 limum
1054 930 1297 986 animare
1325 938 1482 998 quam
1504 922 1779 998 iungere?

674 1026 769 1083 ‘59.
812 1026 943 1080 Avis
968 1025 1026 1079 in
1050 1020 1277 1093 regione
1308 1019 1559 1083 Arabize,
1591 1017 1681 1075 cui
1708 1028 1911 1072 nomen
1940 1023 2026 1072 est
2054 1015 2207 1087 phre-

596 1120 725 1189 nix,
753 1117 1001 1175 redivivo
1028 1129 1142 1171 suae
1176 1114 1360 1170 carnis
1404 1111 1636 1166 humore
1682 1105 2040 1181 reparabilis,
2081 1114 2206 1163 eum

601 1220 821 1271 mortua
868 1210 1062 1277 fuerit,
1107 1206 1421 1272 reviviscit;
1450 1203 1604 1260 solos
1643 1218 1750 1259 non
1782 1202 2058 1259 credimus
2110 1199 2211 1257 ho-

599 1308 775 1365 mines
798 1304 1163 1362 resuscitari?
1201 1300 1361 1373 Atqui
1403 1300 1507 1355 hoe
1535 1297 1812 1353 relatione
1844 1294 2035 1352 crebra
2056 1337 2069 1362 ,
2096 1292 2126 1332 ιι
2154 1302 2211 1350 e‘t

607 1400 1007 1471 scripturarum
1066 1392 1390 1450 auctoritate
1442 1388 1803 1461 cognovimus
1849 1396 2208 1444 memoratam

605 1508 760 1548 avem
795 1482 1217 1562 quingentorum
1243 1494 1515 1541 annorum
1546 1483 1720 1554 spatia
1750 1478 1936 1537 vitalis
1963 1494 2094 1537 usus
2111 1479 2209 1535 ha-

606 1587 738 1643 bere
767 1582 1125 1656 prmscripta;
1153 1592 1384 1650 eamque
1409 1593 1530 1634 cum
1551 1575 1659 1633 sibi
1686 1576 1850 1631 ltnem
1873 1574 1999 1629 vita:
2018 1572 2211 1631 adesse

606 1692 851 1751 praesaga
880 1672 1114 1747 quadam
1148 1681 1356 1728 natura:
1386 1686 1499 1726 suae
1530 1667 1895 1724 aestimatione
1939 1676 2211 1738 cegnove-

605 1772 710 1836 rit,
743 1772 955 1826 thecam
984 1765 1086 1823 sibi
1115 1764 1182 1822 de
1207 1764 1369 1821 thure
1390 1764 1446 1821 et
1476 1762 1728 1836 myrrha,
1763 1770 1817 1818 et
1846 1760 2061 1818 cieteris
2081 1762 2213 1818 odo-

2311 829 2455 896 sior,
2501 826 2733 886 faciendi
2778 829 2895 896 vis,
2956 829 3231 886 sentiendi
3281 830 3580 900 vivacitas,
3632 832 3958 903 gradiendi

2312 920 2579 978 facultas?
2619 922 2809 994 Ignota
2842 930 2990 979 certe
3030 922 3192 979 nobis
3238 924 3367 979 sunt
3420 932 3627 980 uaturtc
3681 939 3955 996 organa,

2316 1024 2340 1051 θ
2368 1016 2463 1091 sed
2492 1025 2617 1072 nota
2652 1016 2978 1072 ministeria.
3024 1016 3091 1071 Et
3122 1024 3177 1071 tu
3210 1020 3397 1073 semen
3447 1016 3634 1083 fuisti,
3681 1027 3746 1073 et
3784 1026 3954 1074 tuum

2313 1125 2513 1182 corpus
2562 1122 2747 1167 semen
2798 1120 2883 1167 est
2933 1110 3323 1167 resurrecturi.
3374 1108 3516 1167 Audi
3567 1106 3860 1180 Paulum,
3898 1122 3953 1168 et

2313 1202 2463 1260 disce
2492 1202 2614 1275 quia
2646 1218 2834 1260 semen
2866 1218 2960 1259 es:
2993 1203 3299 1260 Seminu’tnr
3321 1204 3373 1259 in
3402 1206 3743 1277 corruptione
3763 1248 3784 1273 ,
3824 1223 3953 1261 sur-

2313 1308 2395 1370 get
2434 1302 2490 1353 in
2521 1299 2908 1373 incorruptione
2938 1316 2957 1355 :
2988 1301 3280 1355 seminatur
3304 1299 3357 1354 in
3372 1296 3724 1371 ignobilitate,
3756 1311 3954 1372 turget

2311 1391 2368 1446 in
2385 1390 2551 1465 gloria
2571 1408 2588 1446 :
2610 1392 2895 1446 seminatur
2914 1388 2967 1446 in
2993 1388 3315 1461 inﬁrmitate,
3336 1399 3507 1464 surget
3533 1394 3586 1448 in
3612 1393 3846 1460 virtute,
3876 1410 3953 1450 se»

2313 1483 2544 1540 minatur
2568 1498 2754 1556 corpus
2779 1483 3029 1552 animale,
3055 1486 3231 1558 surget
3257 1486 3445 1555 carpit:
3463 1476 3704 1558 spiritale
3731 1480 3783 1557 (ι
3812 1485 3943 1543 Cor.

2313 1592 2415 1646 xv,
2453 1573 2523 1635 42
2568 1590 2615 1634 et
2655 1595 2762 1651 seq.
2798 1578 2843 1651 ).
2889 1572 2960 1634 Et
3009 1589 3063 1634 tu
3091 1590 3224 1651 ergo
3263 1576 3549 1634 seminaris
3586 1578 3644 1634 ut
3678 1588 3902 1634 cmtera
3933 1622 3945 1644 ,

2316 1672 2446 1744 quid
2473 1671 2692 1729 miraris
2734 1672 2779 1728 si
2812 1684 3065 1744 resurges
3090 1668 3147 1727 ut
3190 1666 3426 1728 caetera?
3460 1660 3570 1727 Sed
3594 1668 3692 1727 illa
3721 1671 3942 1741 Credis,

2316 1766 2439 1838 quia
2481 1764 2635 1823 vides
2674 1765 2816 1822 :ista
2858 1770 2966 1821 non
3009 1762 3220 1830 credis,
3248 1762 3374 1836 quia
3407 1778 3514 1821 non
3541 1764 3699 1820 vides
3737 1781 3754 1821 :
3787 1764 3944 1823 Beati

605 1835 759 1920 ribus
785 1862 1085 1924 alternare,
1109 1858 1496 1929 completoque
1524 1835 1691 1927 opere
1721 1856 1929 1927 pariter
1966 1870 2030 1912 ac
2078 1866 2216 1911 tcm-
2243 1835 2293 1897 Β
2317 1835 2406 1930 qui
2431 1873 2534 1915 non
2562 1858 2805 1921 viderunt
2823 1901 2837 1926 ,
2867 1867 2914 1913 et
2932 1856 3471 1931 crediderunt(.loan.
3504 1874 3609 1927 xx,
3636 1854 3762 1929 29).

607 1970 772 2027 pore,
805 1952 1011 2008 intrare
1052 1950 1180 2018 illo,
1231 1956 1397 2022 atque
1432 1948 1647 2006 emori:
1680 1963 1746 2004 ex
1777 1946 1936 2020 cujus
1982 1947 2215 2006 humore

611 2047 743 2101 oriri
794 2048 1069 2111 vcrmem,
1122 2041 1500 2115 paulatimque
1551 2056 1676 2097 eum
1710 2041 1764 2096 in
1810 2039 1932 2097 avis
1962 2041 2215 2111 ejusdem

615 2142 843 2213 ﬁguram
876 2146 1268 2207 concrescere,
1300 2151 1569 2208 usumque
1619 2135 1876 2202 formari,
1926 2134 2215 2192 subnixam

610 2249 828 2306 quoque
876 2231 1108 2304 remigio
1152 2244 1492 2301 pennarum,
1528 2216 1803 2285 renovata:
1857 2228 1985 2285 vitae
2038 2228 2218 2285 ofﬁcia

609 2342 839 2383 munere
885 2325 1105 2397 pietatis
1132 2323 1322 2379 ordiri.
1355 2322 1486 2378 Nam
1517 2322 1734 2379 thecam
1765 2320 1910 2377 illam
1933 2364 1949 2391 ,
1995 2322 2079 2378 vel
2128 2332 2214 2378 tu-

611 2421 819 2478 mulum
850 2416 1133 2490 corporis,
1183 2416 1270 2473 vel
1301 2416 1695 2473 incuuabulum
1740 2416 2112 2488 resurgentis,
2164 2418 2218 2472 in

616 2532 721 2587 qua
785 2508 1049 2570 deficiens
1103 2510 1333 2579 occidit,
1385 2520 1440 2568 et
1496 2511 1754 2568 occidens
1814 2513 2080 2582 resurgit,
2153 2527 2219 2569 ex

619 2606 901 2678 Etltiupia
932 2602 985 2660 iu
1016 2604 1347 2679 Lycaoniam
1394 2601 1582 2661 vehit:
1630 2613 1793 2677 atque
1824 2606 1899 2661 ita
1942 2608 2222 2663 resurrec-

624 2704 776 2758 tione
822 2703 940 2757 avis
982 2700 1141 2772 hujus
1163 2743 1178 2767 ,
1210 2700 1455 2755 locorum
1481 2697 1677 2755 ineola:
1705 2698 2036 2770 completum
2067 2699 2225 2771 quin-

620 2806 910 2869 gentorum
940 2804 1210 2850 annorum
1243 2802 1453 2867 tempus
1485 2790 1817 2864 intelligunt.
1852 2792 1993 2864 Ergo
2021 2792 2106 2848 isti
2138 2793 2222 2848 avi

615 2888 1096 2963 quingentesimus
1149 2887 1572 2945 resurrectionis
1617 2902 1792 2942 annus
1843 2897 1957 2952 est,
1993 2898 2014 2926 ε
2065 2882 2223 2943 nobis

616 2986 945 3042 millesimus
984 3002 998 3039 :
1049 2982 1132 3039 illi
1172 2983 1225 3038 in
1256 2980 1361 3037 hoc
1391 2982 1625 3048 sarculo,
1659 2980 1817 3036 nobis
1867 2980 1919 3036 in
1968 2997 2222 3037 consum-

618 3076 860 3131 matione
885 3073 1097 3129 tnundi.
1133 3071 1386 3142 Plerique
1412 3072 1575 3126 etiam
1608 3071 1901 3143 opinantur
1931 3072 2073 3143 quod
2109 3074 2225 3131 avis

621 3170 741 3224 meo
762 3183 953 3238 rogum
980 3165 1086 3222 sibi
1118 3164 1233 3237 ipsa
1265 3156 1592 3231 succendat,
1625 3174 1678 3219 et
1701 3179 1890 3220 rursus
1922 3158 2135 3239 1150
2155 3166 2222 3225 de

620 3258 823 3313 favillis
854 3258 972 3313 suis
991 3264 1049 3312 et
1076 3255 1353 3311 cineribus
1384 3255 1695 3310 revivisCat.

695 3351 784 3407 60.
828 3350 937 3408 Sed
967 3348 1207 3405 fortasse
1237 3356 1429 3404 natura
1475 3344 1767 3404 tliscretior
1787 3391 1802 3415 ,
1832 3340 1957 3406 fidei
2008 3362 2224 3425 quoque

619 3444 1011 3501 discretionem
1039 3428 1288 3497 videatur
1326 3432 1559 3497 afferre:
1608 3440 1665 3496 in
1699 3444 1964 3513 originem
2020 3448 2217 3517 princi-

620 3541 880 3612 piumque
925 3535 1166 3593 hominis
1215 3533 1543 3607 procreandi
1597 3551 1753 3591 mens
1780 3547 1963 3592 nostra
2015 3539 2222 3597 redeat.

626 3630 746 3686 Viri
801 3628 966 3695 estis,
1022 3626 1239 3684 femina:
1286 3626 1416 3683 estis
1459 3643 1582 3699 quae
1618 3627 1858 3684 humana
1904 3641 2062 3701 sunt,
2115 3651 2223 3689 nou

624 3724 923 3797 ignoratis:
948 3721 1070 3777 etsi
1101 3722 1194 3792 qui
1223 3722 1509 3793 ignoratis,
1540 3737 1606 3777 ex
1637 3723 1808 3779 nihilo
1837 3725 2037 3795 putatis
2064 3740 2220 3795 es<e,

624 3819 772 3893 quod
820 3817 1119 3877 nascimur.
1159 3812 1187 3853 ἀ
1217 3815 1389 3886 Quam
1435 3834 1502 3873 ex
1554 3834 1723 3890 parvo
1749 3821 1936 3890 quanti
1970 3824 2223 3893 exsurgi-

626 3912 781 3969 mus!
815 3908 952 3968 Etsi
980 3925 1087 3968 non
1116 3909 1509 3982 exprimimus,
1542 3910 1845 3984 intelligitis
1873 3922 2051 3971 tamen
2089 3910 2220 3987 quid

701 4107 726 4135 ι
766 4095 1194 4167 Quidam‘tuss”
1226 4092 1445 4165 difﬁcile
1475 4092 1583 4149 Deo
1608 4108 1711 4150 non
1742 4098 1894 4167 foret.

699 4167 728 4206 δ
766 4166 930 4223 Rom.
959 4164 1091 4222 edit.
1111 4207 1127 4234 ,
1156 4175 1205 4221 et
1244 4164 1558 4240 scriptorum
1588 4164 1931 4236 auctoritate;
1973 4177 2222 4240 caeteras,

627 4256 692 4297 ac
715 4253 851 4296 mss.
876 4252 1072 4293 omnes
1095 4281 1111 4306 ,
1136 4246 1185 4292 et
1210 4238 1586 4302 scripturarum
1616 4240 1943 4296 auctoritate.
1988 4240 2109 4296 Non
2138 4238 2224 4297 ta;

625 4328 748 4368 meu
771 4309 1205 4382 existimandum
1220 4318 1305 4364 est
1315 4308 1665 4382 Ambrosium
1686 4326 1806 4382 gate
1824 4312 1967 4382 apud
1986 4323 2223 4370 auctores

624 4384 706 4439 vel
730 4379 1062 4457 ethpicospel
1085 4379 1622 4457 certeecclesiasticos
1662 4378 1980 4457 napaeas“
2003 4383 2217 4457 legerat,

627 4470 688 4509 ea
714 4452 1006 4520 Scriptnris
1033 4448 1195 4504 sacris
1222 4450 1494 4521 imputare,
1516 4448 1974 4521 quemadmodum
1997 4448 2220 4511 ea'villal

2389 1949 2478 2005 61.
2521 1949 2724 2006 Tamen
2745 1959 3038 2023 antequam
3069 1960 3284 2022 tempus
3313 1950 3525 2018 veniat,
3556 1960 3659 2018 nec
3680 1950 3782 2008 illa
3812 1968 3942 2010 cre-

2312 2043 2558 2111 duntur;
2610 2058 2716 2099 non
2769 2043 2913 2101 enim
2939 2057 3102 2101 omne
3128 2054 3347 2116 tempus
3378 2045 3814 2102 accommodum
3871 2048 3939 2104 ad

2318 2134 2696 2193 resuscitanda
2727 2136 2956 2193 semina.
2996 2132 3119 2192 Alio
3160 2135 3403 2192 triticum
3449 2137 3795 2207 seminatur,
3829 2139 3940 2196 alio

2320 2231 2602 2286 nascitur:
2646 2231 2755 2286 alio
2782 2231 2909 2287 vitis
2950 2230 3242 2300 inseritur,
3274 2231 3382 2286 alio
3431 2228 3769 2303 gemmantia
3823 2240 3942 2291 sar-

2320 2332 2503 2380 menta
2530 2322 2853 2395 pubescunt,
2881 2322 3123 2379 luxuriat
3146 2324 3436 2396 pampinus
3457 2369 3472 2392 ,
3499 2338 3601 2380 uva
3622 2325 3937 2383 formatur:

2319 2412 2430 2472 alio
2457 2410 2735 2487 plantatur
2761 2414 2880 2472 olea
2899 2457 2914 2482 ,
2943 2416 3052 2471 alio
3078 2416 3230 2472 velut
3258 2415 3380 2472 alvo
3408 2416 3592 2488 gravis
3636 2424 3696 2475 et
3737 2422 3937 2475 onusta

2322 2508 2479 2584 prole
2526 2506 2817 2567 baccarttm
2844 2552 2860 2580 ,
2910 2508 3120 2566 fructus
3159 2511 3243 2566 sui
3276 2507 3296 2550 τ
3327 2511 3577 2568 ubertate
3626 2512 3936 2571 curvescit.

2322 2605 2464 2662 'Ante
2489 2618 2622 2661 vero
2653 2612 2814 2676 quam
2838 2608 2999 2659 suum
3030 2604 3226 2674 cuique
3253 2614 3471 2676 tempus
3497 2604 3800 2673 adveniat,
3863 2606 3936 2663 fe

2324 2704 2444 2756 tura
2468 2698 2774 2756 restrictior
2796 2712 2878 2755 est
2897 2718 2910 2755 :
2932 2714 3033 2756 nec
3053 2696 3424 2771 generationis
3444 2707 3659 2755 nitatem
3687 2688 3862 2758 habet
3888 2703 3935 2758 in

2325 2798 2594 2865 potestate
2616 2788 2915 2864 generandi
2943 2792 3090 2862 ipsa,
3131 2806 3252 2863 qua:
3291 2800 3540 2864 generat.
3572 2790 3732 2849 Nunc
3760 2793 3937 2850 infor-

2326 2882 2468 2942 mem
2508 2886 2644 2953 situ,
2677 2900 2822 2941 nunc
2842 2883 2957 2941 fetu
2989 2876 3223 2953 nudam,
3259 2895 3283 2933 ε
3316 2894 3460 2941 nunc
3490 2886 3759 2943 virentem
3784 2886 3935 2944 flori-

2324 2977 2446 3043 bus,
2481 2994 2624 3034 nuuc
2646 2988 2889 3035 arentem
2925 2978 3095 3049 ipsam
3119 2980 3360 3035 omnium
3391 2986 3583 3036 ‘ccrnas
3624 2988 3930 3051 parentem.

2325 3075 2458 3143 Qum
2483 3076 2667 3145 utique
2687 3074 2848 3130 vellet
2867 3075 3122 3131 omnibus
3149 3078 3208 3131 se
3230 3072 3437 3132 restire
3457 3077 3815 3149 temporibus,
3834 3096 3932 3136 nec

2329 3184 2583 3239 umquam
2600 3183 2762 3224 aurea
2782 3178 3028 3240 segetum
3053 3179 3144 3224 aut
3164 3169 3453 3226 viridantia
3474 3179 3754 3242 pratorum
3770 3172 3930 3229 indu-

2330 3272 2509 3317 menta
2539 3261 2841 3333 deponere:
2876 3263 2990 3332 ipsa
3016 3263 3096 3316 sui
3119 3277 3309 3331 egens,
3342 3273 3395 3319 et
3423 3266 3787 3333 provculuum
3807 3281 3929 3321 suo.

2329 3369 2472 3420 rum,
2502 3364 2622 3425 qna:
2653 3354 2705 3408 in
2730 3353 2868 3409 alios
2897 3350 3273 3422 transfudcrit,
3299 3348 3542 3411 indotata
3564 3360 3923 3428 compendiis.

2403 3447 2490 3502 62.
2534 3442 2678 3519 Ergo
2706 3458 2761 3501 et
2782 3455 3023 3503 nostram
3052 3448 3505 3504 resurrectionem
3535 3452 3589 3504 et
3617 3450 3663 3505 si
3688 3466 3796 3507 non
3814 3470 3927 3507 cre—

2330 3538 2416 3595 dis
2448 3540 2553 3596 fide
2574 3584 2589 3608 ,
2621 3557 2726 3595 non
2759 3540 2939 3596 credis
2969 3536 3248 3612 exetnplo,
3280 3550 3376 3595 usu
3405 3552 3462 3596 es
3489 3542 3828 3600 crediturus.
3866 3536 3925 3602 Et

2333 3630 2456 3688 aliis
2483 3633 2704 3705 quidem
2748 3626 3042 3703 fructibus,
3074 3642 3131 3688 ut
3152 3634 3245 3689 viti
3266 3676 3279 3700 ,
3309 3630 3441 3688 olesc
3466 3677 3480 3699 ,
3530 3634 3822 3707 pomisque
3854 3640 3923 3692 di-

2332 3728 2507 3783 versis
2534 3727 2661 3783 anui
2693 3734 2827 3783 tetas
2858 3737 3103 3784 extrema
3138 3718 3330 3784 habilis
3359 3717 3698 3784 maturandis
3727 3747 3742 3783 :
3775 3731 3921 3785 nobis

2330 3839 2547 3894 quoque
2616 3819 2803 3877 mundi
2859 3820 3258 3878 consummatio
3312 3827 3590 3892 tamquam
3646 3832 3918 3878 extremus

2329 3916 2453 3972 anni
2479 3915 2600 3972 linis
2621 3915 3029 3973 accommodem
3057 3912 3371 3987 resurgendi
3420 3914 3753 3988 prtescripsit
3795 3926 3917 3973 acta-

2328 4098 2424 4156 lib.
2456 4116 2492 4156 u
2522 4098 2645 4172 Nat.
2679 4097 2815 4172 Hist.
2852 4114 2976 4172 cap.
3008 4100 3081 4170 2,
3118 4108 3173 4157 et
3212 4099 3338 4172 alii,
3390 4115 3625 4172 quorum
3681 4100 3915 4159 nonnulli

2324 4173 2495 4226 visam
2517 4171 2679 4227 etiam
2703 4170 3182 4241 signato‘tempore
3202 4183 3257 4228 et
3274 4171 3398 4228 loco
3410 4170 3541 4228 esse
3563 4175 3744 4229 testati
3762 4186 3912 4241 sunt;

2325 4243 2625 4315 prudenter
2650 4258 2784 4299 sane
2816 4244 2887 4315 pii
2917 4244 2998 4299 illi
3028 4245 3126 4300 viri
3156 4243 3224 4299 ad
3250 4243 3640 4315 eXplicandam
3670 4260 3913 4302 asset-eno

2324 4314 2560 4386 dataque
2585 4313 3052 4386 resurreCIionem
3071 4358 3087 4382 ,
3117 4331 3237 4371 rem
3267 4313 3427 4386 captu
3454 4332 3508 4371 tn
3551 4316 3741 4386 primis
3781 4317 3915 4373 (καί.

2324 4384 2487 4457 cilem
2503 4427 2518 4449 ,
2538 4385 2814 4457 communi
2835 4386 3189 4457 persuasione
3211 4388 3286 4441 uti
3313 4384 3630 4442 voluerunt.
3651 4385 3910 4444 Cmterum

2317 4456 2430 4528 jam
2480 4456 2530 4511 in
2564 4456 2872 4511 fabularum
2924 4472 3208 4513 numerum
3241 4457 3461 4528 phoenix
3502 4459 3809 4528 reponitur,
3860 4470 3910 4517 ut

625 4536 718 4603 tur
738 4523 981 4603 nolimus
1016 4521 1117 4575 lib.
1150 4535 1189 4575 rt
1209 4520 1413 4603 defleo
1443 4520 1666 4603 Patrgtn
1695 4534 1819 4603 esp.
1847 4525 1901 4603 ξ.
1931 4522 2067 4603 Nam
2096 4541 2220 4603 cum
2246 4542 2301 4603 D
2324 4520 2521 4603 videre
2541 4536 2630 4603 est
2651 4528 2796 4603 apud
2821 4528 3161 4603 recentiores
3179 4520 3484 4603 sci-iptores
3502 4520 3907 4603 ornithole'giaa.

626 4596 726 4653 lib.
752 4612 782 4650 ν
814 4593 1079 4650 nomen.
1104 4606 1229 4661 cap.
1259 4591 1331 4646 25
1352 4630 1366 4657 ,
1394 4607 1546 4647 num.
1576 4592 1668 4659 79,
1694 4593 2004 4661 phtnnicem
2035 4596 2224 4653 decla.

624 4684 754 4724 rans
785 4667 1007 4735 figuram
1038 4677 1162 4737 esse
1188 4663 1734 4737 resurrectionis,_de
1758 4666 2040 4737 Scriptura
2086 4669 2222 4727 nihil

626 4730 993 4810 plaiiegdicat;
1021 4730 1164 4810 quod
1213 4743 1391 4810 tamen
1421 4730 1565 4810 apud
1612 4730 1975 4806 chrisdanos,
2013 4740 2223 4810 quibus

624 4804 933 4869 scribebat,
965 4806 1265 4863 maximum
1295 4804 1572 4863 habuisset
1601 4818 1937 4865 momentum
1963 4804 1976 4864 ξ
2009 4804 2100 4866 hic
2128 4813 2221 4869 ubi

624 4881 736 4951 agit
765 4879 1028 4951 adversus
1056 4877 1308 4951 ethnicos
1328 4918 1344 4945 ,
1372 4872 1786 4951 curuscripturan
1833 4880 2034 4938 divina:
2061 4898 2222 4940 men-

627 4946 1071 5021 ti'oneml‘acerct
1099 4947 1364 5021 apud‘eos
1394 4946 2020 5011 nullam'auctoritalem
2068 4954 2223 5011 habi—

627 5014 799 5081 turae?
824 5014 1223 5089 Scripturaer
1249 5018 1415 5090 igitur
1445 5034 1634 5077 vocem
1666 5022 1918 5090 adhibet,
1951 5028 2009 5079 ut
2035 5033 2223 5082 aucto-

628 5110 749 5149 rum
789 5092 905 5163 sivc
956 5090 1308 5163 profanorum
1332 5133 1347 5158 ,
1404 5091 2043 5163 siveecclcsiasticorum
2077 5094 2222 5154 desi-

627 5162 988 5245 gnet‘seript’a
1014 5177 1253 5245 ,Jeaquc
1289 5177 1413 5218 cum
1457 5162 1709 5245 relatione
1734 5165 1946 5234 crebra,
1994 5167 2045 5224 id
2080 5179 2218 5245 _est,

629 5232 806 5308 vocali
831 5232 1291 5308 sermocinatione
1313 5234 1629 5308 componat.
1651 5234 1839 5308 Neque
1866 5232 2000 5308 vero
2023 5232 2218 5297 mirqu

625 5307 798 5362 videri
854 5305 1117 5371 debet,si
1169 5305 1441 5378 phmnicis
1482 5304 1842 5378 exetuplo'ad
1887 5304 2219 5378 probandam

626 5391 918 5449 corporum
942 5372 1404 5449 resurrectiqnetu
1430 5378 1513 5435 usi
1538 5372 1737 5449 fuerint
1767 5372 1982 5449 veteres
2009 5372 2215 5449 Patres,

629 5440 998 5524 Tertullianus
1024 5448 1120 5524 lib.
1157 5446 1224 5503 dc
1251 5440 1475 5524 Reser.
1509 5463 1630 5524 cap.
1658 5440 2216 5524 _l5,_Cy_rillusAHicr.

626 5519 853 5592 Gatech.
892 5520 997 5592 ιδ,
1053 5518 1310 5592 Qlemens
1360 5518 1521 5585 Rom.
1570 5519 1791 5592 Epist.l
1821 5518 1888 5577 ad
1931 5520 2217 5592 Corinth.,

628 5590 862 5653 Basilius
892 5588 1041 5663 hom.
1076 5584 1109 5645 8
1156 5586 1207 5663 in
1253 5584 1540 5663 Ιιεξτιοιῄε,
1575 5584 1916 5663 Epiphanius
1960 5594 2012 5649 in
2043 5584 2221 5652 Anco-'-

627 5670 730 5736 rat‘.
768 5675 919 5715 num.
965 5658 1036 5715 85
1093 5670 1147 5736 et
1194 5658 1247 5716 in
1272 5658 1769 5736 _Physiolog.'cap.
1802 5664 1893 5731 li,
1925 5666 2221 5736 pluresque

629 5732 756 5805 alii;
785 5744 911 5805 nam
932 5746 1057 5787 cum
1089 5729 1168 5805 de
1188 5729 1545 5805 eadem'ave,
1568 5729 1638 5789 'ut
1669 5729 1856 5804 poetas
1880 5729 2219 5805 omittamus,

631 5797 878 5876 !Ii8t_£)rl0i
908 5800 1226 5876 categvatim
1245 5797 1616 5876 _scripseriut,
1666 5797 1724 5876 ut
1753 5816 1883 5876 puta
1912 5797 2222 5867 Herodotus

638 5865 695 5919 in
726 5865 1001 5938 Euterpe,
1029 5866 1196 5928 Corn.
1245 5865 1463 5928 Tacitus
1509 5865 1705 5932 Annal.
1739 5865 1835 5933 lib.
1870 5894 1960 5949 v1,
2012 5865 2220 5939 Plinius

2326 4599 2434 4657 Sed
2465 4599 2597 4656 illud
2626 4599 2768 4671 apud
2791 4614 2885 4657 eos
2908 4615 2939 4656 a
2968 4601 3149 4671 debita
3175 4599 3381 4657 sanetis
3410 4600 3665 4657 Patribus
3692 4599 3910 4659 venera-

2329 4673 2475 4727 tione
2501 4668 3111 4742 plane'alicnum,quod
3136 4686 3233 4728 eos
3251 4674 3338 4742 qui
3356 4671 3584 4727 credant
3611 4674 3907 4741 phoenicem

2325 4743 2593 4817 existere,
2621 4752 2811 4800 contra
2839 4742 3140 4814 Scripturte
3163 4742 3541 4800 auctoritatem
3569 4747 3771 4800 sentire
3792 4760 3908 4817 pro-

2324 4814 2593 4870 nuntiant.

2400 4894 2421 4924 ε
2466 4882 2672 4940 Eodem
2700 4900 2863 4942 sensu
2890 4882 2981 4941 hic
3006 4884 3151 4956 loqui
3180 4884 3399 4942 videtur
3427 4883 3751 4942 Ambrosius
3786 4902 3906 4945 nos-

2326 4964 2408 5012 ter
2431 4998 2446 5024 ,
2475 4972 2583 5031 quo
2614 4958 2837 5031 scripsit
2880 4959 3216 5031 Augustinus
3263 4957 3355 5012 lib.
3388 4973 3460 5031 xx
3504 4958 3574 5015 de
3627 4956 3787 5031 Civil.
3816 4959 3905 5015 Dei

2326 4972 2408 5012 ter
2431 4998 2446 5024 ,
2475 4972 2583 5083 quo
2614 4972 2837 5031 scnpsrt
2880 4972 3216 5028 Augustinus
3264 4972 3355 5012 ιιι).
3388 4973 3460 5012 xx
3504 4972 3574 5015 ue
3627 4972 3787 5014 umt.
3816 4972 3902 5015 uet

2325 5032 2447 5100 Cap.
2473 5096 2500 5104 ἡ
2526 5066 2545 5094 ,
2575 5037 2818 5104 autcerte
2841 5025 2985 5104 mille
3012 5040 3175 5084 annos
3202 5045 3295 5098 pro
3320 5030 3472 5084 annis
3497 5030 3732 5104 omnibus
3754 5031 3902 5104 hujus

2324 5096 2501 5174 διειμιὶ
2522 5098 2692 5174 posuit
2715 5142 2734 5174 ,
2765 5098 3079 5174 ut_perfecto_
3096 5096 3606 5174 nurnero‘notaretur
3633 5101 3743 5174 ἔρια
3787 5096 3903 5174 tim:

2324 5171 2463 5297 poris
2488 5168 2776 5257 plenitudo.
2802 5168 2970 5255 Favet
2990 5171 3211 5243 quidem
3237 5168 3364 5256 huic
3390 5168 3716 5243 expositioni
3734 5213 3748 5240 ,
3769 5171 3901 5243 quod

2346 5240 2464 5297 nfra
2495 5257 2645 5297 num.
2670 5243 2740 5297 65
2756 5242 3079 5297 subuculur:
3109 5241 3295 5297 Mundi
3327 5252 3559 5297 lemnora
3586 5261 3751 5297 annus
3777 5261 3901 5297 unus

2346 5240 2408 5297 nf
2408 5258 2464 5298 ra
2489 5240 2645 5298 num.
2670 5243 2740 5300 65
2756 5240 3041 5312 subjicitur
3062 5259 3081 5306 ξ
3109 5241 3297 5298 Mundi
3327 5240 3559 5312 tempora
3586 5261 3751 5299 annus
3777 5240 3901 5300 unus

2324 5323 2430 5381 est,
2461 5324 2569 5388 etc.
2619 5315 2675 5388 Si
2709 5314 2830 5388 quis
2859 5310 3215 5388 iameumalit
3241 5315 3297 5369 in
3326 5310 3589 5388 Opinione
3620 5313 3897 5371 Chiliasta-

2321 5400 2444 5457 gum
2474 5383 2593 5441 lucc
2608 5383 2762 5457 dictu
2796 5398 2919 5443 esse
2941 5427 2955 5453 ,
2986 5385 3147 5457 adeat
3173 5400 3297 5457 qua:
3324 5383 3422 5440 uas
3450 5386 3635 5454 priore
3673 5396 3810 5442 tutuo
3848 5388 3898 5444 in

2323 5450 2574 5565 Exposit.
2606 5454 2801 5513 Psalm.
2828 5472 2879 5525 ι,
2913 5450 3064 5513 num.
3091 5456 3161 5514 54
3184 5450 3206 5524 ,'
3225 5450 3626 5513 aunotavimns.

2464 5527 2597 5565 an
2668 5528 2777 5565 tulit
2822 5538 2872 5565 nl
2905 5544 3013 5565 mea
3063 5527 3265 5565 nlinnnl
3337 5543 3453 5565 Mum
3490 5532 3626 5565 ριν-..ι

2463 5527 2620 5581 Rom.
2668 5528 2782 5585 edit
2822 5538 2876 5584 et
2904 5544 3034 5585 mss.
3062 5527 3269 5600 aliquot
3291 5569 3306 5594 ,
3336 5543 3457 5583 cunt
3490 5532 3555 5584 es:
3580 5545 3735 5601 pareo
3777 5526 3901 5586 tanti

2321 5613 2682 5665 exsttrgamus.

2397 5678 2421 5741 ιζ
2460 5667 2576 5741 Non
2607 5668 2762 5739 pauci
2787 5684 2918 5727 is.
2939 5713 2954 5739 ,
2986 5669 3077 5726 sed
3103 5678 3223 5725 nota
3247 5672 3516 5741 mysteria.

2396 5737 2417 5777 τ
2458 5737 2714 5797 Nonnulli
2753 5759 2882 5797 mss.
2908 5737 3191 5808 ,Vonustate
3217 5737 3484 5797 correxit.

2394 5821 2419 5860 ε
2458 5810 2604 5888 Idem
2633 5830 2804 5888 mssa,
2831 5831 2970 5888 nunc
2988 5814 3259 5883 informem
3279 5820 3385 5867 situ
3405 5858 3422 5880 ,
3452 5831 3588 5872 nunc
3604 5814 3892 5888 fecundam;

2325 5899 2461 5940 nunc
2485 5884 2728 5940 virentem
2756 5885 3005 5957 floribus,
3034 5901 3169 5940 nunc
3203 5893 3479 5941 carentem.
