4092 6190
537 226 557 279 l
568 223 675 281 555

1902 215 2146 274 SANCTI
2185 214 2506 273 AMBROSII

3785 209 3966 267 i536

529 355 656 396 ossa
688 347 716 377 ι
752 336 1056 394 visceribus
1081 334 1407 400 vestiantur,
1429 346 1800 404 venarumque
1845 331 2046 395 hiatus,
2076 339 2131 385 et
2159 336 2210 395 Α
2305 329 2395 386 75.
2443 329 2635 400 Magna
2690 329 2902 385 Domini
2929 329 3122 400 gratia,
3154 328 3299 401 quod
3333 329 3544 385 futura:
3574 343 3960 385 resurrec-

531 431 816 504 sanguinis
844 429 1048 485 rivulos
1077 437 1314 484 extentae
1342 427 1484 482 cutis
1515 427 1763 482 velamen
1791 424 2046 480 obducat.
2075 421 2131 478 In

530 527 687 598 ipsis,
723 525 851 579 dum
881 522 1115 593 legimus
1137 563 1152 589 ,
1177 521 1518 592 propheticis
1557 519 1904 575 sermonibus
1942 517 2134 572 huma-

529 632 724 675 norum
749 615 969 670 videtur
984 629 1146 686 seges
1175 628 1469 682 corporum
1487 612 1737 668 rediviva
1763 625 2128 681 consurgere,

530 721 694 782 atque
721 710 840 779 ipsa
862 709 1038 778 Spatia
1064 706 1262 764 diffusa
1284 721 1601 777 camporum
1625 705 1784 761 novis
1803 705 1993 760 videas
2017 703 2135 776 pul-

531 804 711 860 lulare
741 802 1063 857 seminibus.

602 896 691 952 70.
709 894 865 962 Quod
877 895 923 949 si
947 901 1162 950 veteres
1183 894 1461 976 sapientes
1481 891 1510 931 ι)
1540 893 1673 948 satis
1697 891 1854 962 hydri
1881 890 2136 946 dentibus

540 990 750 1064 1153
790 994 846 1044 in
882 989 1108 1060 regione
1130 987 1387 1043 Thebana
1427 988 1768 1042 inhorruisse
1802 995 2134 1041 armatorum

532 1091 776 1155 segetem
817 1081 1213 1137 crediderunt:
1248 1096 1368 1135 cum
1421 1080 1607 1150 utique
1647 1078 1873 1134 alterius
1930 1087 2135 1132 naturae

530 1173 743 1230 semina
779 1182 990 1228 certum
1021 1173 1094 1227 sit
1128 1173 1180 1227 in
1210 1181 1460 1227 naturam
1496 1170 1640 1227 verti
1685 1171 1913 1227 alteram
1948 1169 2137 1238 nequi-

529 1268 696 1333 visse,
728 1281 826 1322 nec
848 1276 1060 1336 partum
1089 1266 1204 1321 suis
1222 1265 1528 1320 discordem
1557 1263 1767 1319 fudisse
1799 1261 2132 1323 seminibus;

531 1369 591 1415 ut
618 1375 683 1415 ex
709 1369 964 1429 serpente
991 1359 1240 1415 homines
1262 1367 1645 1421 nascerentur,
1672 1365 1730 1410 ut
1753 1371 1885 1412 caro
1914 1370 1979 1410 ex
2005 1353 2136 1409 den-

531 1454 675 1510 tibus
717 1458 1036 1526 gigneretur
1069 1473 1083 1509 :
1115 1463 1324 1525 quanto
1364 1452 1536 1524 magis
1576 1452 1761 1522 utique
1801 1449 2135 1506 credendum

529 1558 636 1613 est,
668 1562 1027 1619 quaecumque
1049 1556 1176 1602 sunt
1204 1547 1492 1611 seminata,
1523 1545 1577 1599 in
1602 1558 1754 1600 suam
1778 1553 2029 1598 naturam
2052 1555 2137 1597 re-

529 1655 789 1709 surgere,
823 1655 923 1694 nec
960 1656 989 1693 a
1032 1638 1246 1694 satione
1274 1653 1369 1694 sua
1409 1646 1627 1708 segetes
1654 1636 2005 1706 discrepare,
2037 1649 2137 1689 nec

2235 422 2404 477 tionis
2435 423 2704 492 propheta
2733 423 2892 478 testis
2916 422 3231 490 adhibetur,
3261 432 3320 477 ut
3350 437 3454 478 nos
3481 437 3767 494 quoque
3799 438 3952 478 eam

2234 513 2382 568 illius
2427 515 2598 570 oculis
2639 515 2974 571 videremus.
3019 513 3206 584 Neque
3251 514 3400 570 enim
3447 529 3677 570 omnes
3726 525 3950 571 testes

2236 605 2488 662 adhiberi
2519 615 2794 678 poterant,
2824 606 2921 662 sed
2952 607 3006 661 in
3034 621 3142 660 uno
3177 621 3374 662 omnes
3407 615 3593 663 testes
3633 621 3893 662 sumus
3921 626 3938 662 :

2234 705 2361 774 quia
2409 721 2512 760 nec
2539 705 2592 759 in
2623 705 2799 760 virum
2847 711 3094 759 sanctum
3131 702 3278 759 cadit
3305 703 3691 759 mendacium
3729 746 3750 769 ,
3816 720 3938 761 nec

2235 798 2288 853 in
2322 808 2530 853 tantum
2560 813 2717 854 error
2746 798 3090 869 prephetam.

2307 893 2397 946 74.
2426 891 2537 947 Nec
2571 891 2748 946 nimus
2775 890 3076 946 verisimile
3115 889 3279 945 debet
3323 888 3539 955 videri,
3592 891 3764 960 quia
3821 890 3926 960 ju-

2236 984 2399 1041 bente
2429 984 2564 1052 Deo,
2593 999 2718 1040 ossa
2751 985 2804 1038 in
2834 998 2988 1039 suam
3017 983 3394 1054 compaginem
3426 982 3878 1038 reformantur
3904 1002 3918 1042 ;

2235 1093 2359 1134 cum
2407 1077 2592 1149 utique
2636 1079 2924 1133 innumera
2973 1077 3275 1133 habeamus
3325 1078 3617 1148 exempla,
3673 1078 3922 1148 quibus

2237 1180 2430 1226 natura
2460 1186 2644 1226 rerum
2673 1170 2989 1227 coelestibus
3020 1180 3104 1226 est
3131 1171 3393 1227 obsecuta
3427 1172 3774 1242 prmceptis
3801 1189 3819 1236 ;
3852 1184 3918 1227 ut

2237 1273 2379 1320 terra
2410 1264 2666 1334 pabulum
2712 1263 2938 1334 gignere
2976 1263 3289 1332 juberetur,
3321 1271 3377 1319 et
3403 1264 3680 1334 gigneret
3718 1261 3908 1335 (Gen.

2238 1372 2277 1421 ι,
2313 1353 2434 1426 ll);
2467 1366 2526 1410 ut
2557 1351 2623 1410 ad
2653 1355 2822 1426 virga
2851 1364 3052 1410 tactum
3097 1355 3410 1411 sitientibus
3438 1354 3686 1425 pOpulis
3729 1367 3909 1424 petra

2238 1458 2482 1504 vomeret
2519 1463 2714 1519 aquam
2747 1446 2938 1511 (Num.
2968 1464 3061 1513 xx,
3101 1447 3216 1518 il),
3248 1456 3410 1517 atque
3462 1457 3608 1502 testu
3657 1447 3909 1522 1154

2239 1541 2456 1597 torridis
2510 1540 2864 1596 miseratione
2913 1540 3099 1595 divina
3152 1541 3425 1595 undarcnt
3472 1540 3709 1596 fluenta
3746 1542 3906 1596 dura

2237 1646 2492 1688 saxorum
2543 1631 2738 1703 (Exod.
2789 1648 2862 1698 tv,
2913 1631 2989 1703 5).
3022 1632 3186 1704 Virga
3228 1633 3281 1687 in
3325 1641 3664 1704 serpentem
3719 1650 3905 1690 versa

529 1732 682 1788 duris
733 1731 938 1797 mollia,
999 1746 1102 1787 nec
1149 1730 1404 1786 mollibus
1450 1731 1582 1785 dura
1636 1727 1924 1790 viviscere,
1954 1740 2056 1782 nec
2079 1725 2130 1780 in
2165 1737 2212 1796 Β
2239 1723 2369 1794 quid
2395 1723 2542 1780 aliud
2567 1724 2855 1792 indicavit,
2890 1725 2993 1780 nisi
3023 1725 3239 1780 volente
3271 1725 3381 1780 Deo
3412 1740 3479 1781 ex
3508 1726 3905 1782 insensibili-

534 1825 857 1896 sanguinem
905 1839 1116 1880 venena
1169 1823 1450 1886 converti;
1506 1821 1600 1877 sed
1624 1835 1843 1877 carnem
1862 1820 1929 1876 de
1950 1835 2140 1886 carne,

531 1932 594 1973 os
625 1917 694 1972 de
717 1915 955 1980 ossibus,
986 1915 1308 1987 sanguinem
1345 1914 1414 1970 de
1442 1913 1727 1985 sanguine,
1757 1912 2043 1968 humorem
2075 1911 2142 1966 de

533 2009 763 2064 humore
817 2008 1086 2078 reparari.
1121 2006 1352 2062 Potestis
1379 2022 1509 2077 ergo
1535 2047 1550 2072 ,
1583 2006 1846 2077 gentiles,
1881 2003 2142 2060 reforma-

529 2103 736 2156 tionem
764 2114 966 2170 negare
989 2110 1219 2165 naturae,
1246 2101 1337 2171 qui
1365 2099 1718 2154 mutationem
1743 2099 1973 2169 potestis
1994 2111 2144 2153 asse-

531 2193 691 2250 rere?
732 2192 968 2249 Potestis
996 2208 1102 2248 non
1131 2193 1361 2249 credere
1389 2192 1650 2260 oraculis,
1681 2207 1791 2246 non
1821 2191 2140 2261 Evangelio,

529 2303 640 2342 non
677 2286 1002 2358 prophetiis,
1033 2287 1126 2356 qui
1158 2286 1352 2342 fabulis
1385 2285 1637 2342 inanibus
1669 2285 1930 2342 creditis?

605 2379 696 2435 Ἠ.
734 2377 844 2434 Sed
893 2379 1006 2448 jam
1055 2379 1233 2449 ipsum
1297 2379 1585 2434 audiamus
1646 2380 2006 2448 prophetam;
2066 2378 2142 2432 sic

531 2470 680 2524 enim
733 2469 809 2523 ait
843 2484 855 2522 :
884 2467 956 2523 Et
987 2468 1129 2538 facta
1176 2479 1254 2524 est
1303 2486 1458 2541 super
1508 2485 1587 2523 me
1615 2485 1801 2523 manus
1833 2467 2066 2534 Domini,
2097 2477 2145 2522 et

532 2562 716 2617 eduxit
742 2579 822 2617 me
846 2563 899 2617 in
924 2563 1111 2633 spiritu
1140 2563 1398 2619 Dominus
1419 2605 1434 2629 ,
1475 2573 1526 2618 et
1563 2565 1737 2631 posuit
1779 2580 1859 2617 me
1887 2564 1942 2617 in
1972 2564 2142 2617 medio

530 2671 738 2725 campo,
769 2665 818 2710 et
841 2655 925 2709 hic
950 2665 1059 2709 erat
1085 2655 1272 2726 plenus
1294 2655 1494 2710 ossibus
1526 2655 1768 2708 Immanis
1797 2670 1815 2708 :
1847 2664 1892 2708 et
1923 2656 2144 2708 circum-

533 2746 686 2801 duxit
717 2762 798 2801 me
825 2762 917 2816 per
942 2761 1127 2817 gyrum
1152 2762 1331 2801 eorum
1351 2787 1366 2812 ,
1399 2754 1446 2797 et
1474 2761 1590 2798 ecce
1636 2760 1754 2799 ossa
1802 2746 1964 2798 multa
1993 2744 2143 2798 valde

530 2844 586 2895 in
639 2843 772 2914 facie
807 2842 999 2913 campi,
1033 2840 1185 2894 arida
1215 2840 1391 2893 nimis.
1427 2837 1494 2892 Et
1523 2839 1597 2892 ait
1645 2839 1713 2892 ad
1744 2855 1824 2893 me
1857 2856 1874 2892 :
1907 2837 2018 2892 Fili
2048 2839 2139 2893 Ito-

533 2937 711 3002 minis,
742 2938 788 2990 si
817 2938 982 2990 vivent
1010 2951 1129 2989 ossa
1154 2934 1296 2988 ista?
1325 2931 1392 2985 Et
1423 2933 1534 2987 dixi
1556 2949 1575 2986 :
1598 2931 1820 2987 Domine
1850 2943 1903 2987 tu
1929 2935 2049 2988 scis.
2075 2932 2143 2987 Et

537 3031 612 3083 ait
639 3029 708 3081 ad
745 3043 826 3082 me
855 3045 872 3081 :
908 3026 1226 3096 Prop/relisa
1251 3011 1409 3095 super
1439 3042 1554 3081 ossa
1579 3027 1703 3094 ista,
1735 3037 1782 3081 et
1813 3028 1954 3081 dices
1985 3028 2090 3081 illis
2121 3043 2139 3082 :

538 3118 674 3173 Ossa
715 3118 866 3170 arida
911 3117 1044 3182 lucc,
1076 3115 1255 3168 audite
1295 3115 1506 3170 verbum
1550 3115 1786 3172 Domini.
1838 3115 1969 3171 ch
2012 3117 2138 3172 dicit
2165 3127 2211 3191 ο

534 3206 794 3262 Dominus
834 3205 1039 3259 ossibus
1081 3206 1195 3259 istis
1223 3221 1241 3259 :
1273 3204 1410 3259 Ecce
1436 3207 1742 3278 egoinduco
1771 3209 1824 3262 in
1854 3224 1945 3263 vos
1983 3211 2142 3281 spiri-

534 3310 644 3355 tum
667 3300 804 3364 vitte,
822 3307 884 3352 ‘et
911 3298 1043 3352 dabo
1075 3298 1128 3351 in
1152 3314 1242 3352 vos
1281 3315 1486 3364 nervos,
1514 3308 1561 3351 et
1590 3299 1850 3354 adducam
1872 3317 2029 3370 super
2053 3317 2140 3356 vos

536 3392 758 3457 viscera,
789 3399 836 3444 et
855 3390 1129 3445 extendam
1152 3407 1307 3462 super
1335 3408 1423 3446 vos
1450 3403 1638 3459 cutem,
1663 3403 1710 3448 et
1727 3393 1860 3448 dabo
1885 3395 2141 3466 Spiritum

533 3499 704 3537 meum
734 3484 786 3537 in
807 3499 894 3538 vos
909 3499 926 3548 ;
950 3493 997 3537 et
1024 3484 1222 3550 vivetis,
1247 3492 1295 3538 et
1317 3486 1489 3539 scietis
1511 3485 1650 3555 quod
1688 3503 1779 3557 ego
1819 3503 1932 3542 sum
1957 3485 2143 3543 Domi-

534 3592 654 3631 nus.
683 3574 753 3630 Et
783 3577 1087 3648 praphetavi
1118 3578 1254 3632 sicut
1285 3578 1548 3632 mandavit
1578 3581 1726 3633 mihi.
1754 3579 1821 3634 Et
1849 3585 2040 3652 factum
2067 3593 2140 3635 est

534 3686 651 3725 cum
697 3670 1063 3742 praphetarem
1094 3672 1201 3725 lucc
1250 3673 1454 3740 omnia,
1498 3689 1612 3726 ecce
1663 3677 1831 3744 factus
1868 3683 1941 3728 est
1991 3678 2140 3727 t'errce

534 3773 704 3819 motus
730 3780 950 3835 magnus
983 3761 1199 3836 (Ezech.
1233 3780 1444 3830 xxxvn,
1484 3766 1508 3820 i
1543 3774 1592 3818 et
1622 3765 1778 3838 seq.).

607 3854 698 3910 79..
717 3857 854 3914 Vide
885 3872 1030 3913 nunc
1059 3859 1513 3929 quemadmodum
1546 3869 1600 3916 et
1628 3860 1873 3916 auditum
1914 3861 1964 3915 in
1995 3863 2138 3916 ossi-

531 3949 656 4016 hus,
685 3959 738 4004 et
779 3959 985 4005 motum
1017 3952 1168 4020 prius
1196 3951 1452 4006 ostendat
1475 3967 1620 4018 esse,
1655 3967 1818 4023 quam
1853 3953 1982 4007 vita:
2028 3955 2138 4025 spi-

533 4044 676 4098 ritus
722 4043 1068 4101 refundatur.
1105 4045 1240 4101 Nam
1269 4055 1324 4102 et
1353 4061 1517 4117 supra
1547 4061 1672 4102 ossa
1706 4047 1855 4101 arida
1878 4047 2137 4116 jubentur

533 4135 726 4191 audire
751 4177 764 4201 ,
816 4137 972 4208 quasi
1004 4153 1221 4194 sensum
1262 4138 1501 4195 habeant
1530 4139 1786 4194 audiendi
1809 4156 1824 4194 :
1847 4149 1901 4195 et
1930 4141 2018 4195 hic
2047 4155 2136 4195 ac-

532 4227 770 4283 cessisse
798 4242 988 4284 eorum
1029 4230 1452 4300 unumquodque
1481 4229 1547 4284 ad
1579 4243 1732 4285 suam
1758 4233 2134 4303 compaginem

529 4319 854 4390 prophetico
903 4336 1158 4378 sermone
1199 4323 1478 4392 signatur;
1519 4323 1598 4376 sic
1637 4322 1780 4377 enim
1811 4323 2026 4380 habes:
2067 4324 2136 4378 Et

531 4413 839 4467 accedebant
869 4429 1010 4479 ossa,
1043 4414 1444 4484 unumquodque
1473 4414 1544 4466 ad
1573 4430 1721 4467 suam
1753 4416 2129 4486 compaginem.

2243 1818 2344 1873 bus
2369 1818 2647 1874 sensibilia
2693 1833 2850 1888 posse
2875 1818 3162 1889 generari?
3190 1819 3268 1872 An
3306 1833 3439 1873 vero
3472 1818 3905 1875 incredibilius

2243 1921 2400 1981 putas
2430 1911 2574 1983 quod
2603 1926 2723 1967 ossa
2752 1953 2766 1978 ,
2813 1928 2937 1967 cum
2979 1912 3259 1982 jubentur,
3293 1911 3564 1968 accedunt
3619 1913 3646 1984 (
3677 1911 3900 1968 Ezech.

2245 2023 2445 2074 xxxvu,
2477 2008 2564 2076 7);
2604 2021 2768 2078 quam
2798 2007 2942 2077 quod
2966 2017 3266 2062 retrorsum
3300 2006 3500 2062 fluenta
3534 2016 3895 2074 vertuntur,

2245 2101 2412 2154 maria
2465 2100 2717 2171 fugiunt?
2761 2100 2852 2157 Sic
2879 2102 3026 2156 enim
3072 2102 3338 2172 propheta
3391 2110 3684 2158 testatur:
3726 2102 3898 2158 Mare

2244 2192 2368 2246 vidit
2399 2204 2445 2247 et
2475 2193 2629 2265 fugit,
2657 2191 2906 2247 Iordanis
2945 2209 3218 2248 conversus
3245 2205 3319 2248 est
3357 2205 3654 2249 retrorsum
3691 2193 3890 2267 (Psal.

2245 2301 2395 2351 cxm,
2421 2284 2500 2353 3).
2528 2284 2640 2341 Nec
2665 2301 2830 2355 super
2851 2287 2955 2341 hoc
2978 2286 3178 2357 ambigi
3207 2295 3415 2356 potest,
3444 2287 3590 2356 quod
3623 2286 3888 2342 duorum

2247 2377 2572 2448 populorum
2603 2387 2624 2416 ε
2654 2378 2884 2434 alterius
2923 2378 3121 2444 salute,
3154 2379 3382 2434 alterius
3408 2379 3562 2435 obitu
3600 2394 3888 2450 comproc

2247 2469 2432 2525 butum
2461 2479 2546 2524 est
2571 2511 2584 2535 ,
2617 2483 2881 2540 aquarum
2913 2484 3109 2525 cursus
3158 2469 3380 2525 stetisse
3431 2469 3691 2526 frenatos
3747 2487 3883 2528 eos-

2243 2561 2484 2634 demque
2513 2563 2636 2618 aliis
2663 2563 3047 2626 circumfusos,
3081 2562 3205 2617 aliis
3231 2562 3296 2616 ad
3331 2572 3561 2618 mortem
3599 2563 3836 2621 refusos
3859 2607 3875 2631 ,

2245 2651 2270 2690 ι¹
2307 2655 2526 2710 ntalios
2557 2664 2909 2726 mergerent,
2942 2654 3084 2710 alios
3126 2663 3480 2709 reservarent
3507 2653 3717 2726 (Exod.
3750 2671 3874 2721 xiv,

2245 2747 2316 2802 22
2344 2757 2392 2802 et
2449 2746 2621 2818 seq.).
2677 2745 2820 2813 Quid
2866 2747 2917 2801 in
2965 2746 3085 2814 ipso
3135 2745 3477 2817 Evangelia?
3529 2745 3731 2803 Nonne
3792 2749 3873 2804 ibi

2244 2840 2490 2912 probavit
2516 2840 2801 2906 Dominus,
2830 2838 2974 2909 quod
2997 2839 3165 2893 verbo
3184 2839 3326 2894 unda
3357 2840 3609 2895 mitescat
3633 2839 3865 2915 (Matth.

2244 2933 2481 3002 vm,26),
2498 2933 2887 3003 iugenturcaeli
2915 2932 3123 2998 nubila,
3143 2932 3515 2989 cedantllabra
3540 2945 3862 3000 ventorum,

2248 3029 2581 3099 placidisque
2598 3026 2874 3083 littoribus
2893 3036 3042 3081 mnta
3065 3027 3179 3082 Deo
3194 3026 3864 3084 famulenturelemcnta?

2313 3120 2402 3176 75.
2435 3119 2543 3176 Sed
2585 3134 2978 3190 persequamur
3003 3126 3237 3184 czctera,
3281 3128 3340 3174 ut
3381 3121 3856 3190 quemadmodum

2244 3213 2438 3286 spiritu
2463 3213 2588 3268 vitae
2615 3211 2926 3267 animentur
2965 3211 3249 3278 defuncti,
3298 3222 3526 3284 surgant
3559 3213 3810 3283 jacentes
3837 3255 3852 3279 ,

2243 3307 2490 3376 sepulcra
2522 3305 3170 3374 reserenturypossimus
3190 3305 3502 3361 advertere.
3557 3305 3620 3360 Et
3662 3307 3738 3360 ait
3779 3311 3854 3361 ad

2241 3415 2321 3452 me
2353 3414 2370 3451 :
2399 3396 2732 3468 Prophetisa,
2788 3397 2868 3467 ﬁli
2919 3396 3171 3463 hominis,
3222 3409 3268 3451 et
3307 3398 3392 3452 dic
3444 3399 3852 3468 spiritui:Hcec

2241 3492 2364 3546 dicit
2392 3489 2645 3545 Dominus
2670 3507 2688 3544 :
2711 3491 2755 3544 Α
2774 3502 2995 3563 quatuor
3022 3493 3183 3546 ventis
3205 3493 3320 3546 caeli
3348 3494 3482 3557 veni,
3511 3493 3726 3560 spiritus
3753 3536 3768 3560 ,
3798 3506 3851 3547 et

2241 3579 2455 3656 insufﬂa
2486 3587 2539 3638 in
2570 3595 2798 3639 mortuos
2827 3586 2974 3651 istos,
3005 3593 3052 3639 et
3079 3585 3270 3639 vivant.
3301 3583 3372 3638 Et
3392 3585 3677 3657 prapltetavi
3704 3587 3849 3639 sicut

2239 3677 2507 3731 mandauit
2533 3678 2681 3743 mihi,
2711 3686 2759 3730 et
2781 3678 2990 3732 intravit
3020 3678 3071 3731 in
3093 3693 3182 3731 eos
3221 3678 3436 3746 spiritus
3458 3678 3602 3741 vita,
3629 3686 3672 3730 et
3702 3679 3845 3733 vixe-

2239 3781 2357 3825 runt
2384 3814 2397 3837 ,
2437 3781 2485 3825 et
2531 3779 2774 3827 steterunt
2803 3773 2855 3826 in
2897 3771 3113 3842 pedibus
3160 3773 3270 3825 suis
3313 3771 3633 3842 congregatio
3683 3773 3841 3827 nimis

2238 3865 2423 3919 multa.
2452 3863 2521 3918 Et
2560 3868 2764 3920 loeutus
2803 3875 2875 3920 est
2917 3863 3168 3919 Dominus
3217 3865 3288 3919 ad
3334 3882 3413 3920 me
3436 3906 3452 3931 ,
3486 3866 3655 3919 dicens
3683 3882 3701 3918 :
3730 3864 3840 3919 Fili

2239 3957 2482 4023 hominis,
2503 3974 2622 4012 ossa
2668 3958 2777 4012 ltwc
2820 3960 2985 4012 omnis
3013 3958 3196 4012 domus
3239 3956 3428 4012 Israel.
3458 3957 3573 4030 Ipsi
3599 3958 3727 4012 enim
3756 3961 3834 4012 di-

2237 4058 2361 4102 cunt
2393 4065 2411 4102 :
2440 4049 2602 4103 Arida
2630 4052 2769 4121 facta
2794 4060 2913 4104 sunt
2934 4066 3051 4104 ossa
3078 4059 3281 4113 nostra,
3311 4051 3462 4122 periit
3485 4065 3599 4122 spes
3624 4061 3793 4105 nostra
3814 4095 3826 4114 ,

2234 4141 2581 4198 interibimus.
2623 4142 2909 4213 Propterea
2942 4142 3249 4213 prOphetiza
3290 4151 3337 4195 et
3378 4142 3485 4196 die:
3530 4140 3656 4196 Ha'c
3704 4144 3830 4198 dicit

2242 4232 2492 4287 Dominus
2526 4249 2544 4287 :
2572 4232 2708 4289 Ecce
2735 4250 2826 4305 ego
2853 4235 3031 4304 aperio
3060 4235 3200 4288 vobis
3227 4244 3557 4289 monumenta
3584 4248 3761 4303 vestra,
3782 4250 3826 4291 ct

2237 4327 2449 4381 educam
2498 4343 2583 4381 vos
2609 4329 2671 4382 de
2700 4329 3042 4383 monumentis
3067 4330 3245 4383 vestris
3262 4329 3316 4382 in
3338 4339 3526 4382 terram
3558 4327 3746 4393 Israel,
3779 4343 3826 4384 et

2235 4420 2408 4474 scietis
2434 4421 2571 4490 quod
2592 4436 2684 4492 ego
2713 4437 2828 4474 sum
2857 4421 3113 4475 Dominus
3137 4464 3152 4489 ,
3185 4439 3304 4476 cum
3327 4423 3560 4492 aperiam
3601 4422 3821 4491 sepulcra

533 4501 600 4556 Et
625 4503 754 4570 vidi,
787 4512 834 4557 et
858 4519 975 4559 ecce
1005 4520 1158 4573 super
1181 4505 1275 4558 illa
1303 4506 1448 4559 nervi
1468 4514 1514 4558 et
1537 4505 1734 4561 viscera
1761 4510 2124 4577 nascebantur,
2159 4514 2206 4573 D
2233 4522 2419 4581 vestra,
2443 4523 2491 4567 et
2525 4513 2739 4567 educam
2763 4515 2826 4568 de
2844 4514 3096 4584 sepulcris
3123 4515 3374 4584 populum
3414 4530 3600 4579 meum,
3626 4523 3669 4568 et
3691 4514 3819 4569 dabo

530 4605 579 4648 et
625 4595 933 4650 ascendebat
985 4613 1142 4667 super
1196 4614 1260 4652 ea
1310 4600 1442 4653 cutis
1472 4598 1713 4669 desuper,
1759 4611 1807 4656 et
1835 4602 2043 4672 spiritus
2074 4604 2126 4659 iu

531 4688 612 4742 his
634 4704 738 4743 non
766 4696 877 4742 erat
905 4685 1092 4759 (Ibid.,
1125 4689 1157 4744 7
1178 4699 1226 4744 et
1255 4691 1415 4764 seq.).

605 4813 632 4840 ι
686 4802 971 4879 Visceribus
997 4820 1214 4860 carnem
1246 4806 1538 4876 significari
1565 4809 1691 4864 alibi
1728 4810 1838 4879 jam
1869 4811 2124 4876 diximus,

528 4890 637 4946 quo
667 4889 830 4931 sensu
851 4877 1040 4932 eadem
1069 4893 1168 4932 vox
1195 4879 1282 4933 hic
1309 4887 1366 4932 et
1384 4879 1525 4934 infra
1551 4877 1909 4952 semel‘atqne
1932 4884 2126 4938 iterum

529 4957 843 5013 usurpatur.

603 5015 786 5094 [μου
818 5018 1050 5094 obscura
1077 5020 1273 5076 allusio
1301 5031 1386 5077 est
1413 5022 1480 5076 ad
1533 5022 1650 5078 haec
1683 5022 1832 5094 Virg.
1886 5028 2126 5080 carmina

529 5103 596 5144 ex
625 5088 724 5143 lib.
751 5103 790 5143 ιι
811 5087 1011 5160 Georg.
1036 5108 1050 5146 :

623 5189 742 5258 ῌωο
765 5190 866 5242 loca
886 5206 984 5242 non
1006 5195 1133 5258 tauri
1157 5196 1403 5258 spirantes
1422 5196 1624 5246 naribus
1646 5197 1813 5258 ignem

623 5251 901 5321 invertere,
924 5257 1045 5321 satis
1069 5251 1291 5321 immanis
1311 5258 1543 5307 dentibus
1568 5251 1702 5321 hydri
1719 5299 1732 5315 .

623 5314 728 5364 Nec
751 5314 924 5376 galeis,
947 5319 1214 5381 densisque
1243 5321 1393 5368 virum
1416 5332 1566 5382 seges
1585 5314 1776 5371 horruit
1798 5321 1965 5372 hastis.

531 5437 1238 5514 l_nnt_iit_porrg‘Amhr03ius
1265 5458 1327 5498 ea
1359 5458 1479 5514 qua:
1503 5459 1532 5498 a
1556 5446 1732 5514 poetis
1755 5459 2128 5505 memorantur

528 5509 598 5585 de
622 5511 842 5585 Cadmo
860 5510 1171 5585 Thebarum
1199 5509 1506 5585 condit—ore,
1533 5509 1601 5571 de
1631 5533 1740 5585 quo
1765 5517 1932 5572 adisis
1962 5520 2120 5574 Ovid.

530 5581 627 5633 tib.
653 5597 735 5652 itu
793 5581 1180 5652 Metamorph.,
1213 5583 1322 5639 fab.
1357 5585 1409 5650 l,
1446 5597 1502 5641 et
1538 5581 1660 5640 Nat.
1711 5585 1976 5648 Comitem
2023 5591 2115 5645 lib.

530 5663 625 5739 viti
649 5651 877 5739 ἢζιγιῃο]ἶ
907 5667 1028 5739 cap.
1057 5651 1247 5739 2§,net.
1403 5671 1483 5739 rx,
1513 5661 1655 5739 ca‘p._
1681 5659 1954 5739 li._Paria
1983 5674 2117 5739 quo;

525 5733 630 5784 que
660 5721 728 5774 de
759 5721 956 5775 Jasone
976 5721 1124 5778 canit
1151 5722 1377 5779 Ovidius
1405 5721 1478 5781 lib
1506 5721 1601 5786 vn'.
1633 5728 1738 5784 fab.
1762 5730 1813 5784 i.
1855 5739 1910 5784 et
1945 5721 2059 5799 alii,
2084 5747 2114 5786 a

2240 4607 2496 4676 Spiritum
2526 4624 2692 4661 meum
2720 4610 2771 4662 in
2802 4608 2964 4673 vobis,
2991 4617 3036 4664 et
3057 4610 3250 4674 vivetis,
3280 4619 3328 4663 et
3357 4625 3546 4678 ponam
3575 4625 3654 4662 vos
3673 4624 3816 4682 super

2236 4711 2424 4755 terram
2462 4710 2716 4766 vestram,
2759 4711 2808 4755 et
2850 4702 3021 4756 scietis
3065 4713 3087 4740 θ
3119 4704 3240 4773 quia
3269 4719 3362 4774 ego
3383 4720 3497 4758 sum
3528 4700 3766 4758 Dominus
3797 4723 3814 4759 :

2235 4813 2430 4889 quibus
2450 4824 2635 4889 actum
2657 4824 2743 4870 est
2766 4816 2834 4870 de
2855 4817 3207 4886 Argonautis,
3236 4818 3434 4889 quibus
3459 4817 3668 4872 additur
3692 4817 3806 4876 Nat.

2233 4887 2430 4940 Comes
2450 4887 2541 4941 lib.
2563 4903 2639 4953 v1,
2669 4902 2789 4955 cap.
2816 4889 2869 4942 8.

2312 4966 2333 4994 ο
2377 4957 2625 5026 Plerique
2657 4973 2815 5024 mss.,
2838 4959 3050 5014 alterius
3077 4961 3240 5024 salus,
3269 4960 3484 5014 alterius
3512 4959 3663 5016 obitus
3681 4978 3808 5016 com-

2236 5028 2500 5104 probatur.
2535 5028 2839 5104 Nonghene,
2871 5030 2973 5104 nisi
2993 5039 3121 5104 ante
3143 5031 3299 5104 _duas
3351 5046 3518 5104 voces
3569 5048 3655 5101 pro
3677 5037 3804 5104 quod

2235 5099 2416 5168 legere
2463 5100 2703 5182 volueris
2742 5117 2880 5170 quo,
2927 5103 3017 5156 uhi
3054 5101 3228 5156 facilis
3284 5116 3440 5158 error
3485 5099 3802 5161 librariorum

2233 5183 2358 5238 esse
2385 5178 2582 5238 potuit.

2301 5237 2327 5276 ἀ
2368 5241 2495 5296 Mss.
2528 5257 2634 5298 non
2662 5244 2838 5312 pauci,
2874 5252 2929 5297 ut
2955 5244 3085 5297 alios
3113 5245 3414 5312 alliderent;
3448 5246 3694 5313 nonnulli,
3717 5250 3801 5303 lte-

2233 5311 2480 5366 derent...
2510 5313 2700 5367 Nonne
2719 5315 2809 5367 tibi
2839 5315 3090 5382 probavit,
3109 5328 3214 5370 etc.

2305 5392 2329 5419 θ
2372 5382 2446 5437 ita
2471 5398 2607 5458 mss.
2653 5385 2815 5453 longe
2858 5387 3073 5458 plurimi
3115 5402 3236 5441 cum
3280 5385 3423 5441 LXX
3450 5388 3685 5458 interpr.;
3709 5392 3794 5446 alii

2230 5467 2360 5530 vero
2385 5453 2507 5530 cod.
2532 5464 2586 5507 et
2616 5465 2825 5508 cunctze
2865 5455 2997 5509 edit.
3024 5458 3379 5530 _cum7Vu|g.,
3410 5461 3550 5527 quod
3587 5453 3792 5530 ego‘Do-

2227 5525 2395 5600 minus
2426 5525 2625 5577 locutus
2670 5541 2805 5589 sum,
2857 5536 2903 5579 et
2929 5527 3139 5600 faciam.
3172 5525 3432 5600 Sequenti
3457 5525 3629 5584 autem
3650 5548 3789 5589 sensu

2224 5609 2323 5662 pro
2353 5595 2402 5667 in
2421 5604 2562 5647 artus
2593 5605 2900 5657 resumatur,
2925 5595 3068 5667 quod
3091 5595 3336 5654 exstabat
3365 5601 3416 5654 in
3435 5611 3550 5655 ant.
3570 5602 3680 5656 edit.
3695 5605 3789 5658 duo

2223 5671 2354 5737 mss.
2377 5665 2581 5734 legiuit,
2615 5668 2921 5722 commercia
2947 5665 3278 5737 reparentur,
3310 5673 3514 5737 caeteri,
3557 5688 3616 5726 ac
3650 5673 3778 5729 llom.

2218 5734 2350 5792 edit.
2383 5745 2443 5790 ut
2469 5737 2526 5791 in
2555 5739 2831 5790 contextu.
