4076 6172
152 317 172 371 Ι
185 316 288 375 357

1039 317 1128 373 DE
1167 314 1481 374 EXCESSU
1521 315 1829 375 FRATRIS
1867 317 1978 376 SUI
2017 317 2268 376 SATYRI
2306 320 2438 377 LIB.
2483 321 2548 378 11.

3310 320 3447 380 1558

148 435 513 498 locutussum,
557 439 606 485 et
635 431 842 503 faciam,
869 431 992 486 dicit
1017 429 1504 501 Dominus(l§zeclt.
1532 446 1738 496 xxxvrt,
1769 440 1826 499 Α
1921 434 2009 491 79.
2053 436 2108 491 Si
2152 436 2369 492 miraris
2417 436 2554 505 haec,
2601 437 2756 496 disce
2799 439 2922 511 quis
2962 439 3335 509 imperaverit,
3389 447 3449 495 ut

148 524 184 579 9
207 534 255 581 et
284 526 442 597 seq.).

222 622 311 677 76.
361 621 714 677 Advertimns
765 619 1214 691 quemadmodum
1248 627 1273 654 ει
1302 618 1484 673 vitalis
1522 618 1749 689 spiritus

148 717 476 772 commercia
500 725 870 782 resumantur,
900 716 1261 784 COgnovimus
1286 714 1746 785 quemadmodum

150 807 562 864 dehiscentibus
592 807 838 872 tumulis,
869 808 1068 862 mortui
1098 807 1460 862 suscitentur.
1507 810 1586 861 An
1617 822 1750 861 vero

153 902 456 957 mirandum
480 912 566 957 est
585 901 739 973 jussu
771 901 982 956 Domini
1013 909 1350 956 mortuorum
1382 899 1632 969 sepulcra
1664 914 1750 954 rc-

149 995 323 1050 serari
349 1038 363 1062 ,
393 1009 515 1049 cum
563 1002 678 1049 tota
727 993 842 1048 suis
873 993 1125 1049 terminis
1167 1007 1278 1048 uno
1325 991 1566 1047 tonitruo
1606 1001 1748 1047 terra

149 1089 445 1160 quatiatur,
479 1102 629 1144 mare
659 1087 773 1143 suis
803 1087 1042 1143 exundet
1068 1087 1266 1143 finibus
1291 1130 1307 1155 ,
1339 1086 1592 1157 idemque
1620 1100 1748 1140 sua-

154 1196 276 1236 rum
321 1194 518 1236 cursus
564 1179 806 1236 refrenet
838 1180 1152 1236 undarum?
1200 1179 1448 1250 Denique
1490 1177 1746 1248 illebqui

149 1272 382 1330 credidit
404 1272 529 1344 quia
549 1272 604 1328 in
636 1281 936 1339 momento,
965 1273 1018 1326 in
1049 1273 1157 1327 ictu
1181 1272 1346 1338 oculi,
1375 1273 1427 1326 in
1453 1271 1746 1326 novissima

151 1365 279 1421 tuba
307 1364 491 1436 (canet
517 1366 660 1420 enim
689 1363 839 1434 tuba)
861 1363 1062 1419 mortui
1090 1373 1378 1435 resurgant
1405 1363 1461 1436 (Ι
1511 1363 1631 1419 Cor.
1658 1380 1744 1429 xv,

150 1458 274 1530 52);
305 1474 426 1514 curn
457 1458 646 1528 primis
677 1459 926 1529 rapietur
947 1458 1000 1511 in
1028 1457 1264 1512 nubibus
1284 1457 1500 1511 obviam
1530 1454 1749 1512 Christo

148 1553 204 1605 in
237 1565 364 1605 aera
401 1549 457 1619 (l
483 1549 667 1603 Thess.
699 1565 772 1615 tv,
807 1548 896 1620 16)
931 1566 945 1615 ;
979 1549 1071 1619 qui
1104 1563 1209 1603 non
1256 1547 1525 1616 credidit,
1577 1549 1746 1605 relin-

147 1653 368 1714 quetur,
398 1655 452 1699 et
485 1643 713 1714 pertidia
741 1643 1071 1699 sua'subdet
1097 1657 1158 1699 se
1183 1643 1300 1714 ipse
1332 1643 1638 1698 sententiae.

221 1737 311 1791 77.
355 1735 611 1791 Ostendit
657 1736 753 1791 tibi
800 1736 1062 1790 Dominus
1101 1735 1265 1791 etiam
1313 1736 1365 1788 in
1408 1734 1747 1805 Evangelio,

1853 527 2039 581 mirari
2067 527 2306 583 desinas.
2355 528 2518 585 Jesus
2547 529 2797 587 Christus
2829 531 2922 586 Dei
2969 531 3171 597 virtus;
3219 531 3248 570 ιι
3296 535 3445 597 vita,

1852 619 1967 684 lux.
1993 623 2325 677 resurrectio
2344 631 2683 678 mortuorum
2711 643 2723 677 :
2745 625 2918 680 virtus
2943 623 3119 680 erexit
3147 625 3447 694 jacentem,

1851 714 1962 769 vita
1994 731 2239 784 gressum
2271 715 2490 782 extulit,
2523 717 2613 772 lux
2643 718 2845 788 iugavit
2873 719 3147 785 tenebras,
3175 720 3447 790 reparavit

1851 809 2121 877 obtutum,
2161 810 2495 865 resurrectio
2521 811 2740 866 vivendi
2769 811 3000 880 gratiam
3031 811 3371 868 reformavit.

1920 903 2012 959 80.
2057 905 2320 961 Fortasse
2351 916 2565 960 moveat
2594 905 2737 977 quod
2767 905 2939 962 Judaei
2965 905 3200 976 lapidem
3225 905 3445 972 tollunt,

1848 995 2021 1053 Judaei
2048 998 2263 1054 institas
2301 998 2549 1065 solvunt;
2581 1013 2649 1054 ne
2677 997 2816 1054 forte
2858 1008 2913 1052 et
2944 1007 2999 1052 tu
3029 997 3300 1054 sollicitus
3345 997 3444 1062 sis,

1849 1092 1973 1162 quis
2014 1091 2246 1162 lapidem
2277 1075 2345 1148 de
2373 1102 2733 1149 monumento
2771 1102 2865 1148 tuo
2901 1092 3058 1148 tollat
3081 1091 3284 1164 (Ibid.,
3316 1093 3378 1147 Η
3405 1094 3444 1161 ).

1850 1186 2016 1254 Quasi
2047 1201 2178 1242 vero
2219 1189 2308 1258 qui
2342 1187 2592 1257 spiritum
2621 1187 2912 1244 refundere
2940 1195 3177 1258 poterat,
3205 1185 3445 1256 lapidem

1850 1294 2135 1336 removere
2170 1295 2278 1335 non
2310 1289 2522 1351 poterat
2570 1302 2582 1337 :
2624 1289 2718 1335 aut
2768 1280 2980 1335 vincula
3027 1294 3306 1350 rumpere,
3354 1283 3450 1350 qui

1851 1373 2093 1428 vinctum
2143 1374 2346 1428 fecerat
2392 1373 2722 1430 ambulare:
2769 1383 2860 1427 aut
2889 1372 3176 1444 deoperire
3227 1372 3446 1439 faciem,

1849 1465 1943 1536 qui
1970 1467 2176 1536 opertis
2204 1466 2380 1520 oculis
2410 1466 2590 1520 lumen
2623 1465 2899 1521 infuderat
2931 1474 3061 1520 :aut
3103 1463 3309 1520 tindere
3356 1479 3450 1535 pc-

1853 1568 2013 1624 tram,
2056 1560 2148 1629 qui
2196 1567 2412 1630 poterat
2442 1558 2745 1615 reformare
2791 1559 3067 1614 naturam?
3106 1557 3211 1614 Sed
3263 1566 3322 1612 ut
3365 1557 3448 1612 vel

1852 1650 2027 1704 oculis
2065 1652 2179 1705 suis
2219 1650 2532 1715 crederent,
2562 1650 2657 1722 qui
2693 1650 2919 1706 credere
2955 1659 3140 1706 mente
3169 1649 3450 1714 nolebant,

1852 1750 2137 1796 removent
2160 1740 2418 1810 lapidem,
2445 1741 2628 1795 vident
2644 1740 2898 1808 cadaver,
2922 1739 3158 1796 fetorem
3185 1739 3448 1804 sentiunt,

147 1837 208 1884 ut
234 1829 345 1898 jam
379 1827 446 1882 ad
474 1827 719 1897 exempla
749 1828 1051 1893 veniamus,
1075 1827 1530 1898 quemadmodum
1563 1842 1748 1884 resur-
1777 1840 1822 1899 B
1853 1835 2067 1890 institas
2113 1844 2394 1905 rumpunt.
2441 1833 2560 1889 Non
2611 1844 2842 1905 possunt
2885 1848 3086 1904 negare
3113 1832 3451 1896 defunctum,

143 1937 267 1994 gas.
299 1921 416 1976 Non
446 1921 592 1977 enim
637 1938 804 1976 unum
836 1922 1099 1978 Lazarum
1121 1962 1139 1990 ,
1179 1922 1277 1978 sed
1315 1921 1474 1977 fidem
1508 1919 1748 1976 omnium

144 2015 429 2070 suscitavit
463 2015 645 2087 :qnod
676 2023 730 2070 tu
756 2016 800 2071 si
832 2015 1048 2083 credas,
1077 2031 1200 2070 cum
1231 2015 1388 2085 legis,
1429 2030 1581 2070 mens
1613 2030 1749 2084 quo-

143 2124 251 2180 que
279 2119 386 2177 tua,
413 2125 536 2180 qua:
555 2118 766 2164 mortua
792 2108 991 2175 fuerat,
1023 2109 1079 2162 in
1107 2109 1200 2162 illo
1217 2107 1424 2162 Lazaro
1454 2107 1750 2164 reviviscit.

140 2200 273 2272 quid
313 2202 458 2256 enim
487 2201 591 2255 sibi
619 2201 737 2256 vult
766 2200 909 2270 quod
939 2200 1204 2254 Dominus
1239 2199 1308 2253 ad
1337 2207 1748 2254 monumentum

139 2293 600 2365 accessit,magna
623 2307 756 2348 voce
779 2293 1032 2349 clamavit
1050 2311 1062 2346 :
1079 2292 1296 2358 Lazare,
1309 2293 1390 2346 επὶ
1406 2291 1549 2362 foras
1567 2289 1746 2363 (Joan.

144 2401 231 2452 ιιι,
264 2383 392 2455 i4)?
425 2385 526 2440 nisi
558 2393 614 2439 ut
670 2385 880 2458 1155
910 2385 1104 2439 foturzc
1135 2383 1556 2440 resurrectionis
1587 2393 1747 2451 cspe-

138 2482 324 2537 cimen
360 2488 666 2550 praestaret,
702 2479 1015 2548 exemplum
1064 2477 1296 2533 ederet?
1322 2476 1434 2532 Cur
1478 2489 1611 2529 voce
1640 2473 1754 2528 cla-

141 2572 339 2637 mavit,
366 2574 517 2642 quasi
541 2571 736 2641 Spiritu
766 2585 874 2625 non
905 2569 1079 2625 soleat
1102 2569 1338 2639 operari,
1369 2569 1522 2637 quasi
1558 2568 1752 2621 tacitus

141 2663 166 2700 ά
225 2678 333 2718 non
380 2663 556 2719 soleat
603 2661 924 2732 imperare?
969 2660 1076 2717 Sed
1126 2672 1182 2716 ut
1233 2659 1364 2714 illud
1413 2658 1748 2724 ostenderet,

140 2759 292 2832 quod
324 2762 586 2830 scripturn
613 2767 698 2814 est
748 2775 761 2811 :
817 2757 1078 2826 Quoniam
1112 2759 1166 2811 in
1214 2766 1492 2823 momento,
1540 2756 1595 2810 in
1649 2756 1753 2810 ictu

141 2853 310 2917 oculi,
348 2852 401 2906 in
432 2852 712 2906 novissima
738 2850 885 2917 tuba,
911 2861 959 2904 et
991 2849 1181 2903 mortui
1217 2858 1239 2885 θ
1271 2859 1542 2919 resurgant
1579 2848 1753 2902 incor-

141 2945 293 3015 ιιιριὶ
328 2943 372 3016 (l
403 2943 520 2999 Cor.
560 2959 651 3008 xv,
685 2941 805 3014 52);
839 2943 1090 2997 tubarum
1142 2942 1286 2996 enim
1335 2942 1574 3010 crepitus
1602 2939 1754 2995 vocis

143 3037 370 3093 metitur
397 3035 583 3090 elatio.
631 3033 703 3089 Et
733 3035 984 3088 clamavit
1017 3033 1277 3098 :Lazare,
1313 3033 1395 3087 exi
1435 3037 1599 3104 foras.
1643 3030 1752 3086 Cur

143 3133 315 3188 etiam
349 3145 546 3185 nomen
592 3129 850 3194 additur;
884 3129 986 3182 nisi
1018 3127 1156 3182 forte
1184 3142 1252 3182 ne
1281 3127 1420 3181 alius
1464 3127 1754 3182 resuscita-

1853 1943 2016 1999 quem
2053 1929 2326 1999 aSpiciunt
2365 1938 2776 2000 resurgentem,
2809 1926 3002 1982 vident
3042 1925 3194 1997 signa
3238 1923 3453 1988 mortis,

1853 2031 1908 2074 et
1932 2022 2054 2074 vitze
2090 2037 2335 2076 munera.
2367 2020 2507 2087 Quid
2541 2021 2584 2074 si
2611 2019 2740 2076 dum
2780 2029 3076 2086 conantur,
3119 2019 3306 2074 labore
3336 2018 3455 2088 ipso

1853 2113 2243 2168 emendantur?
2274 2113 2400 2183 quid
2439 2114 2484 2167 si
2531 2113 2660 2167 dum
2689 2111 2938 2174 audiunt,
2973 2111 3059 2166 vel
3091 2111 3314 2166 auribus
3342 2114 3456 2165 suis

1853 2203 2107 2259 credunt?
2136 2205 2261 2272 quid
2283 2205 2334 2267 si
2362 2204 2487 2257 dum
2522 2203 2824 2268 intuentur,
2855 2202 2938 2257 vel
2975 2201 3148 2258 oculis
3193 2200 3308 2256 suis
3332 2215 3455 2256 cor-

1853 2295 2277 2366 riguntur?.qnid
2303 2297 2348 2350 si
2372 2295 2498 2349 dum
2529 2301 2792 2364 rumpunt
2821 2293 3059 2357 vincula,
3086 2300 3302 2346 mentes
3327 2305 3455 2344 suas

1853 2389 2096 2444 solvunt?
2129 2389 2259 2459 quid
2286 2389 2332 2443 si
2363 2387 2491 2443 dum
2519 2388 2758 2442 Lazarus
2786 2385 3027 2451 exuitur,
3054 2384 3290 2455 populus
3319 2382 3455 2437 libe-

1855 2481 2044 2534 ratur?
2087 2480 2216 2535 dum
2249 2480 2515 2534 Lazarum
2543 2478 2696 2533 abire
2739 2481 3082 2548 permittunt,
3108 2474 3210 2544 ipsi
3251 2473 3319 2529 ad
3351 2473 3457 2528 Do-

1855 2571 2060 2625 minum
2091 2571 2470 2628 revertuntur?
2512 2571 2755 2639 Denique
2780 2566 2937 2622 multi
2975 2567 3064 2635 qui
3094 2573 3359 2621 venerant
3385 2564 3454 2620 ad

1855 2663 2100 2731 Mariam,
2172 2665 2420 2719 videntes
2502 2678 2620 2733 qua:
2676 2660 2818 2716 facta
2891 2668 3038 2726 sunt,
3106 2656 3456 2713 crediderunt

1854 2759 2062 2828 (Ibid,
2087 2761 2157 2816 45
2173 2762 2219 2831 ).

1924 2857 2014 2911 Si.
2057 2854 2165 2910 Nec
2211 2855 2316 2908 hoc
2363 2853 2541 2908 solum
2597 2850 2918 2922 exemplum
2966 2848 3132 2904 edidit
3186 2845 3454 2902 Dominus

1859 2949 2076 3023 1156
2100 2957 2287 3002 n05ter
2316 2945 2476 3001 Jesus
2505 2943 2783 3007 Christus;
2811 2941 2904 2997 sed
2935 2941 3076 2995 alios
3119 2954 3338 3009 quoque
3370 2953 3459 2993 rc-

1853 3041 2160 3105 suscitavit,
2185 3049 2246 3094 ut
2275 3054 2376 3094 nos
2407 3039 2491 3092 vel
2523 3037 2786 3107 exemplis
2819 3033 3166 3090 uberioribus
3193 3033 3452 3088 credere-

1855 3153 1994 3193 mus.
2032 3135 2400 3191 Resuscitavit
2430 3132 2840 3188 adolescentem
2877 3130 3002 3184 lletu
3042 3128 3222 3183 vidua:
3264 3127 3459 3181 matris

145 3238 235 3282 ttts
269 3240 368 3296 pro
397 3225 506 3280 alio.
532 3223 830 3288 videretur,
851 3221 1179 3277 antfortuita
1203 3225 1375 3292 magis
1395 3221 1748 3288 resurrectio,
1782 3218 1826 3280 C
1859 3230 2111 3293 inﬂexus,
2138 3225 2355 3297 quando
2377 3223 2608 3280 accessit
2634 3231 2687 3278 et
2719 3222 2895 3291 tetigit
2925 3221 3190 3287 loculum,
3219 3218 3412 3274 dicens
3441 3235 3454 3272 :

142 3335 308 3392 quam
335 3319 597 3388 imperata
620 3317 644 3369 ἲ

223 3411 311 3465 78.
355 3409 580 3464 Audivit
599 3423 730 3479 ergo
758 3403 1067 3471 defunctus,
1096 3416 1150 3462 ct
1180 3408 1348 3463 exivit
1375 3407 1522 3464 foras
1546 3407 1614 3462 de
1636 3423 1753 3464 mo-

146 3510 436 3568 numento,
467 3500 660 3572 ligatus
687 3499 851 3571 pedes
881 3507 935 3555 et
961 3514 1152 3554 manus
1179 3498 1197 3537 ί
1241 3499 1462 3565 institis,
1505 3509 1559 3555 et
1587 3499 1750 3555 facies

147 3598 271 3668 ejus
316 3595 501 3650 orario
557 3593 812 3665 colligata
872 3601 990 3648 erat
1042 3590 1240 3663 (Joan.
1293 3608 1370 3658 χι,
1417 3593 1533 3661 st).
1588 3591 1752 3648 Com-

149 3687 450 3760 prehende,
507 3686 551 3740 si
587 3696 763 3755 potes,
810 3683 1266 3754 quemadmodum
1311 3685 1514 3739 clausis
1574 3684 1751 3740 oculis

149 3785 258 3838 iter
306 3787 516 3849 carpat,
548 3778 746 3833 vinctis
791 3778 1020 3847 pedibus
1063 3779 1289 3849 gradum
1336 3777 1552 3848 dirigat,
1608 3779 1753 3832 insc-

150 3870 381 3943 parabili
409 3885 623 3940 gressu,
651 3880 674 3917 ε
699 3869 1100 3940 separabiliqne
1121 3884 1432 3940 progressu.
1461 3869 1751 3925 Manebant

149 3963 389 4026 vincula,
437 3976 536 4017 nec
567 3960 828 4016 tenebant
867 3979 882 4014 :
926 3961 1249 4030 tegebantur
1281 3961 1447 4027 oculi,
1477 3961 1571 4016 sed
1602 3962 1751 4018 vide-

152 4058 301 4112 bant.
323 4053 554 4122 Videbat
573 4053 806 4123 denique
828 4054 918 4123 qui
944 4051 1282 4122 resurgebat,
1302 4052 1392 4122 qui
1413 4053 1746 4119 ambulabat,

149 4151 242 4222 qni
273 4150 560 4204 deserebat
586 4148 920 4218 sepulcrum.
960 4145 1170 4199 Virtute
1217 4145 1363 4199 enim
1391 4145 1588 4201 divina:
1613 4162 1750 4216 prce-

151 4241 420 4313 ceptionis
443 4251 727 4311 operante,
773 4247 966 4294 natura
994 4251 1150 4292 suum
1183 4252 1288 4292 non
1321 4239 1638 4309 requirebat
1665 4242 1746 4294 ol-

152 4325 366 4399 ﬁcium;
391 4343 442 4387 et
468 4343 736 4403 tamquam
771 4332 825 4386 in
856 4345 1090 4386 excessu
1132 4333 1332 4400 posita,
1368 4347 1475 4386 non
1501 4332 1616 4403 jam
1647 4347 1748 4386 suo

153 4425 356 4490 ordini,
403 4423 497 4479 sed
541 4423 726 4479 divino
770 4421 926 4478 nutui
989 4422 1282 4478 serviebat.
1334 4423 1748 4493 Rumpebantur

141 4520 306 4587 "prius
354 4519 549 4573 mortis
597 4533 756 4588 quam
809 4517 1106 4588 sepultura:
1151 4517 1363 4572 vincula
1422 4535 1436 4572 :
1486 4519 1747 4589 agebatur

155 4612 468 4680 priusquam
495 4611 787 4679 parabatur
820 4610 1090 4664 incessus.

228 4734 252 4760 ε·
297 4724 425 4778 Mss.
451 4721 688 4794 quidam,
714 4724 892 4776 vitales
929 4723 1140 4788 spiritus
1161 4726 1466 4778 commercia
1488 4727 1758 4782 rimentur.

231 4795 258 4832 δ
297 4793 499 4848 Omnes
526 4795 687 4856 edit.,
713 4793 800 4862 qui
843 4794 1121 4847 crediderit
1165 4796 1353 4864 quia...
1383 4799 1438 4850 in
1486 4799 1762 4852 novissima

159 4866 282 4920 tuba
326 4867 519 4918 mortui
568 4874 855 4934 resurgent,
897 4879 1015 4934 cum
1065 4866 1246 4934 prioris
1297 4868 1530 4934 rapietur
1575 4886 1593 4922 :
1625 4884 1755 4922 mss.

157 4951 290 4992 vero
329 4937 611 4990 nobiscum
637 4936 860 5007 faciunt,
881 4933 992 5007 nisi
1006 4937 1146 5007 quod
1179 4933 1571 5007 inquibusdam
1597 4939 1760 4994 omit-

158 5009 313 5080 titur,
356 5015 504 5080 canet
531 5007 667 5060 enim
687 5005 841 5080 _t_uba,
875 5015 929 5080 ct
982 5005 1232 5080 habetur,
1262 5005 1453 5080 mortui
1489 5021 1758 5080 resurgant

158 5079 334 5148 primi,
367 5077 652 5148 rapientur.
686 5075 801 5130 Non
817 5075 960 5148 satis
992 5086 1160 5130 recte.
1181 5076 1251 5131 At
1284 5078 1422 5132 infra
1454 5079 1544 5132 ubi
1594 5075 1754 5135 nat...

157 5145 314 5210 edit.,
369 5145 437 5202 ρι’
464 5146 698 5219 perﬁdia:
746 5145 951 5219 subdet,
982 5155 1092 5201 vet.
1122 5162 1214 5219 hac
1269 5163 1402 5203 mss.
1450 5150 1678 5219 aliquot,
1711 5162 1756 5204 et

157 5220 396 5290 perﬁdiw
423 5217 530 5273 sua:
567 5217 748 5272 subdet
780 5234 799 5272 :
830 5217 1026 5273 melius
1059 5217 1250 5288 reliqui
1282 5235 1438 5284 rnss.,
1466 5229 1515 5272 et
1544 5217 1760 5289 perﬁdia

160 5309 277 5357 sua,
311 5300 421 5346 etc.

235 5377 255 5401 υ
301 5360 524 5416 Amerb.
579 5370 634 5414 et
680 5374 811 5414 mss.
868 5359 1098 5428 aliquot,
1150 5362 1372 5431 speciem
1447 5371 1756 5431 prmstaret;

161 5433 372 5503 Remig.
400 5442 456 5486 et
481 5432 707 5502 Benign.
737 5446 880 5494 spem
911 5439 1198 5503 praestaret.

232 5504 261 5544 ά
304 5502 463 5558 Pauci
493 5517 649 5565 mss.,
680 5518 783 5556 non
806 5503 967 5556 soleat
992 5502 1254 5573 imperari.

239 5588 260 5612 ε
303 5575 431 5630 Mss.
465 5575 738 5642 nonnuili,
783 5583 1050 5645 resurgent
1076 5575 1129 5626 in
1167 5576 1584 5647 incorruptione;
1613 5579 1758 5633 tuba-

161 5664 275 5702 rum
300 5648 435 5700 euivn
461 5648 720 5718 strepitus.

241 5717 260 5756 ί
303 5716 648 5789 lnstita:_lioc
696 5717 819 5771 loco
849 5716 1035 5773 fasciae
1071 5717 1409 5786 sepulcrales
1458 5729 1601 5786 sunt,
1636 5736 1757 5789 qua:

163 5789 419 5872 dicuntur
443 5803 475 5842 a
497 5786 709 5872 Joanne
737 5791 942 5872 κιιρίαι,
988 5796 1094 5872 aut.
1118 5790 1335 5872 melius“
1364 5793 1538 5872 nuptias
1563 5807 1610 5872 ὲξι
1655 5786 1757 5846 ἠοο

167 5857 310 5919 mino
339 5857 453 5926 una,
486 5869 631 5917 mors
655 5860 768 5916 sive
794 5857 980 5916 t’atum.
1015 5860 1094 5916 Ad
1118 5873 1212 5917 eas
1244 5871 1270 5915 ιι
1300 5857 1500 5917 Daviito
1528 5858 1754 5917 alluserit

1853 3323 2183 3387 Adolescens,
2214 3320 2305 3374 tibi
2331 3321 2448 3373 dico
2478 3333 2628 3389 surge
2653 3327 2732 3372 :et
2755 3315 2938 3371 resedit
2963 3316 3050 3385 qui
3073 3325 3181 3369 erat
3205 3321 3460 3377 mortuus,

1852 3426 1899 3470 et
1925 3415 2076 3484 coepit
2100 3414 2240 3484 loqui
2270 3412 2436 3481 (Luc.
2470 3427 2566 3476 vtt,
2601 3408 2727 3481 M).
2764 3409 2960 3465 Statim
2994 3417 3054 3462 ut
3084 3407 3314 3473 audivit,
3348 3417 3462 3459 sta-

1853 3507 1946 3560 tim
1970 3505 2194 3570 resedit,
2221 3504 2402 3560 statim
2425 3504 2639 3558 locutus
2663 3510 2765 3558 est.
2794 3501 2910 3556 Alia
2937 3515 3067 3570 ergo
3094 3500 3312 3554 virtutis
3333 3513 3458 3569 gra-

1854 3599 1948 3665 tia,
1973 3598 2114 3653 alius
2152 3597 2290 3653 ordo
2323 3605 2550 3651 naturae.

1923 3691 2012 3746 82.
2055 3690 2190 3745 Nam
2235 3689 2363 3759 quid
2412 3688 2479 3743 de
2519 3686 2936 3757 archisynagogi
2983 3685 3088 3739 [ilia
3121 3685 3338 3753 loquar,
3389 3685 3442 3738 in

1851 3781 2006 3852 cujus
2033 3782 2186 3836 obitu
2215 3779 2420 3835 ﬂebant
2439 3778 2634 3840 turbae,
2670 3777 2920 3831 tibicines
2943 3773 3334 3844 personabant?
3359 3773 3449 3828 Et-

1851 3873 1997 3929 enim
2042 3871 2110 3927 ad
2164 3871 2324 3926 tidem
2378 3871 2572 3924 mortis
2629 3881 2821 3937 pompa
2879 3865 3086 3920 funeris
3134 3864 3452 3920 exhibetur.

1851 3970 2022 4034 Quam
2054 3965 2164 4018 cito
2209 3962 2275 4016 ad
2322 3974 2512 4016 vocem
2568 3959 2780 4013 Domini
2813 3957 3152 4013 convertitur
3201 3957 3450 4027 spiritus,

1852 4059 2153 4116 redivivum
2199 4069 2397 4125 corpus
2437 4052 2687 4120 erigitur,
2722 4051 2880 4106 cibus
2921 4050 3184 4113 sumitur;
3222 4059 3277 4104 ιιι
3323 4049 3452 4105 vita)

1853 4152 2223 4208 teSIimoninm
2253 4147 2595 4203 crederetur.

1919 4244 2008 4298 85.
2054 4243 2120 4296 Et
2146 4239 2276 4311 quid
2310 4240 2572 4293 miremur
2597 4237 2663 4292 ad
2706 4251 2896 4292 vocem
2931 4236 3026 4290 Dti
3074 4235 3287 4290 refnndi
3336 4237 3452 4291 ani—

1853 4351 2016 4401 mam,
2071 4333 2252 4389 redire
2296 4332 2512 4388 ossibus
2561 4332 2804 4394 viscera;
2859 4344 2986 4383 cum
3039 4329 3457 4384 meminerimus

1852 4428 2150 4497 prophetici
2202 4436 2342 4482 tactu
2395 4424 2640 4496 corporis
2695 4431 2964 4477 mortuum
2994 4421 3448 4492 suscitatumUV

1853 4520 1983 4592 Reg.
2044 4521 2129 4583 i5,
2175 4518 2307 4589 2i)?
2361 4519 2508 4572 Elias
2555 4518 2772 4578 oravit,
2821 4525 2878 4570 et
2929 4515 3241 4570 defunctum
3279 4516 3452 4569 susci-

1785 4602 1832 4661 D
1862 4613 1995 4667 tavit
2025 4611 2284 4667 infantem
2311 4609 2413 4683 (lll
2449 4610 2578 4684 Reg.
2609 4625 2736 4676 xvn,
2763 4608 2898 4680 ‘22):
2931 4608 3128 4664 Petrus
3160 4609 3210 4660 in
3236 4607 3456 4661 nomine

1867 4726 2110 4781 Nannius
2141 4735 2312 4796 putat,
2339 4726 2429 4779 ubi
2469 4726 2696 4795 legimus
2722 4723 3135 4796 :Prwvenerunt
3180 4719 3458 4796 melanuri

1867 4799 2041 4851 mortis
2069 4814 2086 4852 :
2110 4792 2259 4866 funes
2286 4797 2439 4865 inferi
2461 4792 2909 4850 circutttdederunt
2939 4809 3048 4866 me;
3074 4792 3161 4846 his
3190 4793 3334 4866 enim
3367 4804 3458 4844 ca-

1864 4869 2067 4923 davera
2091 4862 2379 4938 unguentis
2403 4868 2670 4931 delibuta,
2697 4882 2762 4920 ne
2782 4862 3454 4938 corruptionesolveren-

1865 4949 1972 5006 tur,
2009 4933 2550 5008 thdzeittblig:rbarrt.
2598 4933 2987 5008 Attamcnper
3034 4934 3246 4988 institas
3291 4933 3454 4986 etiam

1863 5025 2186 5066 communes
2215 5009 2395 5064 fascia:
2429 5011 2828 5078 intelliguntur;
2864 5007 3028 5061 immo
3049 5013 3109 5078 et
3129 5017 3460 5078 genusqua-

1861 5099 1967 5150 qne
2028 5081 2195 5138 vestis
2239 5081 2521 5136 muliebris
2574 5075 2879 5150 hnjnsmodi
2930 5077 3093 5150 fascia
3142 5091 3237 5130 seu
3291 5075 3456 5128 limbo

1901 5161 2205 5218 raatextum,
2236 5155 2395 5206 sicuti
2441 5148 2700 5205 observat
2747 5151 2886 5204 idem
2927 5148 3186 5214 Nannius,
3225 5160 3454 5200 necnon

1913 5225 2092 5277 ossius
2118 5223 2184 5277 ad
2217 5225 2463 5279 eamdem
2498 5237 2709 5277 vocem.

1935 5303 1959 5341 Β
2003 5295 2163 5348 Pauci
2194 5308 2322 5348 mss.
2356 5304 2558 5366 separet
2600 5309 2849 5363 gressum.
2874 5363 2883 5366 _
2908 5291 3109 5366 verum
3155 5290 3206 5341 in
3237 5296 3455 5366 recepta

1865 5365 2097 5421 lectione
2118 5377 2224 5418 non
2250 5366 2363 5420 vitii
2391 5359 2710 5435 quidquam,
2737 5363 2911 5431 inquit
2941 5361 3202 5435 Nannius,
3225 5359 3321 5435 sed
3340 5360 3456 5435 Δ(ιι)-

1863 5437 2094 5491 scuritas
2122 5449 2333 5504 magna.
2367 5429 2481 5489 'Est
2508 5429 2688 5490 autem
2731 5429 2924 5488 sensus
2951 5451 2962 5485 ε
2993 5432 3281 5504 Quomodo
3303 5429 3453 5504 vinc-

1866 5506 1934 5561 tis
1963 5505 2193 5576 pedibus
2218 5501 2338 5558 iter
2365 5506 2584 5576 dirigat,
2612 5505 2862 5559 cruribus
2914 5504 3053 5558 inter
3083 5516 3141 5555 se
3166 5501 3454 5576 revinctis,

1864 5573 2042 5632 tamen
2075 5576 2228 5646 quasi
2275 5573 2612 5641 divaricatis,
2647 5578 2858 5630 alterno
2900 5582 3048 5629 motu
3078 5573 3274 5642 pedum
3305 5573 3452 5626 ince-

1848 5649 2017 5703 ‘dens.
2048 5648 2124 5701 Ita
2159 5645 2273 5699 ille.

1934 5700 2076 5772 il“ita
2099 5731 2291 5772 omnes
2313 5719 2444 5773 edit.
2475 5726 2532 5771 et
2552 5731 2685 5771 mss.
2709 5715 2914 5786 aliquot
2940 5735 2952 5770 :
2975 5714 3064 5771 alii
3088 5704 3221 5770 vero
3251 5700 3453 5786 plures.

1862 5790 1960 5850 ria.-
1993 5788 2204 5842 lux”...
2232 5789 2311 5842 ria
2332 5799 2564 5857 gressum
2592 5787 2792 5839 extulit.
