4076 6172
624 326 766 392 tias
1969 303 2216 387 situm
2251 307 2571 387 silanos’n
3853 320 3975 385 tsza

619 448 819 503 Cluittl
861 444 1145 502 Tabitham
1174 446 1398 516 surgere
1427 446 1593 517 atque
1631 438 1913 500 ambulare
1937 440 2215 514 pimcepit,
2324 434 2381 495 tit
2410 436 2626 495 riderent
2653 425 2706 493 iii
2730 431 3083 502 Hiei'usal'eiit,
3107 432 3230 490 dicit
3257 422 3521 490 Dominus
3544 433 3713 492 Deus
3746 450 3770 489 :
3797 444 3851 488 es
3881 437 3971 488 eai-

624 551 680 597 et
701 539 968 596 redditam
1000 538 1106 593 sibi
1140 540 1405 608 pauperes
1438 528 1695 608 gratulati
1737 530 2093 592 cfcdidct'uhi
2123 532 2225 606 prb
2329 534 2474 600 bunt,
2523 542 2571 587 et
2601 532 2841 587 videbunt
2883 529 3111 585 membra
3139 529 3426 596 hominum,
3459 530 3552 599 qui
3606 530 3969 600 pfe't‘varitati

622 632 897 688 alimentis
935 629 1081 702 (Act.
1113 642 1168 685 Ix
1194 670 1210 696 ,
1242 629 1385 701 40);
1419 630 1475 686 et
1524 636 1622 685 nos
1682 627 1862 685 adhuc
1904 632 2008 700 prd
2047 622 2226 683 Salute
2324 626 2448 682 'suitt
2479 620 2532 682 in
2561 624 2661 681 rite.
2694 610 2835 680 Nam
2860 624 3050 679 bér‘mii
3080 628 3253 678 eorum
3277 638 3378 677 non
3408 621 3707 692 morietur,
3749 626 3811 677 et
3839 622 3966 694 igtur

627 734 780 781 anon
812 722 1115 779 credimus?
1139 722 1217 778 Illi
1243 722 1704 779 resurrectionem
1735 720 1972 779 alienam
2004 721 2121 778 suis
2148 708 2227 776 la-

624 820 824 894 crymis
841 818 1212 886 redemi-unt,
1232 826 1335 874 nos
1349 819 1587 875 nostram
1612 822 1714 875 nec
1733 811 1932 874 Clit-isti
1951 810 2228 873 credimus

626 911 909 985 passione?
935 909 1038 981 Qui
1078 918 1205 965 cum
1260 910 1542 967 emitteret
1571 909 1849 983 spiritum,
1883 914 1942 965 ut
1971 908 2230 966 ostende-

627 1012 714 1062 ret
759 1014 856 1077 pro
886 1010 1075 1059 nnatra
1123 1004 1537 1060 reSurrectione
1580 1010 1639 1060 se
1680 1009 1981 1071 montium,
2030 1001 2228 1058 seriem

626 1100 797 1173 ipsam
822 1090 1244 1156 resurrectionis
1262 1098 1543 1166 exercuit;
1569 1098 1729 1154 simul
1750 1098 1896 1155 enim
1920 1097 1978 1153 tit
1996 1096 2230 1153 εἴαήιαθη

628 1194 817 1249 iterum
842 1206 963 1248 uoce
992 1204 1181 1267 magna
1206 1191 1372 1249 emisit
1402 1193 1675 1265 spiritum;
1698 1202 1747 1247 et
1779 1193 1919 1247 terra
1949 1192 2093 1247 motu
2130 1199 2227 1257 est,

631 1295 677 1340 et
706 1294 865 1358 petra:
902 1287 1079 1341 scissa:
1120 1292 1261 1353 sunt,
1306 1294 1354 1340 et
1394 1292 1724 1340 incitamenta
1762 1288 1942 1356 aperta
1996 1290 2135 1352 sunt,
2183 1284 2230 1338 et

634 1379 798 1433 multa
824 1392 1042 1449 corpora
1068 1389 1366 1435 sanctorum
1393 1378 1765 1435 dormientium
1808 1370 2228 1446 resurrexe‘runi,

634 1484 683 1530 et
714 1482 951 1529 exeuntes
980 1473 1045 1528 de
1088 1480 1420 1529 monumento
1472 1480 1587 1544 post
1636 1474 2072 1529 resurrectionem
2118 1474 2232 1548 ejus

634 1568 878 1623 uenerunt
907 1566 960 1622 tit
996 1576 1230 1622 sanctam
1260 1567 1539 1634 ciuitatem,
1574 1566 1622 1622 et
1666 1565 1844 1621 inultis
1872 1564 2231 1638 apparuerunt

636 1660 871 1730 (Matth.
903 1661 1070 1727 “Vli,
1101 1656 1191 1729 5i,
1229 1657 1360 1731 52).

709 1752 799 1808 84.
842 1751 900 1809 Si
930 1748 1047 1806 haec
1095 1751 1237 1806 facta
1264 1759 1410 1819 sunt,
1461 1758 1583 1807 cum
1628 1750 1903 1806 emitteret
1956 1744 2226 1820 spiritum,

2328 725 2506 775 eorum
2534 726 2634 774 tton
2660 705 3036 790 sittingueiur,
3066 710 3115 772 ei
3145 720 3293 770 erunt
3330 712 3384 771 iri
3415 724 3703 788 aspectum
3739 716 3961 771 u’nicero

2330 814 2402 869 sa
2420 813 2566 868 carni
2594 799 2776 885 (Esa’i.
2807 816 2951 877 LXVI,
2984 806 3055 865 22
3081 816 3127 865 et
3157 818 3263 882 seq.
3282 808 3321 881 ).

2405 904 2497 963 87.
2536 904 2593 963 Si
2616 912 2764 961 terra
2790 904 3093 960 renovatur
3124 900 3180 960 et
3219 896 3443 970 cceluni,
3475 910 3577 959 cur
3615 894 3967 961 dubitemus

2329 992 2608 1056 huminem
2640 994 2804 1070 'po‘ssé
2846 990 3119 1064 relicturi,
3151 999 3555 1068 propterq‘uem
3606 1000 3776 1053 terra
3812 996 3960 1053 facta

2333 1098 2390 1152 et
2418 1086 2617 1152 caelum
2647 1092 2755 1151 est?
2783 1090 2841 1150 Si
2876 1084 3265 1164 praevaricator
3300 1094 3556 1148 sert'atur
3586 1091 3657 1147 ad
3699 1107 3960 1163 pmnaui,

2332 1192 2430 1246 cit‘r
2447 1184 2628 1260 juélus
2649 1190 2755 1243 no'n
2779 1176 3132 1259 perpetualu'i'
3149 1182 3216 1240 :id
3238 1178 3498 1258 gloriam?
3522 1182 3581 1241 Si
3601 1186 3831 1241 vermis
3857 1201 3963 1240 non

2334 1282 2565 1338 tn'orittir
2610 1274 2977 1357 peccaturum,
3021 1268 3478 1351 quemadmodum
3514 1264 3790 1333 interibit
3833 1293 3961 1334 caro

2330 1370 2631 1449 jusmru'm?
2648 1366 2772 1433 llaec
2789 1378 2873 1433 est
2893 1368 3036 1433 enim
3059 1370 3409 1443 resurrectio,
3431 1373 3571 1429 sicut
3591 1370 3763 1429 verbi
3784 1373 3961 1445 ipsius

2335 1486 2500 1529 sonus
2520 1470 2804 1544 exprimit;
2835 1479 2894 1526 ut
2919 1469 3061 1543 quod
3083 1468 3297 1537 cecidit,
3330 1467 3436 1525 hoc
3464 1477 3729 1539 resurgat
3764 1486 3780 1522 :
3807 1468 3956 1542 quod

2336 1574 2610 1622 mortuum
2631 1554 2814 1635 fuerit,
2842 1563 3153 1622 reviviscat.

2407 1660 2499 1717 88.
2541 1656 2612 1716 Et
2652 1656 2768 1716 hch
2810 1656 2895 1717 est
2922 1656 3094 1716 series
3125 1650 3180 1715 ei
3217 1652 3381 1715 causa
3415 1657 3663 1730 iustitia),
3700 1670 3769 1716 ut
3814 1676 3951 1734 quo-

2336 1752 2480 1810 niam
2525 1752 2773 1826 corporis
2800 1746 3078 1835 animique
3125 1740 3430 1807 communis
3459 1763 3543 1807 est
3592 1762 3761 1810 actus
3796 1748 3950 1826 (quia

636 1850 735 1899 cur
765 1836 1106 1897 incredibilia
1138 1842 1411 1912 putamus,
1441 1856 1561 1897 cum
1586 1842 1767 1897 redire
1790 1842 2017 1914 eruperit
2044 1840 2111 1897 ad
2137 1841 2227 1913 ju-
2260 1854 2309 1915 Β
2336 1863 2455 1920 qua:
2497 1842 2710 1902 animus
2739 1838 3016 1917 cogitavit,
3045 1858 3245 1917 corpus
3288 1836 3497 1916 etlecit)
3527 1852 3847 1917 utrumque
3904 1848 3947 1901 in

635 1933 864 1992 diciutn?
888 1931 1191 2004 praesertim
1208 1947 1332 1989 enm
1356 1932 1474 1988 haec
1496 1934 1827 1990 resurrectio
1847 1933 2231 1990 documentum

632 2028 779 2084 illius
801 2026 1236 2093 resurrectionis,
1260 2030 1315 2083 et
1331 2026 1525 2083 futurae
1547 2027 1615 2083 sit
1639 2027 1880 2084 veritatis
1900 2026 2229 2099 exemplum:

635 2120 815 2176 minus
836 2124 1013 2176 autem
1037 2120 1343 2193 exemplum
1367 2126 1471 2189 est,
1496 2130 1657 2192 quam
1683 2120 1899 2178 veritas.
1921 2120 2053 2192 Quis
2072 2120 2233 2195 igitur

580 2198 587 2205 ’
636 2216 691 2270 in
724 2214 936 2270 Domini
982 2216 1236 2286 passione
1267 2220 1617 2271 munumenta
1644 2217 1875 2288 aperuit,
1900 2230 2118 2273 manum
2147 2216 2232 2274 re-

631 2306 977 2382 surgentibus
1015 2308 1185 2375 dedit,
1226 2310 1367 2366 viain
1407 2318 1512 2381 qua
1555 2306 1830 2367 civitatem
1862 2314 2106 2369 Sanctam
2133 2320 2232 2383 pe-

638 2412 834 2471 terent,
882 2399 1309 2459 demonstravit?
1338 2400 1382 2459 si
1415 2411 1577 2459 nemo
1627 2402 1748 2470 fuit,
1788 2398 1888 2460 fuit
1928 2390 2112 2477 utique
2154 2398 2233 2460 vis

637 2492 839 2564 divina,
879 2494 1001 2567 una:
1042 2507 1367 2567 operaretur
1405 2496 1459 2552 in
1504 2498 1825 2569 corporibus
1868 2502 2228 2555 mortuorum.

636 2580 879 2646 ilontlnls
912 2594 965 2645 tu
994 2589 1194 2661 quieris
1225 2590 1522 2659 auxilium,
1551 2588 1641 2647 ubi
1668 2602 1805 2662 opus
1835 2590 1927 2647 Dei
1956 2586 2162 2648 cernis?

707 2678 798 2740 85.
841 2683 955 2740 Non
988 2694 1147 2755 egent
1171 2682 1473 2741 IIliumanis
1501 2683 1683 2741 divina
1728 2684 2069 2741 ministeriis.
2105 2676 2233 2742 Cte-

635 2779 743 2834 lum
773 2779 918 2834 Deus
952 2779 1069 2836 fieri
1095 2779 1278 2850 jussit,
1310 2787 1367 2835 et
1404 2779 1605 2834 factum
1635 2787 1720 2833 est
1756 2794 1770 2834 :
1806 2772 2008 2834 terram
2049 2776 2231 2833 creari

636 2872 850 2940 statuit,
880 2882 936 2930 et
962 2883 1143 2929 creata
1168 2881 1251 2930 est
1281 2868 1454 2943 (Gen.
1480 2888 1518 2942 ι,
1551 2870 1586 2929 6
1617 2880 1663 2928 et
1689 2871 1857 2945 seq.).
1888 2868 2020 2942 Qt’il’s
2042 2870 2231 2930 hume-

631 2968 709 3023 ris
733 2976 864 3022 saxa
908 2970 1186 3023 convexit?
1222 2968 1343 3040 quis
1369 2964 1643 3039 congessit
1687 2956 1984 3038 impensas?
2014 2958 2133 3039 tutis
2159 2952 2234 3023 ia-

631 3060 845 3115 boranti
878 3059 988 3115 Deo
1029 3074 1181 3114 suam
1227 3074 1451 3131 operam
1482 3058 1840 3116 ministravm
1868 3048 1923 3115 iit
1950 3055 2233 3115 memento'

635 3149 751 3205 haec
780 3148 916 3205 facta
944 3158 1092 3208 sunt.
1130 3146 1219 3205 Vis
1249 3148 1393 3205 scire
1416 3166 1577 3222 quam
1604 3142 1787 3207 brevi?
1816 3137 1987 3219 Dixit,
2012 3158 2062 3206 et
2088 3152 2230 3223 [ὰέιά

2330 1936 2593 2012 judicium
2624 1938 2825 2007 veniat,
2858 1931 3146 2011 utrumque
3185 1945 3280 1992 aut
3322 1952 3498 2008 pinna:
3538 1936 3817 2005 dedatur,
3864 1948 3948 1992 aut

2334 2022 2524 2107 gloria:
2553 2036 2883 2088 reservetur.
2912 2027 3047 2087 Nam
3094 2028 3483 2105 propemodum
3518 2016 3839 2087 absurdum
3870 2028 3944 2087 vi-

2335 2118 2514 2191 detur,
2544 2116 2600 2180 ui
2627 2138 2750 2180 cum
2781 2122 2949 2179 animi
2982 2120 3157 2194 legem
3200 2121 3286 2178 lex
3314 2121 3496 2179 carnis
3544 2123 3869 2195 impugnet,
3902 2132 3946 2179 et

2335 2218 2490 2274 mens
2540 2210 2860 2289 plerumque
2889 2214 3035 2289 quod
3076 2206 3211 2284 odit,
3244 2208 3348 2272 hbe
3376 2208 3563 2284 iaciat,
3594 2215 3837 2288 quando
3869 2218 3943 2274 in-

2335 2300 2586 2367 habitans
2614 2310 2667 2366 iit
2697 2304 2918 2366 homine
2949 2318 3231 2381 peccatum
3261 2303 3443 2366 carnis
3471 2316 3789 2381 operatur;
3837 2310 3943 2368 ani-

2334 2403 2507 2460 masd
2554 2401 2818 2460 subdatur
2867 2400 3082 2475 injuria:
3129 2398 3322 2458 alienae
3370 2412 3497 2459 reus
3546 2404 3761 2476 culpa},
3821 2421 3944 2463 caro

2333 2500 2527 2579 quiete
2568 2486 2807 2571 potiatur
2833 2506 3026 2553 auctor
3050 2506 3308 2553 zcruntnai
3334 2515 3346 2553 :
3374 2504 3429 2552 et
3452 2494 3604 2553 solus
3636 2508 3939 2568 atteratur,

2334 2596 2425 2670 qui
2448 2611 2553 2653 non
2584 2594 2734 2653 solds
2756 2593 2957 2651 erravit
2984 2612 2998 2650 :
3022 2602 3116 2649 aut
3141 2592 3289 2648 solus
3317 2591 3550 2664 gloriam
3588 2593 3834 2665 referat,
3859 2597 3941 2669 qui

2335 2705 2443 2747 non
2463 2689 2612 2747 solus
2647 2700 2669 2727 ο
2699 2688 2887 2761 gratiae
2908 2684 3181 2743 militavit.

2405 2776 2496 2839 89.
2537 2772 2726 2851 Plena,
2760 2772 2812 2837 ni
2842 2771 3020 2849 fallor,
3053 2770 3108 2837 et
3131 2778 3279 2851 iusta
3300 2780 3437 2836 ratio
3460 2796 3475 2835 :
3498 2768 3594 2837 sed
3626 2796 3735 2852 ego
3778 2787 3938 2841 ratio-

2334 2893 2457 2935 nem
2490 2866 2519 2931 a
2560 2864 2785 2933 Christo
2814 2891 2921 2931 non
2962 2873 3142 2948 exigo.
3187 2868 3243 2931 Si
3273 2875 3490 2932 ratione
3520 2877 3853 2959 convincpr,
3887 2880 3938 2936 ti-

2334 2970 2458 3027 dem
2481 2966 2683 3025 abnuo.
2709 2966 2952 3025 Credidit
2995 2964 3272 3037 Abraham
3302 2964 3416 3024 Deo
3441 2958 3608 3041 (Gen.
3629 2985 3725 3038 xv,
3762 2964 3864 3042 6),
3892 2983 3938 3028 ct

2335 3080 2435 3122 nos
2463 3062 2784 3130 credamus;
2838 3072 2896 3119 ut
2938 3064 3030 3135 qui
3077 3077 3269 3120 sumus
3315 3063 3557 3135 generis,
3590 3065 3760 3121 etiam
3817 3067 3935 3123 ﬁdei

2334 3156 2503 3214 simus
2534 3155 2801 3214 lueredes.
2831 3154 3078 3213 Credidit
3119 3165 3176 3213 et
3205 3155 3398 3227 David,
3443 3167 3673 3230 propter
3708 3162 3861 3232 quod
3889 3173 3936 3219 et

631 3243 785 3313 sunt(
808 3239 955 3297 Psal.
979 3257 1165 3310 chtu,
1191 3240 1284 3315 5).
1320 3240 1376 3299 Si
1407 3242 1553 3298 dicto
1575 3241 1844 3299 elementa
1870 3234 2227 3323 consurgunt,
2257 3242 2301 3307 C
2336 3252 2548 3308 locutus
2574 3259 2658 3308 est
2697 3249 2885 3323 (Psal.
2934 3266 3056 3318 cxv,
3104 3248 3239 3322 10):
3273 3260 3331 3306 et
3375 3265 3477 3307 nos
3515 3250 3839 3321 credamus,
3883 3267 3937 3311 ut

632 3346 731 3391 cur
783 3333 934 3390 dicto
974 3324 1174 3390 mortui
1201 3348 1307 3388 non
1355 3332 1687 3407 resurgant?
1714 3332 1816 3403 Qui
1866 3320 1996 3393 iicet
2026 3330 2227 3393 mortui

633 3426 767 3493 sint,
802 3431 985 3481 tatncn
1019 3425 1314 3496 aliquando
1340 3422 1618 3497 vixerunt,
1651 3418 1954 3485 habuerunt
1975 3418 2226 3500 spiritum

632 3514 924 3586 sentiendi,
994 3514 1299 3576 habuerunt
1348 3520 1494 3576 vires
1542 3519 1775 3593 agendi;
1828 3513 2230 3593 plurimumque

635 3614 805 3669 refert
833 3628 1003 3685 capax
1035 3613 1202 3670 animi
1240 3628 1346 3669 non
1372 3614 1560 3683 fuisse,
1598 3606 1808 3691 1157
1841 3598 2228 3672 etexanimum

638 3709 989 3765 remansisse.
1034 3706 1289 3766 Diabolus
1330 3707 1509 3763 dixit:
1540 3705 1640 3764 Dic
1682 3696 1849 3781 lapidi
1887 3706 2028 3778 huic,
2057 3716 2115 3765 ut
2138 3710 2233 3781 ﬂat

632 3804 780 3875 panis
810 3800 974 3876 (Luc.
995 3818 1068 3869 Iv,
1094 3802 1180 3873 3).
1215 3801 1539 3870 Conﬂtetur,
1566 3802 1792 3875 jubeute
1820 3796 1955 3871 Deo,
1989 3803 2231 3861 converti

635 3912 797 3969 posse
843 3903 1130 3958 naturam;
1181 3884 1238 3952 tu
1276 3913 1384 3955 non
1414 3882 1614 3968 credis,
1641 3894 1866 3970 iubente
1895 3882 2029 3967 Deo,
2060 3894 2231 3955 refor-

636 3990 774 4045 mari
798 4002 959 4061 posse
989 3990 1280 4045 naturam?

708 4076 798 4136 86.
838 4080 916 4138 De
937 4080 1068 4137 solis
1090 4097 1254 4139 cursu
1277 4078 1517 4155 cmlique
1541 4084 1757 4140 ratione
1779 4078 2095 4157 philosophi
2124 4074 2227 4143 dis-

639 4180 848 4244 putant,
881 4182 936 4229 et
963 4183 1090 4230 sunt
1118 4176 1209 4247 qui
1246 4184 1437 4246 putant
1460 4176 1544 4232 his
1570 4190 1694 4233 esse
1722 4176 2087 4245 credendum;
2113 4194 2234 4235 cum

635 4264 767 4337 quid
798 4266 1112 4338 loquantur,
1144 4267 1415 4339 ignorent.
1442 4265 1632 4341 Neque
1658 4271 1804 4326 enim
1827 4272 2022 4328 cmlnm
2045 4287 2236 4330 ascen-

634 4352 853 4427 derunt,
886 4375 1041 4416 axem
1073 4356 1333 4428 dimensi,
1376 4356 1638 4417 mundum
1683 4363 1858 4421 oculis
1910 4364 2236 4435 perscrutati

638 4454 798 4520 sunt;
833 4454 953 4525 quia
989 4453 1170 4509 nullus
1202 4468 1392 4511 eorum
1419 4470 1544 4511 cum
1581 4455 1696 4513 Deo
1723 4457 1778 4512 in
1811 4444 2084 4529 principio
2110 4456 2236 4526 fuit,

641 4542 828 4604 nulius
874 4562 1067 4605 eorum
1117 4546 1186 4606 de
1220 4548 1334 4605 Deo
1378 4546 1559 4606 dixit:
1590 4545 1719 4605 Cum
1769 4561 1979 4625 pararet
2028 4553 2232 4622 emtum,

2333 3343 2604 3415 possimus
2634 3342 2801 3415 loqui,
2836 3342 3071 3398 scientes
3096 3342 3384 3413 quoniam,
3412 3344 3501 3414 qui
3526 3346 3804 3399 suscitavit
3837 3345 3933 3400 Do.

2333 3429 2529 3490 minam
2571 3416 2752 3491 jesum
2780 3430 3066 3502 Christum,
3099 3442 3148 3488 et
3188 3449 3280 3488 nos
3323 3450 3436 3489 cum
3483 3433 3613 3491 Jesu
3664 3439 3935 3496 suscitabat

2338 3524 2412 3597 (ll
2435 3512 2556 3582 Cor.
2592 3542 2668 3594 tv,
2714 3510 2837 3596 14).
2867 3525 2980 3582 lloc
3002 3525 3146 3581 enim
3194 3523 3461 3597 promisit,
3498 3524 3589 3596 qui
3632 3544 3930 3603 numquam

2335 3608 2618 3686 mentitur,
2650 3604 2795 3675 Deus
2825 3617 2968 3693 (Tit.
2994 3635 3033 3685 ι,
3062 3618 3097 3672 2
3120 3618 3139 3690 )
3164 3637 3176 3673 :
3203 3617 3308 3675 hoc
3350 3618 3592 3692 promisit
3620 3621 3848 3679 veritas
3887 3624 3930 3679 in

2336 3700 2635 3783 Evangelio
2661 3725 2781 3777 suo,
2816 3698 3006 3766 dicens
3048 3727 3061 3763 :
3090 3708 3219 3766 lites
3246 3721 3321 3766 est
3347 3720 3515 3766 autem
3540 3712 3796 3770 uoluntas
3834 3720 3930 3791 ejus

2335 3794 2424 3877 qui
2468 3802 2605 3859 misit
2634 3819 2735 3871 me,
2768 3812 2825 3858 ut
2868 3792 3016 3858 omne
3053 3803 3189 3875 quod
3234 3796 3375 3859 dedit
3403 3803 3552 3869 mihi,
3584 3821 3688 3861 non
3717 3809 3929 3877 perdam

2337 3915 2399 3955 ea:
2428 3913 2486 3952 eo
2522 3913 2540 3953 :
2567 3896 2657 3951 sed
2683 3894 2983 3951 resuscitem
3010 3895 3142 3950 illud
3168 3896 3222 3950 in
3250 3896 3528 3952 novissimo
3551 3897 3635 3952 die
3654 3895 3928 3973 (Joanm,

2337 3977 2469 4066 '59}.
2517 3989 2627 4048 Nec
2686 3991 2818 4047 satis
2867 3990 3080 4063 putavit
3124 3990 3291 4047 semel
3336 3990 3580 4058 dixisse.
3614 3993 3711 4049 sed
3766 3997 3924 4052 etiam

2343 4080 2371 4124 τ’
2393 4072 2619 4157 repetita
2650 4083 3011 4158 expressione
3051 4078 3317 4156 signavit;
3347 4084 3427 4142 sic
3470 4086 3619 4142 enim
3647 4089 3925 4160 sequitur:

2338 4164 2469 4235 Hart:
2500 4188 2574 4234 est
2612 4179 2745 4233 enim
2779 4178 3002 4253 1158‘
3033 4179 3265 4253 uoluntas
3309 4176 3484 4233 Patris
3513 4180 3635 4246 mei,
3663 4181 3752 4250 qui
3800 4184 3927 4237 misit

2336 4288 2435 4340 me,
2468 4281 2525 4328 ut
2553 4271 2721 4327 omnis
2748 4272 2838 4343 qui
2864 4271 2999 4326 videt
3032 4252 3083 4323 Ρ
3085 4272 3252 4340 ilium,
3299 4282 3349 4327 et
3387 4274 3547 4328 credit
3576 4273 3628 4328 in
3660 4290 3799 4343 eum,
3840 4276 3924 4330 Im-

2338 4365 2451 4421 beat
2479 4360 2634 4419 vitam
2666 4373 2935 4432 wternam,
2968 4372 3016 4418 et
3042 4379 3134 4436 ego
3173 4350 3491 4420 resuscitabo
3519 4380 3637 4420 eum
3668 4366 3720 4422 in
3761 4369 3926 4424 noris-

2335 4458 2464 4513 simo
2487 4454 2570 4511 die
2592 4436 2795 4529 (lbid.,
2824 4442 2954 4527 40).
3024 4530 3033 4539 Δ

2408 4550 2498 4606 90.
2539 4549 2673 4618 Quis
2701 4550 2803 4605 hoc
2832 4548 2988 4604 dicit?
3019 4550 3216 4621 Utique
3239 4550 3286 4606 is
3309 4551 3402 4621 qui
3431 4559 3679 4607 mortuus
3705 4552 3924 4623 plurima

636 4661 754 4699 cum
776 4644 889 4718 ipso
916 4659 1087 4710 eram,
1120 4652 1165 4699 et
1189 4659 1329 4699 eram
1350 4660 1464 4698 cum
1493 4661 1554 4699 eo
1581 4648 1914 4717 componens,
1961 4663 2058 4718 ego
2093 4662 2234 4702 eram
2260 4660 2315 4723 ι)
2339 4644 2718 4702 defunctorum
2767 4659 2997 4716 corpora
3041 4643 3346 4701 suscitavit.
3408 4644 3464 4701 Si
3511 4644 3625 4701 Deo
3668 4660 3775 4701 non
3816 4664 3925 4703 crc-

638 4752 660 4778 ο
682 4739 768 4794 cui
790 4737 1114 4810 adgaudebat
1143 4737 1329 4812 (Prov.
1350 4754 1467 4806 vin,
1494 4738 1586 4809 27,
1611 4738 1726 4811 30).
1746 4738 1807 4796 Si
1826 4736 1961 4821 ergo
1984 4732 2092 4797 illis
2116 4752 2239 4798 cre-

637 4824 803 4897 ditur,
837 4846 943 4886 non
976 4829 1220 4886 creditur
1247 4827 1380 4899 Deo,
1406 4833 1497 4903 qui
1517 4831 1630 4889 ait:
1664 4826 2116 4901 Quemadmodum
2137 4850 2237 4891 ιω-

636 4923 743 4979 tum
774 4939 983 4990 novum,
1014 4932 1063 4978 et
1093 4933 1235 4979 terra
1267 4940 1423 4991 noua,
1451 4934 1567 4997 ᾳίιω
1593 4942 1688 4998 ego
1720 4927 1862 5000 facio
1911 4936 2121 4984 mttere
2148 4944 2241 4984 eo-

628 5031 742 5069 rum
774 5031 872 5085 me,
902 5017 1031 5071 dicit
1057 5016 1313 5073 Dominus
1338 5060 1352 5086 ,
1393 5019 1469 5075 sic
1485 5020 1643 5076 stabit
1681 5036 1867 5077 nomen
1907 5032 2153 5093 vestrum,
2185 5020 2235 5079 et

635 5126 804 5165 semen
824 5119 1047 5165 vestrum
1089 5128 1108 5167 :
1146 5122 1194 5168 et
1223 5114 1320 5169 erit
1348 5106 1536 5171 mensis
1565 5131 1629 5171 ea:
1654 5131 1847 5182 mense,
1881 5125 1931 5187 et
1958 5112 2234 5174 sabbatum

637 5219 700 5259 ex
744 5204 984 5262 sabbato:
1026 5216 1074 5261 et
1114 5208 1278 5263 ueniet
1320 5211 1490 5265 omnis
1529 5226 1653 5265 caro
1694 5210 1750 5265 in
1787 5220 2067 5283 conspectu
2097 5227 2231 5281 meo,-

2342 4730 2543 4804 dimus,
2577 4749 2678 4793 nec
2707 4732 2961 4808 exemplo
2989 4735 3288 4793 Credimus?
3318 4732 3435 4810 Non
3474 4730 3745 4794 credimus
3790 4741 3923 4810 quod

2341 4831 2621 4904 promisit;
2645 4830 2864 4903 quando
2888 4831 3050 4888 etiam
3076 4830 3222 4902 quod
3274 4846 3381 4887 non
3414 4831 3685 4903 promisit,
3732 4831 3923 4889 ευθεὴῖ

2338 4924 2461 4996 Ipse
2488 4932 2665 4980 autem
2712 4934 2875 4995 quam
2904 4936 3126 4980 causam
3173 4923 3442 4980 moriendi
3484 4922 3786 4993 habuisset,
3827 4925 3923 4980 nisi

2340 5018 2620 5076 habuisset
2647 5024 2700 5076 et
2729 5026 2948 5074 causam
2982 5004 3334 5091 resurgecdi?
3372 5008 3589 5074 Etenim
3624 5026 3649 5062 ε
3678 5017 3923 5088 quoniam

2339 5114 2484 5170 Deus
2511 5111 2651 5168 mori
2672 5127 2780 5168 non
2810 5096 3051 5182 poterat,
3076 5110 3219 5167 mori
3250 5123 3359 5166 non
3385 5092 3601 5181 poterat
3627 5110 3918 5180 sapientia:

2341 5214 2631 5280 resurgere
2659 5215 2843 5265 autem
2891 5215 3000 5263 tum
3045 5210 3283 5279 poterat,-
3325 5203 3471 5278 quod
3521 5210 3795 5262 mortuum
3821 5218 3921 5261 non

712 5396 735 5464 ιξ
780 5389 931 5445 liunc
962 5391 1139 5447 locum
1179 5382 1424 5464 plerique
1464 5394 1598 5449 mss.
1623 5376 1964 5451 contractum
1988 5376 2230 5464 ederunt
2331 5370 2863 5464 editqgadgaudettat.

637 5462 697 5535 in
721 5460 861 5538 hanc
883 5464 1138 5538 formam,
1162 5460 1267 5520 non
1309 5460 1609 5520 credimus?
1638 5464 1763 5538 Ipse
1791 5466 1949 5538 etiam
1973 5463 2230 5538 Dominus

636 5543 819 5608 noster:
830 5534 985 5608 [esus
1013 5535 1251 5592 Christus
1270 5538 1456 5593 seriem
1482 5538 1651 5608 ipsam
1671 5534 2066 5594 resurrectionis
2086 5553 2233 5592 exer—

637 5606 768 5677 cuit.
792 5604 992 5677 Melius
1023 5615 1202 5663 tamen
1230 5609 1345 5677 alii,
1376 5622 1425 5664 et
1459 5604 1669 5666 cuncta:
1698 5612 1829 5666 edit.
1860 5617 1919 5665 ut
1945 5608 1996 5661 in
2024 5615 2192 5664 textu.

714 5675 756 5755 ¹χ
779 5675 984 5755 Omnes
1014 5679 1146 5755 edit.
1178 5695 1242 5736 ac
1265 5675 1419 5755 pauci
1450 5697 1606 5755 mss”
1632 5681 1876 5755 [inmanis
1905 5679 2078 5755 divina
2100 5696 2240 5755 gnua:-

652 5748 825 5809 reria;
849 5747 1235 5822 reliquiumssq
1265 5747 1510 5807 humanis
1540 5752 1713 5808 divina
1743 5750 2061 5816 ministeriis,
2094 5747 2239 5822 quod

655 5826 776 5865 cum
801 5819 1162 5891 sequentibus
1192 5824 1370 5891 aptius
1394 5823 1674 5880 cohaerere
1692 5822 2039 5879 manifestum
2064 5819 2166 5877 est.

2407 5460 2433 5498 δ
2475 5446 2748 5534 ξαὸὶῖαιω·
2776 5462 3007 5534 injuriis,
3042 5459 3147 5518 hoc
3175 5446 3281 5534 esi,
3312 5449 3486 5531 panis
3512 5474 3577 5516 ac
3599 5460 3895 5532 suppliciis.

2409 5544 2431 5605 εξ
2472 5532 2723 5605 Nonnulli
2750 5532 2911 5605 ipsa,
2939 5533 3122 5605 glorias
3150 5533 3404 5605 militavit,
3528 5582 3535 5605 ί

2410 5596 2430 5642 τ
2471 5600 2672 5673 Omnes
2701 5596 2859 5669 cdit.,
2888 5596 3106 5675 re'petita
3131 5596 3460 5675 estpressione
3504 5604 3760 5673 ﬁrmarit;
3807 5622 3919 5663 om-

2339 5691 2439 5734 nes
2464 5690 2624 5743 mss.,
2666 5676 2908 5743 signavit.

2422 5758 2445 5797 ε
2485 5745 2608 5803 Vet.
2658 5745 2789 5803 edit.
2821 5762 2886 5802 ac
2917 5763 3049 5801 mss.
3099 5747 3327 5817 aliquot,
3371 5747 3623 5816 quoniam
3664 5747 3759 5804 Dei
3801 5752 3920 5807 mori

2354 5837 2457 5893 non
2492 5827 2691 5893 poterat
2729 5819 3016 5888 sapientia;
3045 5818 3204 5873 Rom.
3236 5818 3369 5874 edit.
3392 5833 3518 5875 cum
3544 5819 3770 5891 reliquis
3797 5836 3922 5881 mss.

733 5892 753 5917 ο
800 5883 932 5938 Mss.
966 5883 1301 5959 complures,
1349 5895 1431 5949 cui
1474 5895 1851 5967 adplaudebat;
1883 5893 2151 5960 nonnulli,
2192 5900 2250 5947 et
2344 5901 2401 5947 ut
2429 5883 2753 5961 incorpore.
