4092 6190
139 275 294 337 εδει

1073 273 1159 330 DE
1200 271 1516 330 excusso
1560 257 1861 331 sumtis
1899 269 2010 330 sm
2049 269 2299 329 sum
2339 272 2468 329 LIB.
2511 272 2577 329 ll.

3326 265 3463 331 1319.

139 401 270 446 erat
298 407 313 457 ;
347 393 650 445 assumitur
671 400 967 460 caro,quae
992 389 1128 444 meri
1150 397 1369 460 posset;
1397 396 1457 443 ut
1484 387 1613 444 dum
1634 387 1752 444 itte-
1781 379 1834 453 Λ
1865 390 2033 446 tavit:
2065 399 2191 446 num
2223 379 2414 448 fefellit
2441 407 2571 465 ergo
2602 393 2692 464 q‘ui
2732 396 2791 449 se
2834 393 3106 449 viventem
3157 396 3374 466 scripsit
3407 385 3458 451 in

141 487 322 552 ritur,
355 485 498 556 quod
527 484 691 551 solet,
723 483 865 555 quod
886 489 1156 540 mortuum
1185 482 1384 550 fuerat,
1429 483 1532 538 hoc
1561 487 1751 538 resur-

142 587 331 649 geret.
359 576 548 647 Neque
580 576 723 631 enim
772 583 984 646 poterat
1028 581 1149 630 esse
1179 575 1284 629 nisi
1338 582 1434 646 per
1474 571 1752 630 hominem

140 669 520 735 resurrectio;
545 669 798 740 quoniam
829 670 965 723 sicut
994 681 1085 738 per
1113 669 1371 722 hominem
1401 679 1562 735 mors,
1606 670 1680 724 ita
1708 679 1755 724 ct

140 777 242 836 per
277 765 536 818 hominem
558 764 868 820 resurrectio
900 770 1226 819 mortuorum
1252 763 1448 834 (lCor.
1480 779 1572 830 xv,
1597 764 1661 820 2i
1688 766 1728 836 ).

223 855 319 912 9t.
365 855 508 927 Ergo
548 857 848 913 resurrexit
891 857 1076 925 homo,
1109 858 1365 928 quoniam
1418 857 1580 914 homo
1610 867 1757 914 mor-

143 958 284 1005 tuus
305 959 390 1005 est
427 967 438 1003 :
466 951 824 1007 resuscitatus
853 949 1039 1016 homo,
1088 950 1184 1008 sed
1214 951 1551 1008 resuscitatus
1589 951 1752 1010 Deus.

141 1039 311 1098 Tunc
329 1043 624 1099 sectmd'um
641 1057 864 1099 carnem
886 1044 1072 1109 homo,
1097 1051 1244 1099 nunc
1267 1057 1363 1114 per
1379 1045 1562 1100 omnia
1591 1045 1753 1100 Deus:

146 1145 303 1190 nunc
319 1136 462 1190 enim
481 1135 780 1190 secundum
802 1143 1023 1192 carnem
1043 1135 1153 1206 jam
1175 1149 1282 1190 non
1308 1136 1556 1192 norimus
1571 1136 1757 1192 Chris-

147 1238 300 1297 tum,
322 1229 418 1284 sed
443 1232 628 1284 carnis
650 1231 876 1300 gratiam
903 1240 1181 1296 tenemus;
1209 1239 1265 1284 ut
1291 1231 1470 1300 ipsutn
1491 1231 1760 1301 primitias

147 1321 580 1390 quiescent-ium,
613 1323 787 1392 ipsum
820 1322 1238 1393 primogenitum
1284 1337 1351 1378 ex
1381 1321 1615 1378 mortuis
1663 1335 1762 1377 no-

148 1413 420 1468 verimus.
448 1413 705 1468 Primitias
727 1413 916 1484 uti-lue
938 1413 1183 1482 ejusdem
1207 1420 1336 1468 sunt
1358 1415 1577 1485 generis
1597 1422 1760 1484 atque

149 1515 391 1571 natura),
439 1505 592 1574 cujus
621 1514 678 1561 et
709 1506 903 1577 reliqui
952 1504 1164 1562 fructus
1189 1514 1214 1543 ει
1242 1520 1472 1577 quorum
1528 1521 1625 1577 pro
1668 1507 1758 1563 lac-

150 1601 298 1657 ti0re
356 1605 620 1671 proventu
665 1599 935 1671 primitiva
977 1601 1093 1656 Deo
1127 1605 1349 1656 munera
1403 1601 1760 1670 deteruntur,

149 1701 375 1748 sacrum
403 1707 602 1749 munus
635 1705 735 1764 pro
751 1692 1026 1759 omnibus,
1057 1702 1108 1746 et
1131 1692 1286 1764 quasi
1325 1691 1594 1763 reparatae
1617 1705 1760 1764 quae-

1860 481 2093 560 utthibus
2124 477 2339 539 obviam
2372 479 2591 541 Christo
2616 499 2738 541 esse
2775 480 3133 557 rapiendum?
3163 475 3278 542 lloe
3315 485 3458 544 enim

1859 577 1928 632 de
1951 571 2136 632 Ennch
2167 563 2402 648 tegimus
2433 576 2584 651 (Ge‘n.
2620 591 2676 644 ν,
2704 575 2820 651 at),
2850 590 2940 633 aut
2968 566 3082 633 Elia
3115 572 3202 650 (tv
3241 579 3366 650 Reg.
3400 596 3458 649 ιι,

1863 671 1950 744 li)
1986 689 1998 727 :
2027 671 2122 728 'scd
2147 679 2200 729 et
2231 682 2284 728 ttt
2314 672 2547 742 rapieris
2575 663 2627 726 iu
2659 672 2872 743 spiritu.
2910 672 3050 728 Ecce
3077 675 3272 728 currus
3303 665 3459 737 Elite,

1860 769 1987 824 cede
2015 763 2192 838 ignes,
2239 766 2340 822 etsi
2374 775 2479 823 non
2529 763 2808 834 Videntur,
2857 776 3145 837 parantur;
3189 773 3246 820 ut
3285 761 3463 836 justus

1859 859 2139 927 ascendat,
2191 860 2458 918 innoCens
2497 861 2881 927 transferatur,
2933 869 2989 916 et
3036 863 3125 915 tua
3169 861 3276 914 vita
3325 863 3462 916 mori

1860 947 2087 1013 neseiat.
2122 949 2362 1028 Denique
2387 956 2620 1029 apostoli
2653 955 2791 1011 mori
2826 955 3178 1021 nescierunt;
3224 953 3366 1010 unde
3406 965 3461 1011 et

1859 1051 2061 1106 dictum
2094 1053 2176 1106 est
2203 1065 2215 1104 :
2246 1051 2430 1119 Antc'n,
2475 1049 2621 1104 ai‘nen
2653 1051 2767 1103 dico
2796 1049 2958 1116 vobis,
2986 1049 3134 1104 multi
3168 1065 3232 1103 ca:
3259 1049 3339 1104 his
3375 1068 3459 1104 (ts-

1861 1134 2085 1196 ttintilltts
2108 1145 2208 1196 tto't't
2239 1135 2510 1213 gustabunt
2542 1147 2789 1207 'ntortem,
2823 1141 2988 1195 donec
3019 1141 3224 1195 rideant
3261 1137 3458 1195 Filium

1861 1233 2081 1290 hominis
2108 1235 2385 1290 renienlcnt
2414 1237 2466 1290 in
2498 1252 2656 1307 regno
2677 1252 2768 1289 suo
2790 1231 3006 1307 (Matth.
3033 1251 3119 1288 xv:
3139 1275 3152 1296 .
3183 1232 3297 1306 98).
3319 1233 3404 1287 Vit
3423 1235 3461 1289 it

1861 1329 2006 1385 enim
2048 1327 2138 1400 Qui
2167 1333 2275 1383 non
2320 1319 2502 1393 habet,
2533 1325 2674 1398 quod
2709 1327 2974 1382 moriatur
3009 1328 3058 1381 in
3108 1343 3196 1393 eo,
3229 1328 3315 1398 qui
3351 1343 3459 1383 non

1861 1418 2025 1478 habet
2055 1437 2121 1477 ex
2151 1418 2386 1494 Egypto
2417 1422 2847 1477 ealceameutum
2895 1417 3112 1492 aliquod
3149 1433 3244 1474 aut
3269 1420 3463 1476 vincu-

1861 1517 2008 1571 lum:
2043 1515 2137 1572 sed
2168 1515 2319 1571 exuit
2357 1511 2489 1570 illud
2533 1515 2846 1585 priusquam
2879 1511 3130 1584 corporis
3175 1505 3338 1583 hujus
3369 1511 3463 1568 de-

1863 1616 2029 1680 ponat
2065 1605 2323 1662 ofﬁcium.
2372 1603 2490 1660 Non
2525 1605 2675 1661 solus
2718 1605 2895 1676 itaque
2928 1605 3114 1660 Euoc‘h
3147 1605 3301 1671 vivit,
3336 1603 3462 1675 quia

1863 1699 1972 1756 non
2012 1691 2162 1756 solus
2207 1688 2290 1755 est
2333 1705 2522 1768 raptus
2582 1715 2595 1753 :
2654 1698 2860 1769 rapitur
2910 1707 2966 1753 et
3019 1695 3216 1752 Paulus
3245 1696 3461 1753 obviam

149 1788 283 1843 dum
326 1787 582 1843 libamina
632 1792 860 1842 natum.
895 1786 1157 1841 Pt-imtlite
1201 1795 1332 1857 ergo
1361 1785 1758 1856 quiescentium
1791 1781 1838 1850 B
1862 1788 2101 1852 ciu-isto.

147 1880 427 1937 Christus.
457 1879 564 1937 Sed
597 1888 776 1936 utrum
801 1885 1023 1935 suorum
1048 1877 1468 1950 quiescendum,
1497 1879 1584 1950 "Qui
1609 1867 1763 1950 quasi

152 1977 354 2032 mortis
381 1983 632 2032 exsortes
660 1974 806 2030 dut'ct
834 1974 1072 2045 quodam
1100 1983 1299 2045 sopore
1351 1982 1660 2034 teneantur.
1694 1981 1761 2028 an

154 2068 403 2124 omnium
437 2068 808 2123 mortuorum?
837 2066 946 2123 Sed
978 2068 1111 2122 sicut
1145 2057 1201 2121 in
1233 2067 1399 2121 Adam
1447 2067 1623 2123 crimes
1655 2080 1763 2123 mo-

165 2160 403 2227 riuntur,
430 2159 504 2212 ita
535 2168 584 2213 et
611 2158 666 2212 in
699 2157 904 2213 Christo
935 2167 1111 2212 omna
1140 2158 1537 2230 viviﬁcabuntur
1567 2157 1619 2230 (1
1641 2157 1761 2214 Cor.

153 2265 253 2317 xv,
277 2250 407 2322 21).
440 2251 624 2321 Itaque
672 2251 813 2306 sicut
860 2251 1114 2322 primitias
1146 2251 1339 2306 mortis
1366 2251 1416 2306 in
1459 2250 1656 2319 Adam,
1689 2251 1761 2307 ita

152 2343 323 2398 etiam
355 2340 608 2412 primitus
633 2343 1056 2399 resurrectionis
1077 2342 1136 2396 in
1167 2341 1404 2398 Christo.

231 2433 324 2490 9i.
368 2433 571 2490 Omnes
593 2439 912 2505 resurgunt,
948 2432 1048 2489 ’sed
1078 2447 1237 2489 nemo
1267 2433 1544 2504 desperet,
1582 2441 1764 2505 neque

151 2533 338 2603 justus
367 2529 551 2586 doleat
571 2541 865 2586 commune
886 2529 1224 2585 consortium
1258 2529 1610 2601 resurgendi;
1641 2538 1762 2585 cum

160 2621 504 2693 prtccipuum
537 2622 780 2676 fructum
817 2619 1036 2676 virtutis
1078 2621 1380 2690 exspectet.
1433 2620 1623 2676 Omnes
1650 2623 1767 2693 qui.

161 2713 283 2768 dem
305 2723 604 2786 resurgant,
637 2715 727 2769 sed
763 2713 1132 2784 unusquisque,
1165 2721 1222 2767 ut
1251 2713 1338 2768 ait
1366 2713 1680 2784 Apostolus,
1711 2715 1764 2769 in

160 2823 260 2864 suo
281 2807 461 2862 ordine
493 2805 695 2878 (Ibid,
719 2807 795 2862 23
811 2811 852 2876 ).
879 2806 1204 2861 Communis
1224 2816 1307 2862 est
1332 2801 1534 2863 divina:
1561 2808 1766 2864 fruetus

161 2901 492 2966 clementiae,
531 2901 627 2958 sed
657 2901 944 2957 distinctus
972 2903 1109 2956 ordo
1134 2902 1473 2958 meritorum.
1506 2904 1631 2960 Dies
1646 2910 1765 2959 om.

165 2997 330 3052 nibus
349 2996 520 3063 lueet,
548 2995 635 3052 sol
661 3008 855 3052 omnes
885 2995 1116 3066 populos
1144 2992 1316 3064 fovet,
1344 2995 1522 3067 pluvia
1547 3009 1762 3070 posses-

168 3091 361 3146 siones
391 3090 636 3145 omnium
665 3089 920 3145 uberiore
945 3087 1121 3143 imbre
1172 3086 1443 3144 fecundat.

1939 1887 2028 1946 95.
2071 1883 2271 1946 Vlvuut
2307 1885 2468 1943 etiam
2503 1881 2860 1958 patriarchae;
2913 1901 3089 1958 neque
3119 1883 3265 1942 enim
3305 1883 3464 1943 aliter

1866 1973 2322 2049 DeusAhraham,
2346 1980 2489 2037 Deus
2514 1981 2684 2049 Isaae,
2717 1989 2770 2036 et
2792 1979 2937 2037 Deus
2964 1979 3156 2046 Jacob,
3182 1980 3285 2034 nisi
3317 1995 3462 2035 mor-

1869 2077 1941 2134 tui
1973 2073 2234 2141 viverent,
2274 2073 2580 2142 dicer'etur;
2617 2073 2758 2130 Deus
2802 2076 2947 2131 enim
2982 2084 3323 2130 mortuorum
3354 2089 3460 2130 non

1867 2181 1971 2236 est,
1995 2167 2088 2228 sed
2121 2168 2416 2225 viventium
2458 2165 2611 2243 (Luc.
2645 2169 2742 2234 itx,
2785 2161 2896 2243 38).
2950 2166 3203 2222 Vivemtts
3251 2175 3310 2221 et
3340 2180 3459 2234 nos,

1865 2265 1910 2322 si
1935 2259 2083 2337 gesta
2113 2277 2401 2334 moresque
2439 2241 2705 2332 majorum
2735 2241 3069 2314 voluerimus
3113 2256 3336 2312 imitari.
3365 2255 3463 2311 Mi-

1867 2375 2050 2416 ramur
2075 2355 2500 2430 patriarcharum
2545 2351 2765 2426 prtemia
2787 2395 2801 2421 ,
2847 2352 3125 2426 imitemur
3158 2350 3414 2420 obsequia
3446 2368 3457 2404 :

1867 2452 2225 2525 praedicamus
2241 2450 2493 2521 gratiam,
2518 2462 2809 2515 sequamur
2830 2439 3222 2508 obedientiam,
3242 2457 3350 2497 non
3375 2457 3462 2498 es-

1865 2545 1946 2600 ci's
1962 2539 2186 2608 inducti,
2205 2541 2390 2597 sre'culi
2408 2540 2634 2612 laqueos
2656 2535 2978 2594 incidamus.
3004 2535 3345 2607 Arripiamus
3367 2550 3463 2606 op-

1866 2633 2258 2709 portunitatetn
2291 2633 2572 2704 temporis,
2598 2629 2973 2709 praescriptum
3013 2627 3190 2706 Legis,
3225 2627 3462 2683 clemen-

1867 2725 1997 2780 tiam
2027 2721 2346 2785 ‘vocationis,
2391 2716 2725 2774 desiderium
2757 2713 3045 2788 passionis.
3089 2713 3348 2768 Exierunt
3393 2709 3462 2766 de

1870 2823 2012 2872 terra
2053 2819 2150 2870 sua
2181 2810 2521 2884 patriarchas,
2551 2817 2606 2866 et
2653 2825 2749 2864 nos
2791 2815 3052 2864 exeamus
3083 2804 3364 2877 pr0posito
3395 2803 3459 2860 tle

1867 2907 2112 2985 corporis
2150 2913 2450 2977 potestate;
2482 2917 2580 2958 nos
2603 2915 2858 2958 exeamus
2890 2900 3190 2971 proposito,
3215 2897 3293 2952 illi
3320 2896 3462 2951 exsi-

1870 2998 1941 3054 lio
1975 3015 1988 3051 :
2017 2995 2110 3052 sed
2134 2995 2386 3050 exsilium
2414 3009 2518 3049 non
2545 2985 2831 3064 putarunt;
2852 2990 2994 3062 quod
3016 2989 3234 3045 devotio
3261 2987 3461 3052 obiret,

1870 3095 1976 3147 non
2009 3089 2310 3146 necessitas
2331 3086 2644 3159 imperaret.
2678 3077 2755 3140 Illi
2790 3093 2989 3141 terram
3017 3086 3133 3139 solo
3166 3088 3462 3147 mutarunt,

238 3182 327 3238 95.
369 3181 574 3237 Omnes
605 3183 904 3249 nscimur,
936 3193 1128 3239 omnes
1150 3188 1496 3252 resut'g'tiemu‘s
1532 3201 1543 3236 :
1585 3183 1679 3238 sed
1710 3184 1763 3239 in
1791 3185 1835 3248 C
1873 3191 1970 3240 nes
1995 3191 2192 3240 terram
2224 3182 2364 3238 cmlo
2388 3185 2662 3236 mutemus
2693 3197 2704 3232 ε
2735 3179 2809 3234 illi
2837 3177 3193 3242 habitatione,
3226 3190 3325 3231 nos
3355 3175 3462 3245 Spi-

167 3285 400 3346 utroqua
426 3276 508 3330 vel
561 3273 798 3342 vivendi,
833 3275 919 3330 vel
955 3272 1319 3332 reviviscﬂrdi
1346 3275 1522 3346 gtatta
1553 3273 1764 3344 disltar,

167 3369 387 3424 divorsa
407 3365 671 3423 conditio.
705 3367 772 3420 llr
805 3375 1064 3423 momento
1094 3369 1262 3434 enim,
1287 3369 1343 3422 in
1372 3368 1481 3422 ictu
1519 3368 1678 3434 oculi,
1712 3370 1767 3423 in

170 3461 454 3517 nouissima
501 3459 623 3515 tuba
673 3453 866 3515 morini
914 3468 1184 3533 rrsttrgcnt
1225 3462 1535 3531 incorrupti,
1584 3465 1629 3515 et
1677 3467 1768 3515 nos

169 3557 558 3612 immutabimur
589 3554 793 3630 (Ibid,
817 3553 938 3628 ὁὶ).
973 3556 1281 3626 Quinetiam
1341 3557 1393 3612 iu
1446 3551 1560 3627 ipsa
1593 3563 1768 3613 morte

173 3652 200 3691 ιι
229 3653 513 3721 quiescunt
558 3651 674 3716 alii,
722 3653 913 3707 vivunt
952 3652 1069 3708 alii.
1118 3651 1267 3707 Bima
1298 3653 1477 3722 quies,
1512 3651 1608 3706 sed
1659 3652 1767 3705 rita

175 3743 385 3798 melior.
439 3742 682 3813 Denique
720 3741 920 3799 Paulus
950 3744 1017 3799 ad
1063 3743 1229 3799 vitam
1260 3747 1459 3798 excitat
1486 3744 1772 3812 quiescen-

174 3848 304 3902 tem,
332 3836 519 3891 diccns
538 3855 556 3892 :
587 3836 774 3908 Surge,
802 3839 885 3909 qui
911 3838 1126 3903 dorhtis,
1156 3848 1202 3893 et
1233 3849 1448 3908 exsurge
1475 3854 1508 3891 ιι
1526 3842 1767 3904 mortuis,

175 3939 224 3984 ct
265 3929 578 3985 illuminabit
619 3929 708 3986 tibi
761 3929 998 3986 Christus
1041 3929 1274 4004 (Ephes.
1335 3946 1401 4000 ν,
1453 3932 1574 4001 M).
1630 3931 1771 4003 Ergo

178 4023 262 4077 hic.
287 4022 574 4089 excitatur,
606 4031 665 4078 ut
706 4023 873 4089 vivnt,
902 4032 958 4076 ut
985 4022 1180 4078 similis
1210 4021 1360 4078 Pauli
1381 4022 1472 4090 sit,
1508 4030 1569 4078 ut
1600 4023 1771 4095 possit

177 4117 355 4172 dicere
387 4135 400 4170 :
442 4117 577 4181 Quia
602 4131 696 4170 nos
734 4115 822 4186 qui
858 4116 1094 4184 vivimus,
1128 4133 1232 4172 non
1261 4118 1630 4191 prwveniemus
1683 4128 1771 4174 eos

179 4210 263 4280 qui
292 4207 612 4263 damna-unt
633 4207 689 4281 (Ι
715 4206 897 4263 Thess.
918 4209 989 4277 tv,
1028 4207 1150 4281 14).
1183 4209 1298 4266 Non
1347 4210 1493 4266 enim
1523 4211 1769 4268 commu-

181 4301 299 4356 nem
329 4300 472 4355 hune
494 4299 715 4355 vivendi
741 4299 980 4372 loquitur
1001 4309 1183 4369 usum,
1223 4299 1573 4374 spirautttque’
1620 4301 1769 4361 eoin:

181 4393 462 4460 mercium,
484 4392 580 4448 sed
610 4394 864 4449 meritum
897 4389 1237 4468 resurgendi.
1272 4395 1405 4452 Nam
1437 4397 1561 4453 cum
1594 4397 1766 4454 dixis.

181 4495 280 4543 set.
325 4487 393 4542 Et
416 4489 603 4542 mortui
623 4489 712 4558 qui
739 4489 790 4542 in
823 4487 1035 4563 1159
1062 4489 1269 4545 Christo
1322 4493 1462 4556 sunt,
1495 4493 1770 4563 resurgam

1873 3280 2004 3334 ritu.
2039 3276 2153 3332 illis
2201 3276 2561 3330 illumiuatum
2615 3271 2790 3328 stellis
2840 3271 3039 3327 C(Billm
3090 3283 3110 3308 ο
3163 3267 3466 3324 ostenderit

1870 3368 2158 3441 sapientia,
2192 3367 2361 3422 nostri
2407 3365 2588 3422 c'ordis
2633 3364 2824 3420 oculos
2862 3363 3155 3418 illumiuct.
3187 3362 3278 3418 Sic
3311 3369 3465 3434 typus

1873 3461 2108 3530 veritati,
2137 3469 2190 3514 et
2217 3461 2420 3514 vet-itas
2450 3454 2726 3514 Concurrit
2756 3469 2908 3528 typo.

1943 3554 2035 3610 96.
2108 3551 2381 3606 Ahraham‘
2454 3546 2675 3619 paratus
2747 3547 3084 3618 exeipicudis
3156 3546 3464 3616 hospitibus

1874 3645 2029 3720 (Gen.
2057 3659 2185 3700 mn
2202 3688 2216 3711 ,
2244 3643 2325 3714 ‘2),
2349 3642 2527 3698 fidelis
2548 3629 2680 3708 D'eu,
2705 3639 2937 3711 impiger
2959 3639 3269 3694 ministerio
3293 3655 3468 3709 prmu-

1873 3751 1997 3812 ptus
2021 3740 2226 3807 cilicio,
2250 3735 2566 3794 Trinitatem
2595 3737 2649 3792 in
2681 3731 2809 3809 typo
2840 3733 3006 3798 vidit,
3035 3733 3465 3804 hospitalitatem

1873 3835 2134 3906 religione
2160 3832 2476 3898 cuttiulavit,
2511 3829 2622 3885 tres
2651 3829 2978 3900 suspiciens,
3009 3841 3174 3882 unum
3207 3827 3462 3893 adorans;

1872 3937 1922 3987 et
1955 3922 2310 4000 personarum
2365 3921 2716 3981 distinctione
2772 3923 3004 3987 serrata,
3062 3937 3226 3977 unum
3286 3932 3466 3978 tamen

1875 4023 2158 4080 Do'mintlt'n
2187 4017 2522 4087 nominabat,
2555 4015 2727 4073 tribus
2768 4015 3237 4071 honoriﬁcentiam
3281 4032 3469 4071 mune-

1873 4119 1948 4174 ris
1978 4113 2249 4180 deferetis,
2272 4123 2325 4170 et
2355 4117 2514 4168 tinam
2542 4109 2853 4182 signiﬁcans
2876 4111 3224 4180 potestatem.
3257 4107 3469 4180 Loque-

1872 4211 2029 4267 batttl'
2059 4209 2210 4266 cnitn‘
2233 4207 2288 4263 in
2317 4213 2385 4263 eo
2426 4221 2530 4261 non
2562 4203 2806 4261 doctrina
2828 4247 2840 4267 ,
2887 4202 2981 4258 sed
3010 4203 3182 4274 gratia
3216 4220 3228 4254 :
3259 4210 3313 4256 et
3359 4211 3471 4258 me-

1872 4306 1974 4362 lius
2003 4301 2265 4360 crédebat
2293 4301 2405 4370 itte;
2437 4297 2582 4373 quod
2613 4315 2720 4355 non
2745 4297 3030 4363 didicerat,
3063 4310 3222 4365 quam
3253 4310 3353 4350 nos
3382 4295 3469 4364 qui

1873 4392 2178 4454 didicimus.
2209 4395 2379 4452 Nethb
2402 4391 2543 4450 enim
2579 4402 2765 4465 typum
2805 4390 3094 4446 lalsaverat
3119 4388 3390 4452 veritatis,
3418 4396 3471 4442 ct

1871 4489 1996 4549 ideo
2037 4497 2147 4548 tres
2179 4483 2346 4557 videt,
2376 4481 2474 4546 'sc‘d
2508 4489 2768 4544 unitatem
2810 4493 3121 4542 Veneratur.
3152 4483 3292 4541 Tres
3322 4498 3472 4538 men-

184 4582 330 4652 Ρνίηίί
361 4579 564 4654 (“Mn
599 4580 743 4653 15);
775 4583 1012 4652 SUDJéCit
1036 4569 1274 4640 ticihd'e:
1307 4583 1487 4639 Eluas
1514 4585 1605 4654 qui
1642 4585 1770 4639 tiiri-
1801 4581 1854 4640 D
1880 4591 2036 4645 suras
2085 4578 2404 4655 similaginis
2456 4579 2678 4655 promit,
2725 4595 2888 4635 unum
2932 4577 3176 4633 immolat
3207 4575 3470 4640 vitulum;

183 4689 312 4743 mus,
363 4675 518 4730 simul
562 4681 679 4729 cum
730 4675 837 4731 illis
882 4677 1148 4748 rapientur
1201 4673 1256 4733 in
1305 4677 1524 4734 nubibus
1572 4673 1770 4734 obt'iai'n

185 4769 383 4827 Christo
412 4772 463 4826 in
485 4786 626 4827 aera.

251 4864 338 4919 9i.
364 4859 563 4936 Utique
588 4867 834 4921 mortuus
866 4865 948 4922 est
977 4859 1200 4933 Paulus,
1242 4875 1294 4923 et
1325 4867 1580 4936 passione
1607 4883 1773 4925 vene—

186 4957 332 5014 rahili
360 4958 526 5014 vitam
556 4958 800 5032 corporis
839 4969 960 5015 cum
993 4957 1288 5016 immortali
1319 4959 1488 5031 gloria
1531 4971 1774 5017 commu-

257 5128 278 5190 ὲ
320 5117 448 5172 Mss.
475 5117 699 5188 aliquot,
731 5135 951 5190 quorum
985 5120 1269 5187 prolixiora
1294 5137 1389 5189 pro
1417 5130 1589 5176 ventu.

255 5188 280 5227 ι)
321 5189 478 5262 Quies
507 5199 553 5244 et
585 5188 1024 5262 vita,7-pa:ttarum
1055 5188 1355 5248 immunitas
1381 5202 1428 5246 et
1473 5193 1691 5250 thronus
1717 5196 1781 5260 in

186 5278 336 5333 regno
366 5260 564 5328 ubique
591 5261 730 5329 apud
757 5260 1114 5317 ‘Amhrosium
1145 5261 1338 5319 eodem
1361 5279 1525 5318 sensu
1570 5265 1771 5320 intelli-

188 5332 351 5404 genda
394 5340 542 5405 sunt,
567 5348 676 5405 quo
723 5335 891 5401 accipi
923 5334 1206 5405 debereiin
1237 5336 1400 5405 epist.
1439 5337 1530 5401 7i,
1563 5337 1630 5391 ad
1663 5337 1774 5392 Ho-

190 5402 353 5477 ront.,
400 5402 803 5477 admonuimus.
842 5406 906 5460 Et
944 5413 1094 5477 certe
1126 5402 1326 5461 frustra
1373 5417 1521 5475 sunt,
1555 5409 1646 5477 qui
1696 5425 1766 5463 ex

191 5471 488 5542 huiusmodi
529 5475 892 5532 locutionihus
931 5476 1242 5546 opinionem
1292 5477 1364 5534 de
1396 5471 1585 5534 medio
1628 5481 1771 5535 inter

190 5547 408 5619 gloriam
439 5560 503 5619 ac
537 5561 724 5619 pateas
749 5557 890 5619 statu
926 5547 1194 5619 attingunt
1232 5560 1428 5605 sancto
1475 5550 1720 5608 Autistiti
1751 5567 1768 5610 t

193 5616 418 5688 namque
486 5616 716 5692 inﬁnitis
769 5617 901 5692 locis
969 5618 1431 5692 imntortalitatem
1486 5621 1774 5692 suppliciis

196 5690 670 5765 ἀμέσωςρρροῃίι,
702 5697 762 5745 ut
791 5691 842 5765 in
870 5689 973 5765 hac
1002 5690 1118 5765 ipsa
1144 5691 1395 5765 uetitum
1422 5689 1640 5765 num—.8
1671 5710 1774 5765 pm:

199 5760 274 5819 me
314 5762 537 5817 addictis
576 5762 948 5818 immortalitati
992 5760 1209 5833 debitos.
1257 5762 1410 5831 Quod
1464 5760 1680 5833 quidem
1730 5764 1779 5819 si

200 5834 354 5890 loan.
393 5833 628 5891 Dallteus
667 5833 927 5891 attentius
976 5832 1402 5904 considerasset,
1452 5832 1672 5891 easdem
1702 5835 1782 5892 lo-

1882 4682 2015 4737 satis
2040 4679 2271 4736 credens
2299 4691 2466 4733 unum
2515 4685 2638 4730 esse
2666 4670 3020 4736 sacriﬁcium,
3071 4666 3096 4706 ἀ
3149 4669 3309 4723 trium
3359 4683 3475 4721 mn-

1879 4789 1981 4829 nus
2015 4795 2027 4830 :
2060 4766 2221 4828 unam
2269 4759 2527 4832 ltbstiaitt,
2587 4767 2745 4821 trium
2794 4761 3046 4834 gratiam.
3081 4761 3212 4816 Nam
3244 4762 3295 4814 in
3345 4775 3477 4828 qua-

1882 4874 2004 4920 tuor
2033 4859 2252 4935 iegilnts
2285 4855 2435 4936 (om.
2471 4875 2582 4926 xiv,
2629 4860 2652 4912 -l
2683 4867 2733 4912 et
2764 4853 2897 4926 seq.)
2931 4856 3050 4926 quis
3078 4867 3182 4909 non
3215 4852 3479 4921 intelligat

1881 4953 2023 5030 quod
2055 4956 2350 5013 materialis
2380 4953 2646 5010 elementa
2693 4961 2921 5017 natura},
2970 4943 3330 5019 praeﬁgurata:
3371 4946 3481 5001 Do-

1914 5119 2073 5176 uettdl
2120 5118 2382 5174 formulas
2410 5116 2624 5170 minore
2674 5112 2876 5168 invidia
2928 5111 3271 5168 traduxisset
3320 5111 3414 5167 lib.
3446 5112 3481 5166 2

1914 5137 2073 5176 ueuut
2120 5137 2382 5174 tot-mutas
2410 5137 2574 5170 unum

1871 5137 1941 5249 ge
1975 5191 2083 5248 Usu
2115 5191 2334 5245 Patrum
2367 5203 2489 5258 cap.
2518 5187 2574 5242 4.

1949 5275 1970 5302 ε
2013 5261 2267 5316 Nonnulli
2312 5255 2448 5314 mss.
2471 5300 2484 5322 ,
2517 5257 2738 5312 ostendit
2767 5257 3060 5325 sapientia,
3104 5257 3267 5310 nostri
3307 5255 3483 5309 cordis

1874 5334 2056 5390 oculos
2081 5334 2336 5387 illuminat
2359 5330 2592 5403 ejusdem
2621 5330 2891 5403 sapientiae
2918 5343 3034 5380 uera
3063 5328 3312 5403 cognitio.

1944 5405 1971 5445 δ
2012 5407 2086 5460 Ita
2118 5411 2310 5459 omnes
2360 5398 2495 5457 edit.
2529 5405 2594 5456 ne
2642 5400 2826 5471 plures
2859 5414 3002 5471 mss.
3045 5399 3138 5451 alti
3169 5413 3298 5452 vero
3327 5398 3485 5453 exhi-

1876 5478 2026 5542 bent,
2057 5478 2253 5530 triuum
2282 5490 2470 5528 munus
2503 5491 2516 5527 :
2545 5470 2701 5526 unum
2733 5470 2954 5524 hostium
2985 5473 3140 5523 trium
3172 5471 3481 5542 gratiarum.

1878 5551 1947 5603 At
1979 5541 2096 5618 pest
2147 5560 2348 5615 paucos
2405 5559 2615 5618 versus,
2660 5544 3102 5618 ruhinos‘cuut
3143 5542 3298 5594 item.
3349 5541 3481 5597 edit.

1878 5613 2198 5687 cunctisque
2245 5631 2414 5682 mss.,
2457 5616 2733 5671 abstemius
2778 5616 2831 5668 in
2882 5613 3170 5683 triumpho,-
3200 5627 3368 5687 unum
3402 5623 3484 5687 ta-

1881 5703 2006 5746 men
2034 5685 2338 5758 excipimus
2380 5693 2430 5744 in
2461 5705 2590 5760 quo,
2624 5705 2685 5744 ac
2713 5698 2955 5744 strenuus
2994 5691 3048 5742 in
3083 5685 3383 5760 triumpho;
3432 5686 3486 5740 in

1881 5774 1996 5819 aut.
2024 5763 2159 5818 edit.
2196 5759 2514 5831 habebatur,
2539 5763 2804 5817 abstinens
2829 5763 2883 5816 in
2909 5759 3192 5832 triumpho.
