  <div class='ocr_page' id='page_1' title='image "/cluster/home/n/w/nwhite01/storage/ocr_20150623/16/uva.x000826550/679.png"; bbox 0 0 4076 6172; ppageno 0'>
   <div class='ocr_carea' id='block_1_1' title="bbox 542 282 690 346">
    <p class='ocr_par' dir='ltr' id='par_1_1' title="bbox 542 282 690 346">
     <span class='ocr_line' id='line_1_1' title="bbox 542 282 690 346; baseline -0.007 0"><span class='ocrx_word' id='word_1_1' title='bbox 542 282 569 346; x_wconf 77' lang='grc'><strong>1</strong></span> <span class='ocrx_word' id='word_1_2' title='bbox 585 285 690 345; x_wconf 65' lang='grc'><strong>343</strong></span> 
     </span>
    </p>
   </div>
   <div class='ocr_carea' id='block_1_2' title="bbox 1876 281 2489 341">
    <p class='ocr_par' dir='ltr' id='par_1_2' title="bbox 1876 281 2489 341">
     <span class='ocr_line' id='line_1_2' title="bbox 1876 281 2489 341; baseline -0.008 0"><span class='ocrx_word' id='word_1_3' title='bbox 1876 282 2123 341; x_wconf 70' lang='lat' dir='ltr'><strong>SANCTI</strong></span> <span class='ocrx_word' id='word_1_4' title='bbox 2163 281 2489 340; x_wconf 78' lang='lat' dir='ltr'><strong>AMBROSII</strong></span> 
     </span>
    </p>
   </div>
   <div class='ocr_carea' id='block_1_3' title="bbox 3710 277 3916 339">
    <p class='ocr_par' dir='ltr' id='par_1_3' title="bbox 3710 277 3916 339">
     <span class='ocr_line' id='line_1_3' title="bbox 3710 277 3916 339; baseline -0.029 0"><span class='ocrx_word' id='word_1_5' title='bbox 3710 277 3916 339; x_wconf 59' lang='lat' dir='ltr'><strong>J3”</strong></span> 
     </span>
    </p>
   </div>
   <div class='ocr_carea' id='block_1_4' title="bbox 547 394 3915 474">
    <p class='ocr_par' dir='ltr' id='par_1_4' title="bbox 547 394 3915 474">
     <span class='ocr_line' id='line_1_4' title="bbox 547 394 3915 474; baseline -0.003 -15"><span class='ocrx_word' id='word_1_6' title='bbox 547 404 761 460; x_wconf 70' lang='lat' dir='ltr'><strong>miniea:</strong></span> <span class='ocrx_word' id='word_1_7' title='bbox 791 401 1057 474; x_wconf 86' lang='lat' dir='ltr'><strong>passionis</strong></span> <span class='ocrx_word' id='word_1_8' title='bbox 1106 401 1331 471; x_wconf 88' lang='lat' dir='ltr'><strong>indicio,</strong></span> <span class='ocrx_word' id='word_1_9' title='bbox 1369 410 1423 459; x_wconf 88' lang='lat' dir='ltr'><strong>et</strong></span> <span class='ocrx_word' id='word_1_10' title='bbox 1476 403 1658 459; x_wconf 81' lang='lat' dir='ltr'><strong>omnia</strong></span> <span class='ocrx_word' id='word_1_11' title='bbox 1716 402 1818 459; x_wconf 90' lang='lat' dir='ltr'><strong>sibi</strong></span> <span class='ocrx_word' id='word_1_12' title='bbox 1868 401 2139 457; x_wconf 89' lang='lat' dir='ltr'><strong>mundana</strong></span> <span class='ocrx_word' id='word_1_13' title='bbox 2168 397 2222 460; x_wconf 73' lang='grc' dir='ltr'><strong>Α</strong></span> <span class='ocrx_word' id='word_1_14' title='bbox 2244 397 2314 454; x_wconf 93' lang='lat' dir='ltr'><strong>de</strong></span> <span class='ocrx_word' id='word_1_15' title='bbox 2338 398 2481 454; x_wconf 75' lang='lat' dir='ltr'><strong>cmlo</strong></span> <span class='ocrx_word' id='word_1_16' title='bbox 2511 396 2664 470; x_wconf 84' lang='lat' dir='ltr'><strong>(Gen.</strong></span> <span class='ocrx_word' id='word_1_17' title='bbox 2700 413 2903 464; x_wconf 83' lang='lat' dir='ltr'><strong>xxvut,</strong></span> <span class='ocrx_word' id='word_1_18' title='bbox 2934 397 3047 467; x_wconf 78' lang='grc'><strong>12),</strong></span> <span class='ocrx_word' id='word_1_19' title='bbox 3080 396 3224 469; x_wconf 88' lang='lat' dir='ltr'><strong>quod</strong></span> <span class='ocrx_word' id='word_1_20' title='bbox 3255 411 3350 466; x_wconf 90' lang='lat' dir='ltr'><strong>per</strong></span> <span class='ocrx_word' id='word_1_21' title='bbox 3389 410 3615 453; x_wconf 89' lang='lat' dir='ltr'><strong>crucem</strong></span> <span class='ocrx_word' id='word_1_22' title='bbox 3654 394 3915 452; x_wconf 87' lang='lat' dir='ltr'><strong>Christi</strong></span> 
     </span>
    </p>
   </div>
   <div class='ocr_carea' id='block_1_5' title="bbox 548 493 2140 567">
    <p class='ocr_par' dir='ltr' id='par_1_5' title="bbox 548 493 2140 567">
     <span class='ocr_line' id='line_1_5' title="bbox 548 493 2140 567; baseline -0.001 -16"><span class='ocrx_word' id='word_1_23' title='bbox 548 494 884 566; x_wconf 79' lang='lat' dir='ltr'><strong>subiecerit?</strong></span> <span class='ocrx_word' id='word_1_24' title='bbox 914 493 1115 551; x_wconf 87' lang='lat' dir='ltr'><strong>Fidelis</strong></span> <span class='ocrx_word' id='word_1_25' title='bbox 1153 495 1208 550; x_wconf 93' lang='lat' dir='ltr'><strong>in</strong></span> <span class='ocrx_word' id='word_1_26' title='bbox 1239 494 1405 559; x_wconf 88' lang='lat' dir='ltr'><strong>bello.</strong></span> <span class='ocrx_word' id='word_1_27' title='bbox 1439 496 1736 552; x_wconf 88' lang='lat' dir='ltr'><strong>abstemius</strong></span> <span class='ocrx_word' id='word_1_28' title='bbox 1763 495 1818 551; x_wconf 91' lang='lat' dir='ltr'><strong>in</strong></span> <span class='ocrx_word' id='word_1_29' title='bbox 1844 495 2140 567; x_wconf 87' lang='lat' dir='ltr'><strong>triumpho,</strong></span> 
     </span>
    </p>
   </div>
   <div class='ocr_carea' id='block_1_6' title="bbox 548 584 2140 658">
    <p class='ocr_par' dir='ltr' id='par_1_6' title="bbox 548 584 2140 658">
     <span class='ocr_line' id='line_1_6' title="bbox 548 584 2140 658; baseline 0.001 -17"><span class='ocrx_word' id='word_1_30' title='bbox 548 585 639 658; x_wconf 89' lang='lat' dir='ltr'><strong>qui</strong></span> <span class='ocrx_word' id='word_1_31' title='bbox 678 584 838 640; x_wconf 91' lang='lat' dir='ltr'><strong>donis</strong></span> <span class='ocrx_word' id='word_1_32' title='bbox 869 600 976 640; x_wconf 89' lang='lat' dir='ltr'><strong>non</strong></span> <span class='ocrx_word' id='word_1_33' title='bbox 1007 584 1287 641; x_wconf 87' lang='lat' dir='ltr'><strong>hominum</strong></span> <span class='ocrx_word' id='word_1_34' title='bbox 1318 586 1612 653; x_wconf 90' lang='lat' dir='ltr'><strong>ditescere,</strong></span> <span class='ocrx_word' id='word_1_35' title='bbox 1661 587 1758 643; x_wconf 90' lang='lat' dir='ltr'><strong>sed</strong></span> <span class='ocrx_word' id='word_1_36' title='bbox 1803 588 1896 643; x_wconf 87' lang='lat' dir='ltr'><strong>Dei</strong></span> <span class='ocrx_word' id='word_1_37' title='bbox 1930 588 2140 655; x_wconf 76' lang='lat' dir='ltr'><strong>tnallet.</strong></span> 
     </span>
    </p>
   </div>
   <div class='ocr_carea' id='block_1_7' title="bbox 624 679 2149 754">
    <p class='ocr_par' dir='ltr' id='par_1_7' title="bbox 624 679 2149 754">
     <span class='ocr_line' id='line_1_7' title="bbox 624 679 2149 754; baseline -0.001 -15"><span class='ocrx_word' id='word_1_38' title='bbox 624 679 838 753; x_wconf 75' lang='lat'><strong>1160</strong></span> <span class='ocrx_word' id='word_1_39' title='bbox 873 679 965 736; x_wconf 87' lang='lat'><strong>97.</strong></span> <span class='ocrx_word' id='word_1_40' title='bbox 1005 680 1286 737; x_wconf 84' lang='lat' dir='ltr'><strong>Generare</strong></span> <span class='ocrx_word' id='word_1_41' title='bbox 1304 697 1367 738; x_wconf 88' lang='lat' dir='ltr'><strong>se</strong></span> <span class='ocrx_word' id='word_1_42' title='bbox 1392 696 1555 754; x_wconf 83' lang='lat' dir='ltr'><strong>posse</strong></span> <span class='ocrx_word' id='word_1_43' title='bbox 1585 682 1749 737; x_wconf 89' lang='lat' dir='ltr'><strong>lilium</strong></span> <span class='ocrx_word' id='word_1_44' title='bbox 1776 696 1943 739; x_wconf 81' lang='lat' dir='ltr'><strong>senex</strong></span> <span class='ocrx_word' id='word_1_45' title='bbox 1969 682 2149 738; x_wconf 89' lang='lat' dir='ltr'><strong>credi-</strong></span> 
     </span>
    </p>
   </div>
   <div class='ocr_carea' id='block_1_8' title="bbox 549 768 2141 846">
    <p class='ocr_par' dir='ltr' id='par_1_8' title="bbox 549 768 2141 846">
     <span class='ocr_line' id='line_1_8' title="bbox 549 768 2141 846; baseline 0.001 -16"><span class='ocrx_word' id='word_1_46' title='bbox 549 772 651 840; x_wconf 92' lang='lat' dir='ltr'><strong>dit,</strong></span> <span class='ocrx_word' id='word_1_47' title='bbox 684 768 971 829; x_wconf 82' lang='lat' dir='ltr'><strong>immolare</strong></span> <span class='ocrx_word' id='word_1_48' title='bbox 1001 788 1162 845; x_wconf 82' lang='lat' dir='ltr'><strong>posse</strong></span> <span class='ocrx_word' id='word_1_49' title='bbox 1203 788 1264 830; x_wconf 90' lang='lat' dir='ltr'><strong>se</strong></span> <span class='ocrx_word' id='word_1_50' title='bbox 1295 773 1465 829; x_wconf 91' lang='lat' dir='ltr'><strong>ﬁlium</strong></span> <span class='ocrx_word' id='word_1_51' title='bbox 1497 783 1650 846; x_wconf 90' lang='lat' dir='ltr'><strong>pater</strong></span> <span class='ocrx_word' id='word_1_52' title='bbox 1674 774 1938 846; x_wconf 81' lang='lat' dir='ltr'><strong>judicavit</strong></span> <span class='ocrx_word' id='word_1_53' title='bbox 1981 774 2141 846; x_wconf 83' lang='lat' dir='ltr'><strong>(Gen.</strong></span> 
     </span>
    </p>
   </div>
   <div class='ocr_carea' id='block_1_9' title="bbox 551 864 2147 938">
    <p class='ocr_par' dir='ltr' id='par_1_9' title="bbox 551 864 2147 938">
     <span class='ocr_line' id='line_1_9' title="bbox 551 864 2147 938; baseline 0.001 -16"><span class='ocrx_word' id='word_1_54' title='bbox 551 881 696 934; x_wconf 85' lang='lat' dir='ltr'><strong>xxn,</strong></span> <span class='ocrx_word' id='word_1_55' title='bbox 724 864 815 938; x_wconf 91' lang='grc'><strong>11)</strong></span> <span class='ocrx_word' id='word_1_56' title='bbox 842 884 854 920; x_wconf 93' lang='lat'><strong>:</strong></span> <span class='ocrx_word' id='word_1_57' title='bbox 886 880 989 922; x_wconf 86' lang='lat' dir='ltr'><strong>nec</strong></span> <span class='ocrx_word' id='word_1_58' title='bbox 1017 867 1224 937; x_wconf 89' lang='lat' dir='ltr'><strong>patrius</strong></span> <span class='ocrx_word' id='word_1_59' title='bbox 1252 867 1545 937; x_wconf 85' lang='lat' dir='ltr'><strong>trepidavit</strong></span> <span class='ocrx_word' id='word_1_60' title='bbox 1570 866 1819 934; x_wconf 87' lang='lat' dir='ltr'><strong>all‘eetus,</strong></span> <span class='ocrx_word' id='word_1_61' title='bbox 1844 883 1966 923; x_wconf 92' lang='lat' dir='ltr'><strong>cum</strong></span> <span class='ocrx_word' id='word_1_62' title='bbox 1998 868 2147 924; x_wconf 87' lang='lat' dir='ltr'><strong>senis</strong></span> 
     </span>
    </p>
   </div>
   <div class='ocr_carea' id='block_1_10' title="bbox 553 958 2148 1032">
    <p class='ocr_par' dir='ltr' id='par_1_10' title="bbox 553 958 2148 1032">
     <span class='ocr_line' id='line_1_10' title="bbox 553 958 2148 1032; baseline 0.001 -17"><span class='ocrx_word' id='word_1_63' title='bbox 553 958 836 1016; x_wconf 83' lang='lat' dir='ltr'><strong>dexteram</strong></span> <span class='ocrx_word' id='word_1_64' title='bbox 870 959 1045 1029; x_wconf 88' lang='lat' dir='ltr'><strong>pietas</strong></span> <span class='ocrx_word' id='word_1_65' title='bbox 1084 959 1399 1030; x_wconf 87' lang='lat' dir='ltr'><strong>adjuvaret;</strong></span> <span class='ocrx_word' id='word_1_66' title='bbox 1439 960 1648 1017; x_wconf 82' lang='lat' dir='ltr'><strong>sciebat</strong></span> <span class='ocrx_word' id='word_1_67' title='bbox 1688 961 1833 1016; x_wconf 91' lang='lat' dir='ltr'><strong>enim</strong></span> <span class='ocrx_word' id='word_1_68' title='bbox 1874 960 2148 1032; x_wconf 89' lang='lat' dir='ltr'><strong>acceptio-</strong></span> 
     </span>
    </p>
   </div>
   <div class='ocr_carea' id='block_1_11' title="bbox 554 1053 2147 1126">
    <p class='ocr_par' dir='ltr' id='par_1_11' title="bbox 554 1053 2147 1126">
     <span class='ocr_line' id='line_1_11' title="bbox 554 1053 2147 1126; baseline -0.001 -15"><span class='ocrx_word' id='word_1_69' title='bbox 554 1070 670 1111; x_wconf 88' lang='lat' dir='ltr'><strong>rem</strong></span> <span class='ocrx_word' id='word_1_70' title='bbox 699 1054 813 1110; x_wconf 89' lang='lat' dir='ltr'><strong>Deo</strong></span> <span class='ocrx_word' id='word_1_71' title='bbox 844 1053 1017 1110; x_wconf 92' lang='lat' dir='ltr'><strong>ﬁlium</strong></span> <span class='ocrx_word' id='word_1_72' title='bbox 1048 1055 1386 1111; x_wconf 82' lang='lat' dir='ltr'><strong>immolatum</strong></span> <span class='ocrx_word' id='word_1_73' title='bbox 1416 1069 1559 1123; x_wconf 86' lang='lat' dir='ltr'><strong>esse,</strong></span> <span class='ocrx_word' id='word_1_74' title='bbox 1592 1070 1753 1126; x_wconf 87' lang='lat' dir='ltr'><strong>quam</strong></span> <span class='ocrx_word' id='word_1_75' title='bbox 1782 1070 1995 1110; x_wconf 90' lang='lat' dir='ltr'><strong>sanum.</strong></span> <span class='ocrx_word' id='word_1_76' title='bbox 2045 1055 2147 1110; x_wconf 66' lang='grc' dir='ltr'><strong>ΕΓ·</strong></span> 
     </span>
    </p>
   </div>
   <div class='ocr_carea' id='block_1_12' title="bbox 556 1145 2153 1218">
    <p class='ocr_par' dir='ltr' id='par_1_12' title="bbox 556 1145 2153 1218">
     <span class='ocr_line' id='line_1_12' title="bbox 556 1145 2153 1218; baseline 0.002 -16"><span class='ocrx_word' id='word_1_77' title='bbox 556 1162 628 1218; x_wconf 93' lang='lat' dir='ltr'><strong>go</strong></span> <span class='ocrx_word' id='word_1_78' title='bbox 671 1145 893 1202; x_wconf 81' lang='lat' dir='ltr'><strong>adducit</strong></span> <span class='ocrx_word' id='word_1_79' title='bbox 919 1146 986 1202; x_wconf 91' lang='lat' dir='ltr'><strong>ad</strong></span> <span class='ocrx_word' id='word_1_80' title='bbox 1034 1147 1359 1203; x_wconf 85' lang='lat' dir='ltr'><strong>sacriﬁcium</strong></span> <span class='ocrx_word' id='word_1_81' title='bbox 1402 1146 1571 1202; x_wconf 92' lang='lat' dir='ltr'><strong>ﬁlium</strong></span> <span class='ocrx_word' id='word_1_82' title='bbox 1607 1146 2052 1213; x_wconf 87' lang='lat' dir='ltr'><strong>dilectissimum;</strong></span> <span class='ocrx_word' id='word_1_83' title='bbox 2096 1158 2153 1205; x_wconf 90' lang='lat' dir='ltr'><strong>et</strong></span> 
     </span>
    </p>
   </div>
   <div class='ocr_carea' id='block_1_13' title="bbox 556 1240 2150 1312">
    <p class='ocr_par' dir='ltr' id='par_1_13' title="bbox 556 1240 2150 1312">
     <span class='ocr_line' id='line_1_13' title="bbox 556 1240 2150 1312; baseline 0.002 -18"><span class='ocrx_word' id='word_1_84' title='bbox 556 1255 718 1312; x_wconf 88' lang='lat' dir='ltr'><strong>quem</strong></span> <span class='ocrx_word' id='word_1_85' title='bbox 749 1253 873 1296; x_wconf 89' lang='lat' dir='ltr'><strong>sero</strong></span> <span class='ocrx_word' id='word_1_86' title='bbox 898 1249 1238 1312; x_wconf 87' lang='lat' dir='ltr'><strong>susceperat,</strong></span> <span class='ocrx_word' id='word_1_87' title='bbox 1267 1242 1375 1296; x_wconf 90' lang='lat' dir='ltr'><strong>cito</strong></span> <span class='ocrx_word' id='word_1_88' title='bbox 1404 1240 1603 1296; x_wconf 91' lang='lat' dir='ltr'><strong>obtulit</strong></span> <span class='ocrx_word' id='word_1_89' title='bbox 1631 1258 1643 1294; x_wconf 95' lang='lat'>:</span> <span class='ocrx_word' id='word_1_90' title='bbox 1675 1255 1777 1296; x_wconf 90' lang='lat' dir='ltr'><strong>nec</strong></span> <span class='ocrx_word' id='word_1_91' title='bbox 1799 1242 2006 1311; x_wconf 87' lang='lat' dir='ltr'><strong>paterni</strong></span> <span class='ocrx_word' id='word_1_92' title='bbox 2049 1258 2150 1297; x_wconf 87' lang='lat' dir='ltr'><strong>no-</strong></span> 
     </span>
    </p>
   </div>
   <div class='ocr_carea' id='block_1_14' title="bbox 557 1333 2219 1405">
    <p class='ocr_par' dir='ltr' id='par_1_14' title="bbox 557 1333 2219 1405">
     <span class='ocr_line' id='line_1_14' title="bbox 557 1333 2219 1405; baseline 0 -15"><span class='ocrx_word' id='word_1_93' title='bbox 557 1333 722 1390; x_wconf 88' lang='lat' dir='ltr'><strong>minis</strong></span> <span class='ocrx_word' id='word_1_94' title='bbox 750 1333 1118 1403; x_wconf 85' lang='lat' dir='ltr'><strong>appellatione</strong></span> <span class='ocrx_word' id='word_1_95' title='bbox 1146 1341 1454 1400; x_wconf 78' lang='lat' dir='ltr'><strong>revocatur,</strong></span> <span class='ocrx_word' id='word_1_96' title='bbox 1489 1348 1610 1388; x_wconf 88' lang='lat' dir='ltr'><strong>cum</strong></span> <span class='ocrx_word' id='word_1_97' title='bbox 1640 1333 1732 1388; x_wconf 90' lang='lat' dir='ltr'><strong>ille</strong></span> <span class='ocrx_word' id='word_1_98' title='bbox 1757 1344 1963 1405; x_wconf 87' lang='lat' dir='ltr'><strong>patrem</strong></span> <span class='ocrx_word' id='word_1_99' title='bbox 1990 1350 2153 1390; x_wconf 86' lang='lat' dir='ltr'><strong>voca-</strong></span> <span class='ocrx_word' id='word_1_100' title='bbox 2204 1373 2219 1381; x_wconf 65' lang='grc' dir='ltr'>ς</span> 
     </span>
    </p>
   </div>
   <div class='ocr_carea' id='block_1_15' title="bbox 560 1424 2152 1499">
    <p class='ocr_par' dir='ltr' id='par_1_15' title="bbox 560 1424 2152 1499">
     <span class='ocr_line' id='line_1_15' title="bbox 560 1424 2152 1499; baseline 0.002 -18"><span class='ocrx_word' id='word_1_101' title='bbox 560 1437 644 1481; x_wconf 87' lang='lat' dir='ltr'><strong>ret</strong></span> <span class='ocrx_word' id='word_1_102' title='bbox 673 1466 689 1492; x_wconf 92' lang='lat'><strong>,</strong></span> <span class='ocrx_word' id='word_1_103' title='bbox 720 1425 809 1481; x_wconf 90' lang='lat' dir='ltr'><strong>bic</strong></span> <span class='ocrx_word' id='word_1_104' title='bbox 840 1424 1032 1482; x_wconf 90' lang='lat' dir='ltr'><strong>ﬁlium.</strong></span> <span class='ocrx_word' id='word_1_105' title='bbox 1074 1426 1251 1482; x_wconf 88' lang='lat' dir='ltr'><strong>Chara</strong></span> <span class='ocrx_word' id='word_1_106' title='bbox 1295 1426 1512 1498; x_wconf 88' lang='lat' dir='ltr'><strong>quidem</strong></span> <span class='ocrx_word' id='word_1_107' title='bbox 1564 1426 1842 1483; x_wconf 89' lang='lat' dir='ltr'><strong>nominum</strong></span> <span class='ocrx_word' id='word_1_108' title='bbox 1888 1428 2110 1499; x_wconf 75' lang='lat' dir='ltr'><strong>pignora</strong></span> <span class='ocrx_word' id='word_1_109' title='bbox 2136 1470 2152 1497; x_wconf 89' lang='lat'><strong>,</strong></span> 
     </span>
    </p>
   </div>
   <div class='ocr_carea' id='block_1_16' title="bbox 563 1519 2158 1593">
    <p class='ocr_par' dir='ltr' id='par_1_16' title="bbox 563 1519 2158 1593">
     <span class='ocr_line' id='line_1_16' title="bbox 563 1519 2158 1593; baseline 0 -16"><span class='ocrx_word' id='word_1_110' title='bbox 563 1519 699 1577; x_wconf 71' lang='lat' dir='ltr'><strong>llsed</strong></span> <span class='ocrx_word' id='word_1_111' title='bbox 717 1520 1033 1576; x_wconf 88' lang='lat' dir='ltr'><strong>amabiliora</strong></span> <span class='ocrx_word' id='word_1_112' title='bbox 1064 1520 1156 1577; x_wconf 89' lang='lat' dir='ltr'><strong>Dei</strong></span> <span class='ocrx_word' id='word_1_113' title='bbox 1178 1529 1470 1592; x_wconf 65' lang='lat' dir='ltr'><strong>praecepta.</strong></span> <span class='ocrx_word' id='word_1_114' title='bbox 1505 1520 1693 1593; x_wconf 86' lang='lat' dir='ltr'><strong>Itaque</strong></span> <span class='ocrx_word' id='word_1_115' title='bbox 1724 1522 1855 1578; x_wconf 87' lang='lat' dir='ltr'><strong>licet</strong></span> <span class='ocrx_word' id='word_1_116' title='bbox 1882 1531 2158 1593; x_wconf 80' lang='lat' dir='ltr'><strong>compute-</strong></span> 
     </span>
    </p>
   </div>
   <div class='ocr_carea' id='block_1_17' title="bbox 560 1611 2155 1687">
    <p class='ocr_par' dir='ltr' id='par_1_17' title="bbox 560 1611 2155 1687">
     <span class='ocr_line' id='line_1_17' title="bbox 560 1611 2155 1687; baseline 0.001 -18"><span class='ocrx_word' id='word_1_117' title='bbox 560 1622 751 1669; x_wconf 86' lang='lat' dir='ltr'><strong>rentur</strong></span> <span class='ocrx_word' id='word_1_118' title='bbox 773 1611 961 1680; x_wconf 91' lang='lat' dir='ltr'><strong>corda,</strong></span> <span class='ocrx_word' id='word_1_119' title='bbox 1004 1622 1132 1669; x_wconf 91' lang='lat' dir='ltr'><strong>vota</strong></span> <span class='ocrx_word' id='word_1_120' title='bbox 1163 1613 1457 1669; x_wconf 85' lang='lat' dir='ltr'><strong>durabant.</strong></span> <span class='ocrx_word' id='word_1_121' title='bbox 1485 1614 1769 1670; x_wconf 84' lang='lat' dir='ltr'><strong>Distrinxit</strong></span> <span class='ocrx_word' id='word_1_122' title='bbox 1799 1631 1963 1687; x_wconf 90' lang='lat' dir='ltr'><strong>super</strong></span> <span class='ocrx_word' id='word_1_123' title='bbox 1990 1616 2155 1671; x_wconf 85' lang='lat' dir='ltr'><strong>lilium</strong></span> 
     </span>
    </p>
   </div>
   <div class='ocr_carea' id='block_1_18' title="bbox 559 1704 2151 1778">
    <p class='ocr_par' dir='ltr' id='par_1_18' title="bbox 559 1704 2151 1778">
     <span class='ocr_line' id='line_1_18' title="bbox 559 1704 2151 1778; baseline 0.003 -19"><span class='ocrx_word' id='word_1_124' title='bbox 559 1705 801 1777; x_wconf 86' lang='lat' dir='ltr'><strong>gladium</strong></span> <span class='ocrx_word' id='word_1_125' title='bbox 833 1713 1059 1776; x_wconf 88' lang='lat' dir='ltr'><strong>paterna</strong></span> <span class='ocrx_word' id='word_1_126' title='bbox 1091 1721 1275 1770; x_wconf 90' lang='lat' dir='ltr'><strong>manu,</strong></span> <span class='ocrx_word' id='word_1_127' title='bbox 1303 1704 1332 1744; x_wconf 73' lang='grc' dir='ltr'><strong>ιι</strong></span> <span class='ocrx_word' id='word_1_128' title='bbox 1363 1716 1416 1762; x_wconf 91' lang='lat' dir='ltr'><strong>et</strong></span> <span class='ocrx_word' id='word_1_129' title='bbox 1440 1708 1614 1778; x_wconf 90' lang='lat' dir='ltr'><strong>patrio</strong></span> <span class='ocrx_word' id='word_1_130' title='bbox 1644 1710 1912 1777; x_wconf 88' lang='lat' dir='ltr'><strong>percussit</strong></span> <span class='ocrx_word' id='word_1_131' title='bbox 1933 1708 2151 1775; x_wconf 80' lang='lat' dir='ltr'><strong>aﬁ&#39;ectn,</strong></span> 
     </span>
    </p>
   </div>
   <div class='ocr_carea' id='block_1_19' title="bbox 2250 488 3915 562">
    <p class='ocr_par' dir='ltr' id='par_1_19' title="bbox 2250 488 3915 562">
     <span class='ocr_line' id='line_1_19' title="bbox 2250 488 3915 562; baseline -0.001 -17"><span class='ocrx_word' id='word_1_132' title='bbox 2250 490 2567 562; x_wconf 80' lang='lat' dir='ltr'><strong>angelorum</strong></span> <span class='ocrx_word' id='word_1_133' title='bbox 2608 500 2769 562; x_wconf 87' lang='lat' dir='ltr'><strong>atque</strong></span> <span class='ocrx_word' id='word_1_134' title='bbox 2821 489 3101 545; x_wconf 85' lang='lat' dir='ltr'><strong>hominum</strong></span> <span class='ocrx_word' id='word_1_135' title='bbox 3154 490 3330 545; x_wconf 86' lang='lat' dir='ltr'><strong>futura</strong></span> <span class='ocrx_word' id='word_1_136' title='bbox 3372 490 3663 545; x_wconf 89' lang='lat' dir='ltr'><strong>consortia</strong></span> <span class='ocrx_word' id='word_1_137' title='bbox 3724 488 3915 544; x_wconf 82' lang='lat' dir='ltr'><strong>vide—</strong></span> 
     </span>
    </p>
   </div>
   <div class='ocr_carea' id='block_1_20' title="bbox 2250 568 3903 658">
    <p class='ocr_par' dir='ltr' id='par_1_20' title="bbox 2250 568 3903 658">
     <span class='ocr_line' id='line_1_20' title="bbox 2250 568 3903 658; baseline -0.004 -16"><span class='ocrx_word' id='word_1_138' title='bbox 2250 595 2463 642; x_wconf 86' lang='lat' dir='ltr'><strong>rentur.</strong></span> <span class='ocrx_word' id='word_1_139' title='bbox 2511 584 2609 641; x_wconf 90' lang='lat' dir='ltr'><strong>Cui</strong></span> <span class='ocrx_word' id='word_1_140' title='bbox 2640 584 3073 655; x_wconf 85' lang='lat' dir='ltr'><strong>obstupefactum</strong></span> <span class='ocrx_word' id='word_1_141' title='bbox 3116 593 3201 640; x_wconf 90' lang='lat' dir='ltr'><strong>est</strong></span> <span class='ocrx_word' id='word_1_142' title='bbox 3238 584 3417 640; x_wconf 88' lang='lat' dir='ltr'><strong>femur</strong></span> <span class='ocrx_word' id='word_1_143' title='bbox 3459 568 3620 658; x_wconf 76' lang='lat' dir='ltr'><strong>(Cen.</strong></span> <span class='ocrx_word' id='word_1_144' title='bbox 3682 599 3903 645; x_wconf 86' lang='lat' dir='ltr'><strong>xxxtt,</strong></span> 
     </span>
    </p>
   </div>
   <div class='ocr_carea' id='block_1_21' title="bbox 2249 675 3911 751">
    <p class='ocr_par' dir='ltr' id='par_1_21' title="bbox 2249 675 3911 751">
     <span class='ocr_line' id='line_1_21' title="bbox 2249 675 3911 751; baseline -0.002 -18"><span class='ocrx_word' id='word_1_145' title='bbox 2249 679 2366 751; x_wconf 71' lang='lat'><strong>29),</strong></span> <span class='ocrx_word' id='word_1_146' title='bbox 2401 686 2461 733; x_wconf 92' lang='lat' dir='ltr'><strong>ut</strong></span> <span class='ocrx_word' id='word_1_147' title='bbox 2486 678 2539 732; x_wconf 92' lang='lat' dir='ltr'><strong>in</strong></span> <span class='ocrx_word' id='word_1_148' title='bbox 2570 676 2779 733; x_wconf 87' lang='lat' dir='ltr'><strong>lemore</strong></span> <span class='ocrx_word' id='word_1_149' title='bbox 2806 691 2908 732; x_wconf 92' lang='lat' dir='ltr'><strong>suo</strong></span> <span class='ocrx_word' id='word_1_150' title='bbox 2934 683 3256 747; x_wconf 80' lang='lat' dir='ltr'><strong>agnosceret</strong></span> <span class='ocrx_word' id='word_1_151' title='bbox 3282 676 3659 746; x_wconf 78' lang='lat' dir='ltr'><strong>generationis</strong></span> <span class='ocrx_word' id='word_1_152' title='bbox 3696 675 3911 730; x_wconf 84' lang='lat' dir='ltr'><strong>haere-</strong></span> 
     </span>
    </p>
   </div>
   <div class='ocr_carea' id='block_1_22' title="bbox 2252 767 3907 841">
    <p class='ocr_par' dir='ltr' id='par_1_22' title="bbox 2252 767 3907 841">
     <span class='ocr_line' id='line_1_22' title="bbox 2252 767 3907 841; baseline -0.004 -13"><span class='ocrx_word' id='word_1_153' title='bbox 2252 771 2397 837; x_wconf 88' lang='lat' dir='ltr'><strong>dem,</strong></span> <span class='ocrx_word' id='word_1_154' title='bbox 2437 780 2493 826; x_wconf 91' lang='lat' dir='ltr'><strong>et</strong></span> <span class='ocrx_word' id='word_1_155' title='bbox 2520 769 2915 841; x_wconf 82' lang='lat' dir='ltr'><strong>obstupefactio</strong></span> <span class='ocrx_word' id='word_1_156' title='bbox 2957 769 3180 825; x_wconf 77' lang='lat' dir='ltr'><strong>femoris</strong></span> <span class='ocrx_word' id='word_1_157' title='bbox 3217 769 3528 840; x_wconf 85' lang='lat' dir='ltr'><strong>passionem</strong></span> <span class='ocrx_word' id='word_1_158' title='bbox 3561 767 3907 840; x_wconf 77' lang='lat' dir='ltr'><strong>propheta-</strong></span> 
     </span>
    </p>
   </div>
   <div class='ocr_carea' id='block_1_23' title="bbox 2252 862 2609 920">
    <p class='ocr_par' dir='ltr' id='par_1_23' title="bbox 2252 862 2609 920">
     <span class='ocr_line' id='line_1_23' title="bbox 2252 862 2609 920; baseline -0.014 0"><span class='ocrx_word' id='word_1_159' title='bbox 2252 872 2337 920; x_wconf 90' lang='lat' dir='ltr'><strong>ret</strong></span> <span class='ocrx_word' id='word_1_160' title='bbox 2360 862 2609 918; x_wconf 72' lang='lat' dir='ltr'><strong>haeredis.</strong></span> 
     </span>
    </p>
   </div>
   <div class='ocr_carea' id='block_1_24' title="bbox 2332 955 3899 1031">
    <p class='ocr_par' dir='ltr' id='par_1_24' title="bbox 2332 955 3899 1031">
     <span class='ocr_line' id='line_1_24' title="bbox 2332 955 3899 1031; baseline -0.005 -15"><span class='ocrx_word' id='word_1_161' title='bbox 2332 958 2540 1031; x_wconf 78' lang='lat'><strong>1161</strong></span> <span class='ocrx_word' id='word_1_162' title='bbox 2574 958 2695 1013; x_wconf 92' lang='grc'><strong>101.</strong></span> <span class='ocrx_word' id='word_1_163' title='bbox 2725 958 2983 1013; x_wconf 85' lang='lat' dir='ltr'><strong>Videmus</strong></span> <span class='ocrx_word' id='word_1_164' title='bbox 3011 958 3173 1028; x_wconf 79' lang='lat' dir='ltr'><strong>igitur</strong></span> <span class='ocrx_word' id='word_1_165' title='bbox 3194 957 3392 1013; x_wconf 74' lang='lat' dir='ltr'><strong>cmlom</strong></span> <span class='ocrx_word' id='word_1_166' title='bbox 3421 966 3611 1028; x_wconf 83' lang='lat' dir='ltr'><strong>patere</strong></span> <span class='ocrx_word' id='word_1_167' title='bbox 3642 955 3899 1021; x_wconf 82' lang='lat' dir='ltr'><strong>virtuti,</strong></span> 
     </span>
    </p>
   </div>
   <div class='ocr_carea' id='block_1_25' title="bbox 2259 1050 3898 1127">
    <p class='ocr_par' dir='ltr' id='par_1_25' title="bbox 2259 1050 3898 1127">
     <span class='ocr_line' id='line_1_25' title="bbox 2259 1050 3898 1127; baseline -0.004 -20"><span class='ocrx_word' id='word_1_168' title='bbox 2259 1068 2360 1107; x_wconf 89' lang='lat' dir='ltr'><strong>nec</strong></span> <span class='ocrx_word' id='word_1_169' title='bbox 2420 1053 2523 1108; x_wconf 92' lang='lat' dir='ltr'><strong>hoc</strong></span> <span class='ocrx_word' id='word_1_170' title='bbox 2558 1068 2679 1108; x_wconf 88' lang='lat' dir='ltr'><strong>esse</strong></span> <span class='ocrx_word' id='word_1_171' title='bbox 2745 1067 3081 1123; x_wconf 86' lang='lat' dir='ltr'><strong>paucorum:</strong></span> <span class='ocrx_word' id='word_1_172' title='bbox 3150 1050 3493 1127; x_wconf 51' lang='lat' dir='ltr'><strong>Multicnim</strong></span> <span class='ocrx_word' id='word_1_173' title='bbox 3543 1051 3768 1105; x_wconf 76' lang='lat' dir='ltr'><strong>venient</strong></span> <span class='ocrx_word' id='word_1_174' title='bbox 3823 1051 3898 1102; x_wconf 78' lang='lat' dir='ltr'><strong>ab</strong></span> 
     </span>
    </p>
   </div>
   <div class='ocr_carea' id='block_1_26' title="bbox 2249 1145 3898 1216">
    <p class='ocr_par' dir='ltr' id='par_1_26' title="bbox 2249 1145 3898 1216">
     <span class='ocr_line' id='line_1_26' title="bbox 2249 1145 3898 1216; baseline -0.001 -17"><span class='ocrx_word' id='word_1_175' title='bbox 2249 1146 2494 1211; x_wconf 81' lang='lat' dir='ltr'><strong>Oriente,</strong></span> <span class='ocrx_word' id='word_1_176' title='bbox 2516 1156 2563 1201; x_wconf 84' lang='lat' dir='ltr'><strong>et</strong></span> <span class='ocrx_word' id='word_1_177' title='bbox 2593 1147 2656 1200; x_wconf 88' lang='lat' dir='ltr'><strong>ab</strong></span> <span class='ocrx_word' id='word_1_178' title='bbox 2682 1145 2966 1202; x_wconf 73' lang='lat' dir='ltr'><strong>Occidente</strong></span> <span class='ocrx_word' id='word_1_179' title='bbox 2992 1188 3007 1213; x_wconf 90' lang='lat'><strong>,</strong></span> <span class='ocrx_word' id='word_1_180' title='bbox 3035 1156 3083 1200; x_wconf 87' lang='lat' dir='ltr'><strong>et</strong></span> <span class='ocrx_word' id='word_1_181' title='bbox 3104 1145 3359 1216; x_wconf 80' lang='lat' dir='ltr'><strong>Aquilone</strong></span> <span class='ocrx_word' id='word_1_182' title='bbox 3386 1156 3433 1200; x_wconf 84' lang='lat' dir='ltr'><strong>et</strong></span> <span class='ocrx_word' id='word_1_183' title='bbox 3463 1145 3679 1212; x_wconf 79' lang='lat' dir='ltr'><strong>Austro,</strong></span> <span class='ocrx_word' id='word_1_184' title='bbox 3712 1154 3770 1199; x_wconf 81' lang='lat' dir='ltr'><strong>et</strong></span> <span class='ocrx_word' id='word_1_185' title='bbox 3801 1161 3898 1198; x_wconf 84' lang='lat' dir='ltr'><strong>re-</strong></span> 
     </span>
    </p>
   </div>
   <div class='ocr_carea' id='block_1_27' title="bbox 2258 1238 3894 1311">
    <p class='ocr_par' dir='ltr' id='par_1_27' title="bbox 2258 1238 3894 1311">
     <span class='ocr_line' id='line_1_27' title="bbox 2258 1238 3894 1311; baseline -0.001 -17"><span class='ocrx_word' id='word_1_186' title='bbox 2258 1240 2565 1295; x_wconf 84' lang='lat' dir='ltr'><strong>cumbentin</strong></span> <span class='ocrx_word' id='word_1_187' title='bbox 2584 1256 2741 1311; x_wconf 86' lang='lat' dir='ltr'><strong>regno</strong></span> <span class='ocrx_word' id='word_1_188' title='bbox 2771 1239 2864 1294; x_wconf 86' lang='lat' dir='ltr'><strong>Dei</strong></span> <span class='ocrx_word' id='word_1_189' title='bbox 2895 1239 3113 1311; x_wconf 79' lang='lat' dir='ltr'><strong>(Matth.</strong></span> <span class='ocrx_word' id='word_1_190' title='bbox 3141 1254 3266 1305; x_wconf 86' lang='lat' dir='ltr'><strong>vm,</strong></span> <span class='ocrx_word' id='word_1_191' title='bbox 3299 1238 3415 1309; x_wconf 88' lang='grc'><strong>11),</strong></span> <span class='ocrx_word' id='word_1_192' title='bbox 3437 1238 3894 1294; x_wconf 81' lang='lat' dir='ltr'><strong>delectationem</strong></span> 
     </span>
    </p>
   </div>
   <div class='ocr_carea' id='block_1_28' title="bbox 2260 1330 3898 1405">
    <p class='ocr_par' dir='ltr' id='par_1_28' title="bbox 2260 1330 3898 1405">
     <span class='ocr_line' id='line_1_28' title="bbox 2260 1330 3898 1405; baseline -0.002 -18"><span class='ocrx_word' id='word_1_193' title='bbox 2260 1341 2538 1405; x_wconf 74' lang='lat' dir='ltr'><strong>perpetua:</strong></span> <span class='ocrx_word' id='word_1_194' title='bbox 2567 1334 2766 1403; x_wconf 86' lang='lat' dir='ltr'><strong>quietis</strong></span> <span class='ocrx_word' id='word_1_195' title='bbox 2793 1333 3023 1403; x_wconf 80' lang='lat' dir='ltr'><strong>sepultis</strong></span> <span class='ocrx_word' id='word_1_196' title='bbox 3062 1332 3368 1386; x_wconf 90' lang='lat' dir='ltr'><strong>animorum</strong></span> <span class='ocrx_word' id='word_1_197' title='bbox 3411 1331 3650 1387; x_wconf 89' lang='lat' dir='ltr'><strong>motibus</strong></span> <span class='ocrx_word' id='word_1_198' title='bbox 3678 1330 3898 1401; x_wconf 81' lang='lat' dir='ltr'><strong>expri-</strong></span> 
     </span>
    </p>
   </div>
   <div class='ocr_carea' id='block_1_29' title="bbox 2263 1423 3892 1496">
    <p class='ocr_par' dir='ltr' id='par_1_29' title="bbox 2263 1423 3892 1496">
     <span class='ocr_line' id='line_1_29' title="bbox 2263 1423 3892 1496; baseline 0 -16"><span class='ocrx_word' id='word_1_199' title='bbox 2263 1437 2494 1482; x_wconf 89' lang='lat' dir='ltr'><strong>mentes.</strong></span> <span class='ocrx_word' id='word_1_200' title='bbox 2543 1425 2847 1496; x_wconf 89' lang='lat' dir='ltr'><strong>Sequamur</strong></span> <span class='ocrx_word' id='word_1_201' title='bbox 2887 1423 3162 1479; x_wconf 85' lang='lat' dir='ltr'><strong>Abraham</strong></span> <span class='ocrx_word' id='word_1_202' title='bbox 3201 1424 3467 1490; x_wconf 90' lang='lat' dir='ltr'><strong>moribus,</strong></span> <span class='ocrx_word' id='word_1_203' title='bbox 3496 1433 3557 1480; x_wconf 90' lang='lat' dir='ltr'><strong>ut</strong></span> <span class='ocrx_word' id='word_1_204' title='bbox 3585 1440 3689 1479; x_wconf 88' lang='lat' dir='ltr'><strong>nos</strong></span> <span class='ocrx_word' id='word_1_205' title='bbox 3726 1426 3892 1480; x_wconf 63' lang='grc' dir='ltr'><strong>τρεῖς</strong></span> 
     </span>
    </p>
   </div>
   <div class='ocr_carea' id='block_1_30' title="bbox 2264 1514 3894 1589">
    <p class='ocr_par' dir='ltr' id='par_1_30' title="bbox 2264 1514 3894 1589">
     <span class='ocr_line' id='line_1_30' title="bbox 2264 1514 3894 1589; baseline 0 -18"><span class='ocrx_word' id='word_1_206' title='bbox 2264 1518 2379 1589; x_wconf 87' lang='lat' dir='ltr'><strong>piat</strong></span> <span class='ocrx_word' id='word_1_207' title='bbox 2406 1519 2456 1572; x_wconf 91' lang='lat' dir='ltr'><strong>in</strong></span> <span class='ocrx_word' id='word_1_208' title='bbox 2488 1517 2752 1588; x_wconf 87' lang='lat' dir='ltr'><strong>gremium</strong></span> <span class='ocrx_word' id='word_1_209' title='bbox 2797 1532 2979 1582; x_wconf 89' lang='lat' dir='ltr'><strong>suum,</strong></span> <span class='ocrx_word' id='word_1_210' title='bbox 3021 1524 3077 1570; x_wconf 85' lang='lat' dir='ltr'><strong>et</strong></span> <span class='ocrx_word' id='word_1_211' title='bbox 3128 1526 3403 1586; x_wconf 83' lang='lat' dir='ltr'><strong>tamquam</strong></span> <span class='ocrx_word' id='word_1_212' title='bbox 3433 1514 3705 1570; x_wconf 81' lang='lat' dir='ltr'><strong>Lazarum</strong></span> <span class='ocrx_word' id='word_1_213' title='bbox 3761 1532 3894 1571; x_wconf 66' lang='lat' dir='ltr'><strong>suae</strong></span> 
     </span>
    </p>
   </div>
   <div class='ocr_carea' id='block_1_31' title="bbox 2264 1605 3895 1679">
    <p class='ocr_par' dir='ltr' id='par_1_31' title="bbox 2264 1605 3895 1679">
     <span class='ocr_line' id='line_1_31' title="bbox 2264 1605 3895 1679; baseline -0.003 -15"><span class='ocrx_word' id='word_1_214' title='bbox 2264 1608 2587 1665; x_wconf 83' lang='lat' dir='ltr'><strong>humilitatis</strong></span> <span class='ocrx_word' id='word_1_215' title='bbox 2614 1608 2885 1664; x_wconf 72' lang='lat' dir='ltr'><strong>lueredem</strong></span> <span class='ocrx_word' id='word_1_216' title='bbox 2911 1607 3070 1679; x_wconf 89' lang='lat' dir='ltr'><strong>(Luc.</strong></span> <span class='ocrx_word' id='word_1_217' title='bbox 3100 1622 3192 1663; x_wconf 75' lang='lat' dir='ltr'>va</span> <span class='ocrx_word' id='word_1_218' title='bbox 3212 1647 3226 1671; x_wconf 90' lang='lat'><strong>,</strong></span> <span class='ocrx_word' id='word_1_219' title='bbox 3255 1606 3348 1677; x_wconf 77' lang='lat'><strong>25)</strong></span> <span class='ocrx_word' id='word_1_220' title='bbox 3374 1605 3603 1676; x_wconf 88' lang='lat' dir='ltr'><strong>propriis</strong></span> <span class='ocrx_word' id='word_1_221' title='bbox 3629 1607 3895 1661; x_wconf 83' lang='lat' dir='ltr'><strong>circum-</strong></span> 
     </span>
    </p>
   </div>
   <div class='ocr_carea' id='block_1_32' title="bbox 2268 1697 3889 1773">
    <p class='ocr_par' dir='ltr' id='par_1_32' title="bbox 2268 1697 3889 1773">
     <span class='ocr_line' id='line_1_32' title="bbox 2268 1697 3889 1773; baseline -0.003 -14"><span class='ocrx_word' id='word_1_222' title='bbox 2268 1704 2442 1760; x_wconf 84' lang='lat' dir='ltr'><strong>fusum</strong></span> <span class='ocrx_word' id='word_1_223' title='bbox 2474 1703 2765 1759; x_wconf 88' lang='lat' dir='ltr'><strong>virtutibus</strong></span> <span class='ocrx_word' id='word_1_224' title='bbox 2813 1703 2901 1773; x_wconf 91' lang='lat' dir='ltr'><strong>pio</strong></span> <span class='ocrx_word' id='word_1_225' title='bbox 2949 1700 3127 1757; x_wconf 90' lang='lat' dir='ltr'><strong>foveat</strong></span> <span class='ocrx_word' id='word_1_226' title='bbox 3159 1700 3434 1770; x_wconf 83' lang='lat' dir='ltr'><strong>amplexu.</strong></span> <span class='ocrx_word' id='word_1_227' title='bbox 3488 1697 3514 1734; x_wconf 75' lang='grc' dir='ltr'>ἀ</span> <span class='ocrx_word' id='word_1_228' title='bbox 3565 1698 3687 1754; x_wconf 82' lang='lat' dir='ltr'><strong>Non</strong></span> <span class='ocrx_word' id='word_1_229' title='bbox 3724 1701 3889 1754; x_wconf 65' lang='lat' dir='ltr'><strong>etaim</strong></span> 
     </span>
    </p>
   </div>
   <div class='ocr_carea' id='block_1_33' title="bbox 563 1794 3888 1869">
    <p class='ocr_par' dir='ltr' id='par_1_33' title="bbox 563 1794 3888 1869">
     <span class='ocr_line' id='line_1_33' title="bbox 563 1794 3888 1869; baseline -0.001 -16"><span class='ocrx_word' id='word_1_230' title='bbox 563 1811 634 1853; x_wconf 90' lang='lat' dir='ltr'><strong>ne</strong></span> <span class='ocrx_word' id='word_1_231' title='bbox 660 1797 863 1867; x_wconf 89' lang='lat' dir='ltr'><strong>periret</strong></span> <span class='ocrx_word' id='word_1_232' title='bbox 893 1811 1055 1866; x_wconf 67' lang='lat' dir='ltr'><strong>pinna</strong></span> <span class='ocrx_word' id='word_1_233' title='bbox 1084 1813 1100 1851; x_wconf 88' lang='lat'><strong>:</strong></span> <span class='ocrx_word' id='word_1_234' title='bbox 1136 1797 1443 1867; x_wconf 89' lang='lat' dir='ltr'><strong>trepidavit,</strong></span> <span class='ocrx_word' id='word_1_235' title='bbox 1490 1813 1560 1854; x_wconf 92' lang='lat' dir='ltr'><strong>ne</strong></span> <span class='ocrx_word' id='word_1_236' title='bbox 1596 1799 1736 1855; x_wconf 92' lang='lat' dir='ltr'><strong>ictus</strong></span> <span class='ocrx_word' id='word_1_237' title='bbox 1761 1810 1994 1865; x_wconf 83' lang='lat' dir='ltr'><strong>erraret,</strong></span> <span class='ocrx_word' id='word_1_238' title='bbox 2026 1801 2159 1857; x_wconf 86' lang='lat' dir='ltr'><strong>dex—</strong></span> <span class='ocrx_word' id='word_1_239' title='bbox 2188 1796 2236 1855; x_wconf 89' lang='lat' dir='ltr'><strong><em>B</em></strong></span> <span class='ocrx_word' id='word_1_240' title='bbox 2263 1813 2362 1854; x_wconf 93' lang='lat' dir='ltr'><strong>nos</strong></span> <span class='ocrx_word' id='word_1_241' title='bbox 2396 1799 2448 1853; x_wconf 91' lang='lat' dir='ltr'><strong>in</strong></span> <span class='ocrx_word' id='word_1_242' title='bbox 2492 1798 2699 1869; x_wconf 87' lang='lat' dir='ltr'><strong>gremio</strong></span> <span class='ocrx_word' id='word_1_243' title='bbox 2742 1796 3036 1868; x_wconf 86' lang='lat' dir='ltr'><strong>corporali,</strong></span> <span class='ocrx_word' id='word_1_244' title='bbox 3092 1795 3188 1851; x_wconf 91' lang='lat' dir='ltr'><strong>sed</strong></span> <span class='ocrx_word' id='word_1_245' title='bbox 3219 1796 3272 1850; x_wconf 90' lang='lat' dir='ltr'><strong>in</strong></span> <span class='ocrx_word' id='word_1_246' title='bbox 3312 1794 3547 1866; x_wconf 89' lang='lat' dir='ltr'><strong>quodam</strong></span> <span class='ocrx_word' id='word_1_247' title='bbox 3595 1794 3888 1850; x_wconf 89' lang='lat' dir='ltr'><strong>bonorum</strong></span> 
     </span>
    </p>
   </div>
   <div class='ocr_carea' id='block_1_34' title="bbox 566 1889 2161 1962">
    <p class='ocr_par' dir='ltr' id='par_1_34' title="bbox 566 1889 2161 1962">
     <span class='ocr_line' id='line_1_34' title="bbox 566 1889 2161 1962; baseline 0.003 -16"><span class='ocrx_word' id='word_1_248' title='bbox 566 1899 681 1946; x_wconf 87' lang='lat' dir='ltr'><strong>tera</strong></span> <span class='ocrx_word' id='word_1_249' title='bbox 702 1889 978 1946; x_wconf 90' lang='lat' dir='ltr'><strong>deﬁceret.</strong></span> <span class='ocrx_word' id='word_1_250' title='bbox 1006 1889 1188 1946; x_wconf 89' lang='lat' dir='ltr'><strong>Sensit</strong></span> <span class='ocrx_word' id='word_1_251' title='bbox 1218 1892 1436 1962; x_wconf 90' lang='lat' dir='ltr'><strong>pietatis</strong></span> <span class='ocrx_word' id='word_1_252' title='bbox 1457 1891 1733 1960; x_wconf 72' lang='lat' dir='ltr'><strong>affectum,</strong></span> <span class='ocrx_word' id='word_1_253' title='bbox 1763 1893 1858 1949; x_wconf 92' lang='lat' dir='ltr'><strong>sed</strong></span> <span class='ocrx_word' id='word_1_254' title='bbox 1888 1910 1996 1950; x_wconf 93' lang='lat' dir='ltr'><strong>non</strong></span> <span class='ocrx_word' id='word_1_255' title='bbox 2023 1896 2161 1951; x_wconf 90' lang='lat' dir='ltr'><strong>omi-</strong></span> 
     </span>
    </p>
   </div>
   <div class='ocr_carea' id='block_1_35' title="bbox 565 1982 2156 2059">
    <p class='ocr_par' dir='ltr' id='par_1_35' title="bbox 565 1982 2156 2059">
     <span class='ocr_line' id='line_1_35' title="bbox 565 1982 2156 2059; baseline 0.003 -19"><span class='ocrx_word' id='word_1_256' title='bbox 565 1984 636 2040; x_wconf 87' lang='lat' dir='ltr'><strong>sit</strong></span> <span class='ocrx_word' id='word_1_257' title='bbox 671 1982 982 2039; x_wconf 87' lang='lat' dir='ltr'><strong>devotionis</strong></span> <span class='ocrx_word' id='word_1_258' title='bbox 1013 1985 1288 2055; x_wconf 77' lang='lat' dir='ltr'><strong>negotium</strong></span> <span class='ocrx_word' id='word_1_259' title='bbox 1322 2002 1336 2039; x_wconf 88' lang='lat'><strong>:</strong></span> <span class='ocrx_word' id='word_1_260' title='bbox 1374 1994 1430 2041; x_wconf 91' lang='lat' dir='ltr'><strong>et</strong></span> <span class='ocrx_word' id='word_1_261' title='bbox 1455 1986 1784 2057; x_wconf 85' lang='lat' dir='ltr'><strong>preperabat</strong></span> <span class='ocrx_word' id='word_1_262' title='bbox 1812 1987 2156 2059; x_wconf 88' lang='lat' dir='ltr'><strong>obsequium,</strong></span> 
     </span>
    </p>
   </div>
   <div class='ocr_carea' id='block_1_36' title="bbox 563 2075 2161 2154">
    <p class='ocr_par' dir='ltr' id='par_1_36' title="bbox 563 2075 2161 2154">
     <span class='ocr_line' id='line_1_36' title="bbox 563 2075 2161 2154; baseline 0.004 -22"><span class='ocrx_word' id='word_1_263' title='bbox 563 2075 731 2132; x_wconf 87' lang='lat' dir='ltr'><strong>etiam</strong></span> <span class='ocrx_word' id='word_1_264' title='bbox 784 2090 908 2132; x_wconf 91' lang='lat' dir='ltr'><strong>cum</strong></span> <span class='ocrx_word' id='word_1_265' title='bbox 956 2076 1169 2133; x_wconf 87' lang='lat' dir='ltr'><strong>audiret</strong></span> <span class='ocrx_word' id='word_1_266' title='bbox 1223 2078 1525 2134; x_wconf 85' lang='lat' dir='ltr'><strong>oraculum.</strong></span> <span class='ocrx_word' id='word_1_267' title='bbox 1578 2077 1735 2136; x_wconf 88' lang='lat' dir='ltr'><strong>Unde</strong></span> <span class='ocrx_word' id='word_1_268' title='bbox 1791 2096 1892 2138; x_wconf 90' lang='lat' dir='ltr'><strong>nos</strong></span> <span class='ocrx_word' id='word_1_269' title='bbox 1947 2097 2161 2154; x_wconf 91' lang='lat' dir='ltr'><strong>quoque</strong></span> 
     </span>
    </p>
   </div>
   <div class='ocr_carea' id='block_1_37' title="bbox 566 2167 2155 2247">
    <p class='ocr_par' dir='ltr' id='par_1_37' title="bbox 566 2167 2155 2247">
     <span class='ocr_line' id='line_1_37' title="bbox 566 2167 2155 2247; baseline 0.005 -24"><span class='ocrx_word' id='word_1_270' title='bbox 566 2167 738 2224; x_wconf 92' lang='lat' dir='ltr'><strong>Deum</strong></span> <span class='ocrx_word' id='word_1_271' title='bbox 778 2168 1053 2237; x_wconf 88' lang='lat' dir='ltr'><strong>omnibus,</strong></span> <span class='ocrx_word' id='word_1_272' title='bbox 1085 2185 1223 2241; x_wconf 88' lang='lat' dir='ltr'><strong>quos</strong></span> <span class='ocrx_word' id='word_1_273' title='bbox 1251 2170 1549 2242; x_wconf 85' lang='lat' dir='ltr'><strong>diligimus,</strong></span> <span class='ocrx_word' id='word_1_274' title='bbox 1588 2174 1962 2243; x_wconf 62' lang='lat' dir='ltr'><strong>praeferamus,</strong></span> <span class='ocrx_word' id='word_1_275' title='bbox 1992 2178 2155 2247; x_wconf 87' lang='lat' dir='ltr'><strong>patri,</strong></span> 
     </span>
    </p>
   </div>
   <div class='ocr_carea' id='block_1_38' title="bbox 566 2254 2158 2335">
    <p class='ocr_par' dir='ltr' id='par_1_38' title="bbox 566 2254 2158 2335">
     <span class='ocr_line' id='line_1_38' title="bbox 566 2254 2158 2335; baseline 0.004 -20"><span class='ocrx_word' id='word_1_276' title='bbox 566 2258 844 2327; x_wconf 84' lang='lat' dir='ltr'><strong>fratribus,</strong></span> <span class='ocrx_word' id='word_1_277' title='bbox 887 2264 1082 2330; x_wconf 81' lang='lat' dir='ltr'><strong>matri;</strong></span> <span class='ocrx_word' id='word_1_278' title='bbox 1137 2273 1158 2301; x_wconf 76' lang='grc' dir='ltr'><strong>ο</strong></span> <span class='ocrx_word' id='word_1_279' title='bbox 1183 2254 1240 2319; x_wconf 89' lang='lat' dir='ltr'><strong>ut</strong></span> <span class='ocrx_word' id='word_1_280' title='bbox 1270 2265 1443 2334; x_wconf 89' lang='lat' dir='ltr'><strong>possit</strong></span> <span class='ocrx_word' id='word_1_281' title='bbox 1471 2266 1629 2321; x_wconf 89' lang='lat' dir='ltr'><strong>nobis</strong></span> <span class='ocrx_word' id='word_1_282' title='bbox 1658 2279 1876 2323; x_wconf 86' lang='lat' dir='ltr'><strong>servare</strong></span> <span class='ocrx_word' id='word_1_283' title='bbox 1906 2268 2158 2335; x_wconf 89' lang='lat' dir='ltr'><strong>dilectos,</strong></span> 
     </span>
    </p>
   </div>
   <div class='ocr_carea' id='block_1_39' title="bbox 565 2355 2186 2433">
    <p class='ocr_par' dir='ltr' id='par_1_39' title="bbox 565 2355 2186 2433">
     <span class='ocr_line' id='line_1_39' title="bbox 565 2355 2186 2433; baseline 0.006 -24"><span class='ocrx_word' id='word_1_284' title='bbox 565 2355 707 2410; x_wconf 89' lang='lat' dir='ltr'><strong>sicut</strong></span> <span class='ocrx_word' id='word_1_285' title='bbox 732 2355 784 2410; x_wconf 92' lang='lat' dir='ltr'><strong>in</strong></span> <span class='ocrx_word' id='word_1_286' title='bbox 812 2355 1085 2411; x_wconf 82' lang='lat' dir='ltr'><strong>Abraham</strong></span> <span class='ocrx_word' id='word_1_287' title='bbox 1134 2355 1443 2414; x_wconf 87' lang='lat' dir='ltr'><strong>uberiorem</strong></span> <span class='ocrx_word' id='word_1_288' title='bbox 1476 2371 1966 2426; x_wconf 88' lang='lat' dir='ltr'><strong>remuneratorem,</strong></span> <span class='ocrx_word' id='word_1_289' title='bbox 1999 2377 2186 2433; x_wconf 70' lang='lat' dir='ltr'><strong>quam,</strong></span> 
     </span>
    </p>
   </div>
   <div class='ocr_carea' id='block_1_40' title="bbox 567 2445 1170 2505">
    <p class='ocr_par' dir='ltr' id='par_1_40' title="bbox 567 2445 1170 2505">
     <span class='ocr_line' id='line_1_40' title="bbox 567 2445 1170 2505; baseline 0.003 -4"><span class='ocrx_word' id='word_1_290' title='bbox 567 2445 877 2502; x_wconf 90' lang='lat' dir='ltr'><strong>ministrum</strong></span> <span class='ocrx_word' id='word_1_291' title='bbox 906 2447 1170 2505; x_wconf 85' lang='lat' dir='ltr'><strong>videmus.</strong></span> 
     </span>
    </p>
   </div>
   <div class='ocr_carea' id='block_1_41' title="bbox 635 2537 2171 2615">
    <p class='ocr_par' dir='ltr' id='par_1_41' title="bbox 635 2537 2171 2615">
     <span class='ocr_line' id='line_1_41' title="bbox 635 2537 2171 2615; baseline 0.007 -22"><span class='ocrx_word' id='word_1_292' title='bbox 635 2537 726 2594; x_wconf 89' lang='lat'><strong>98.</strong></span> <span class='ocrx_word' id='word_1_293' title='bbox 770 2538 977 2595; x_wconf 89' lang='lat' dir='ltr'><strong>Obtulit</strong></span> <span class='ocrx_word' id='word_1_294' title='bbox 1023 2541 1243 2611; x_wconf 83' lang='lat' dir='ltr'><strong>quidem</strong></span> <span class='ocrx_word' id='word_1_295' title='bbox 1285 2543 1454 2599; x_wconf 89' lang='lat' dir='ltr'><strong>lilium</strong></span> <span class='ocrx_word' id='word_1_296' title='bbox 1499 2554 1673 2615; x_wconf 90' lang='lat' dir='ltr'><strong>pater,</strong></span> <span class='ocrx_word' id='word_1_297' title='bbox 1721 2546 1815 2602; x_wconf 90' lang='lat' dir='ltr'><strong>sed</strong></span> <span class='ocrx_word' id='word_1_298' title='bbox 1864 2548 2002 2603; x_wconf 87' lang='lat' dir='ltr'><strong>Deus</strong></span> <span class='ocrx_word' id='word_1_299' title='bbox 2053 2556 2171 2604; x_wconf 86' lang='lat' dir='ltr'><strong>non&#39;</strong></span> 
     </span>
    </p>
   </div>
   <div class='ocr_carea' id='block_1_42' title="bbox 567 2632 2164 2714">
    <p class='ocr_par' dir='ltr' id='par_1_42' title="bbox 567 2632 2164 2714">
     <span class='ocr_line' id='line_1_42' title="bbox 567 2632 2164 2714; baseline 0.009 -27"><span class='ocrx_word' id='word_1_300' title='bbox 567 2632 856 2703; x_wconf 90' lang='lat' dir='ltr'><strong>sanguine,</strong></span> <span class='ocrx_word' id='word_1_301' title='bbox 897 2634 992 2690; x_wconf 91' lang='lat' dir='ltr'><strong>sed</strong></span> <span class='ocrx_word' id='word_1_302' title='bbox 1039 2636 1242 2706; x_wconf 89' lang='lat' dir='ltr'><strong>pietate</strong></span> <span class='ocrx_word' id='word_1_303' title='bbox 1275 2637 1539 2709; x_wconf 83' lang='lat' dir='ltr'><strong>placatur.</strong></span> <span class='ocrx_word' id='word_1_304' title='bbox 1596 2641 1764 2698; x_wconf 83' lang='lat' dir='ltr'><strong>Ovem</strong></span> <span class='ocrx_word' id='word_1_305' title='bbox 1806 2658 1904 2714; x_wconf 89' lang='lat' dir='ltr'><strong>pro</strong></span> <span class='ocrx_word' id='word_1_306' title='bbox 1944 2644 2164 2702; x_wconf 86' lang='lat' dir='ltr'><strong>homine</strong></span> 
     </span>
    </p>
   </div>
   <div class='ocr_carea' id='block_1_43' title="bbox 568 2714 2158 2805">
    <p class='ocr_par' dir='ltr' id='par_1_43' title="bbox 568 2714 2158 2805">
     <span class='ocr_line' id='line_1_43' title="bbox 568 2714 2158 2805; baseline 0.007 -24"><span class='ocrx_word' id='word_1_307' title='bbox 568 2714 961 2782; x_wconf 80' lang='lat' dir='ltr'><strong>demonstravit</strong></span> <span class='ocrx_word' id='word_1_308' title='bbox 997 2727 1052 2785; x_wconf 89' lang='lat' dir='ltr'><strong>iu</strong></span> <span class='ocrx_word' id='word_1_309' title='bbox 1085 2729 1264 2801; x_wconf 89' lang='lat' dir='ltr'><strong>ligno;</strong></span> <span class='ocrx_word' id='word_1_310' title='bbox 1301 2741 1359 2787; x_wconf 90' lang='lat' dir='ltr'><strong>ut</strong></span> <span class='ocrx_word' id='word_1_311' title='bbox 1402 2744 1458 2788; x_wconf 92' lang='lat' dir='ltr'><strong>et</strong></span> <span class='ocrx_word' id='word_1_312' title='bbox 1503 2734 1668 2789; x_wconf 91' lang='lat' dir='ltr'><strong>ﬁlium</strong></span> <span class='ocrx_word' id='word_1_313' title='bbox 1702 2736 1841 2805; x_wconf 87' lang='lat' dir='ltr'><strong>patri</strong></span> <span class='ocrx_word' id='word_1_314' title='bbox 1884 2736 2158 2804; x_wconf 89' lang='lat' dir='ltr'><strong>redderet,</strong></span> 
     </span>
    </p>
   </div>
   <div class='ocr_carea' id='block_1_44' title="bbox 569 2819 2160 2897">
    <p class='ocr_par' dir='ltr' id='par_1_44' title="bbox 569 2819 2160 2897">
     <span class='ocr_line' id='line_1_44' title="bbox 569 2819 2160 2897; baseline 0.007 -25"><span class='ocrx_word' id='word_1_315' title='bbox 569 2832 668 2872; x_wconf 90' lang='lat' dir='ltr'><strong>nec</strong></span> <span class='ocrx_word' id='word_1_316' title='bbox 699 2819 904 2888; x_wconf 81' lang='lat' dir='ltr'><strong>periret</strong></span> <span class='ocrx_word' id='word_1_317' title='bbox 948 2820 1128 2876; x_wconf 90' lang='lat' dir='ltr'><strong>hostia</strong></span> <span class='ocrx_word' id='word_1_318' title='bbox 1166 2825 1460 2879; x_wconf 88' lang='lat' dir='ltr'><strong>sacerdoti.</strong></span> <span class='ocrx_word' id='word_1_319' title='bbox 1513 2826 1701 2897; x_wconf 86' lang='lat' dir='ltr'><strong>Itaque</strong></span> <span class='ocrx_word' id='word_1_320' title='bbox 1748 2843 1849 2884; x_wconf 90' lang='lat' dir='ltr'><strong>nec</strong></span> <span class='ocrx_word' id='word_1_321' title='bbox 1887 2829 2160 2885; x_wconf 82' lang='lat' dir='ltr'><strong>Abraham</strong></span> 
     </span>
    </p>
   </div>
   <div class='ocr_carea' id='block_1_45' title="bbox 568 2910 2165 2981">
    <p class='ocr_par' dir='ltr' id='par_1_45' title="bbox 568 2910 2165 2981">
     <span class='ocr_line' id='line_1_45' title="bbox 568 2910 2165 2981; baseline 0.011 -20"><span class='ocrx_word' id='word_1_322' title='bbox 568 2910 860 2980; x_wconf 88' lang='lat' dir='ltr'><strong>parricidio</strong></span> <span class='ocrx_word' id='word_1_323' title='bbox 878 2922 1196 2970; x_wconf 88' lang='lat' dir='ltr'><strong>cruentatus</strong></span> <span class='ocrx_word' id='word_1_324' title='bbox 1226 2924 1330 2980; x_wconf 91' lang='lat' dir='ltr'><strong>est,</strong></span> <span class='ocrx_word' id='word_1_325' title='bbox 1363 2931 1465 2973; x_wconf 91' lang='lat' dir='ltr'><strong>nec</strong></span> <span class='ocrx_word' id='word_1_326' title='bbox 1490 2918 1628 2975; x_wconf 85' lang='lat' dir='ltr'><strong>Deus</strong></span> <span class='ocrx_word' id='word_1_327' title='bbox 1656 2920 1923 2981; x_wconf 79' lang='lat' dir='ltr'><strong>Sacriﬁcio</strong></span> <span class='ocrx_word' id='word_1_328' title='bbox 1950 2922 2165 2979; x_wconf 83' lang='lat' dir='ltr'><strong>defrau-</strong></span> 
     </span>
    </p>
   </div>
   <div class='ocr_carea' id='block_1_46' title="bbox 569 2999 2165 3080">
    <p class='ocr_par' dir='ltr' id='par_1_46' title="bbox 569 2999 2165 3080">
     <span class='ocr_line' id='line_1_46' title="bbox 569 2999 2165 3080; baseline 0.011 -27"><span class='ocrx_word' id='word_1_329' title='bbox 569 2999 747 3055; x_wconf 87' lang='lat' dir='ltr'><strong>datus.</strong></span> <span class='ocrx_word' id='word_1_330' title='bbox 780 3001 926 3058; x_wconf 79' lang='lat' dir='ltr'><strong>Vidit</strong></span> <span class='ocrx_word' id='word_1_331' title='bbox 955 3007 1240 3075; x_wconf 86' lang='lat' dir='ltr'><strong>propheta,</strong></span> <span class='ocrx_word' id='word_1_332' title='bbox 1272 3020 1372 3061; x_wconf 90' lang='lat' dir='ltr'><strong>nec</strong></span> <span class='ocrx_word' id='word_1_333' title='bbox 1399 3007 2030 3080; x_wconf 82' lang='lat' dir='ltr'><strong>aﬂ&#39;ectavitjactantiam,</strong></span> <span class='ocrx_word' id='word_1_334' title='bbox 2065 3032 2165 3071; x_wconf 92' lang='lat' dir='ltr'><strong>nec</strong></span> 
     </span>
    </p>
   </div>
   <div class='ocr_carea' id='block_1_47' title="bbox 567 3093 2165 3175">
    <p class='ocr_par' dir='ltr' id='par_1_47' title="bbox 567 3093 2165 3175">
     <span class='ocr_line' id='line_1_47' title="bbox 567 3093 2165 3175; baseline 0.009 -28"><span class='ocrx_word' id='word_1_335' title='bbox 567 3093 743 3147; x_wconf 89' lang='lat' dir='ltr'><strong>tenuit</strong></span> <span class='ocrx_word' id='word_1_336' title='bbox 770 3095 1116 3163; x_wconf 86' lang='lat' dir='ltr'><strong>pertinaciam</strong></span> <span class='ocrx_word' id='word_1_337' title='bbox 1156 3116 1168 3151; x_wconf 94' lang='lat'><strong>:</strong></span> <span class='ocrx_word' id='word_1_338' title='bbox 1195 3112 1354 3152; x_wconf 92' lang='lat' dir='ltr'><strong>ovem</strong></span> <span class='ocrx_word' id='word_1_339' title='bbox 1388 3115 1484 3168; x_wconf 88' lang='lat' dir='ltr'><strong>pro</strong></span> <span class='ocrx_word' id='word_1_340' title='bbox 1512 3100 1734 3157; x_wconf 86' lang='lat' dir='ltr'><strong>homine</strong></span> <span class='ocrx_word' id='word_1_341' title='bbox 1761 3106 2014 3160; x_wconf 85' lang='lat' dir='ltr'><strong>mutavit.</strong></span> <span class='ocrx_word' id='word_1_342' title='bbox 2046 3106 2165 3175; x_wconf 85' lang='lat' dir='ltr'><strong>Quo</strong></span> 
     </span>
    </p>
   </div>
   <div class='ocr_carea' id='block_1_48' title="bbox 2263 1887 3886 1959">
    <p class='ocr_par' dir='ltr' id='par_1_48' title="bbox 2263 1887 3886 1959">
     <span class='ocr_line' id='line_1_48' title="bbox 2263 1887 3886 1959; baseline -0.002 -13"><span class='ocrx_word' id='word_1_343' title='bbox 2263 1891 2524 1947; x_wconf 86' lang='lat' dir='ltr'><strong>factorum</strong></span> <span class='ocrx_word' id='word_1_344' title='bbox 2552 1891 2753 1947; x_wconf 90' lang='lat' dir='ltr'><strong>amictu</strong></span> <span class='ocrx_word' id='word_1_345' title='bbox 2782 1890 2955 1945; x_wconf 90' lang='lat' dir='ltr'><strong>sancti</strong></span> <span class='ocrx_word' id='word_1_346' title='bbox 2997 1888 3317 1959; x_wconf 73' lang='lat' dir='ltr'><strong>patriarcha:</strong></span> <span class='ocrx_word' id='word_1_347' title='bbox 3349 1887 3572 1958; x_wconf 88' lang='lat' dir='ltr'><strong>probata</strong></span> <span class='ocrx_word' id='word_1_348' title='bbox 3605 1888 3724 1943; x_wconf 88' lang='lat' dir='ltr'><strong>Deo</strong></span> <span class='ocrx_word' id='word_1_349' title='bbox 3750 1903 3886 1944; x_wconf 86' lang='lat' dir='ltr'><strong>suc-</strong></span> 
     </span>
    </p>
   </div>
   <div class='ocr_carea' id='block_1_49' title="bbox 2261 1983 3888 2060">
    <p class='ocr_par' dir='ltr' id='par_1_49' title="bbox 2261 1983 3888 2060">
     <span class='ocr_line' id='line_1_49' title="bbox 2261 1983 3888 2060; baseline -0.005 -12"><span class='ocrx_word' id='word_1_350' title='bbox 2261 1992 2436 2048; x_wconf 90' lang='lat' dir='ltr'><strong>cessio</strong></span> <span class='ocrx_word' id='word_1_351' title='bbox 2468 1993 2631 2046; x_wconf 81' lang='lat' dir='ltr'><strong>l‘ovet.</strong></span> <span class='ocrx_word' id='word_1_352' title='bbox 2680 1989 2895 2057; x_wconf 84' lang='lat' dir='ltr'><strong>Nolite,</strong></span> <span class='ocrx_word' id='word_1_353' title='bbox 2928 1988 3131 2060; x_wconf 90' lang='lat' dir='ltr'><strong>inquit,</strong></span> <span class='ocrx_word' id='word_1_354' title='bbox 3179 1986 3394 2052; x_wconf 79' lang='lat' dir='ltr'><strong>seduci,</strong></span> <span class='ocrx_word' id='word_1_355' title='bbox 3440 1983 3584 2039; x_wconf 85' lang='lat' dir='ltr'><strong>Deus</strong></span> <span class='ocrx_word' id='word_1_356' title='bbox 3621 2002 3731 2039; x_wconf 82' lang='lat' dir='ltr'><strong>non</strong></span> <span class='ocrx_word' id='word_1_357' title='bbox 3783 1986 3888 2040; x_wconf 82' lang='lat' dir='ltr'><strong>de-</strong></span> 
     </span>
    </p>
   </div>
   <div class='ocr_carea' id='block_1_50' title="bbox 2263 2067 3486 2156">
    <p class='ocr_par' dir='ltr' id='par_1_50' title="bbox 2263 2067 3486 2156">
     <span class='ocr_line' id='line_1_50' title="bbox 2263 2067 3486 2156; baseline -0.005 -19"><span class='ocrx_word' id='word_1_358' title='bbox 2263 2087 2460 2140; x_wconf 83' lang='lat' dir='ltr'><strong>ridetur</strong></span> <span class='ocrx_word' id='word_1_359' title='bbox 2490 2083 2688 2156; x_wconf 83' lang='lat' dir='ltr'><strong>(Galat.</strong></span> <span class='ocrx_word' id='word_1_360' title='bbox 2718 2098 2791 2148; x_wconf 90' lang='lat' dir='ltr'><strong>vt,</strong></span> <span class='ocrx_word' id='word_1_361' title='bbox 2823 2081 2905 2155; x_wconf 85' lang='lat'><strong>7).</strong></span> <span class='ocrx_word' id='word_1_362' title='bbox 3483 2067 3486 2071; x_wconf 62' lang='grc'><strong>’</strong></span> 
     </span>
    </p>
   </div>
   <div class='ocr_carea' id='block_1_51' title="bbox 2337 2164 3886 2246">
    <p class='ocr_par' dir='ltr' id='par_1_51' title="bbox 2337 2164 3886 2246">
     <span class='ocr_line' id='line_1_51' title="bbox 2337 2164 3886 2246; baseline -0.006 -14"><span class='ocrx_word' id='word_1_363' title='bbox 2337 2177 2461 2233; x_wconf 82' lang='grc' dir='ltr'><strong>1οΞ.</strong></span> <span class='ocrx_word' id='word_1_364' title='bbox 2503 2176 2855 2232; x_wconf 87' lang='lat' dir='ltr'><strong>Advertimus</strong></span> <span class='ocrx_word' id='word_1_365' title='bbox 2890 2164 3247 2246; x_wconf 38' lang='lat' dir='ltr'><strong>quam-grave</strong></span> <span class='ocrx_word' id='word_1_366' title='bbox 3290 2171 3363 2226; x_wconf 91' lang='lat' dir='ltr'><strong>sit</strong></span> <span class='ocrx_word' id='word_1_367' title='bbox 3390 2169 3745 2239; x_wconf 86' lang='lat' dir='ltr'><strong>sacrilegium</strong></span> <span class='ocrx_word' id='word_1_368' title='bbox 3791 2184 3886 2224; x_wconf 82' lang='lat' dir='ltr'><strong>rc-</strong></span> 
     </span>
    </p>
   </div>
   <div class='ocr_carea' id='block_1_52' title="bbox 2262 2264 3878 2337">
    <p class='ocr_par' dir='ltr' id='par_1_52' title="bbox 2262 2264 3878 2337">
     <span class='ocr_line' id='line_1_52' title="bbox 2262 2264 3878 2337; baseline -0.01 -5"><span class='ocrx_word' id='word_1_369' title='bbox 2262 2276 2660 2333; x_wconf 88' lang='lat' dir='ltr'><strong>surrectionem</strong></span> <span class='ocrx_word' id='word_1_370' title='bbox 2690 2288 2796 2328; x_wconf 93' lang='lat' dir='ltr'><strong>non</strong></span> <span class='ocrx_word' id='word_1_371' title='bbox 2819 2272 3079 2337; x_wconf 90' lang='lat' dir='ltr'><strong>credere;</strong></span> <span class='ocrx_word' id='word_1_372' title='bbox 3112 2269 3157 2324; x_wconf 92' lang='lat' dir='ltr'><strong>si</strong></span> <span class='ocrx_word' id='word_1_373' title='bbox 3186 2269 3333 2324; x_wconf 91' lang='lat' dir='ltr'><strong>enim</strong></span> <span class='ocrx_word' id='word_1_374' title='bbox 3369 2280 3477 2322; x_wconf 93' lang='lat' dir='ltr'><strong>non</strong></span> <span class='ocrx_word' id='word_1_375' title='bbox 3507 2264 3878 2334; x_wconf 82' lang='lat' dir='ltr'><strong>resurgimus,</strong></span> 
     </span>
    </p>
   </div>
   <div class='ocr_carea' id='block_1_53' title="bbox 2262 2357 3879 2439">
    <p class='ocr_par' dir='ltr' id='par_1_53' title="bbox 2262 2357 3879 2439">
     <span class='ocr_line' id='line_1_53' title="bbox 2262 2357 3879 2439; baseline -0.008 -17"><span class='ocrx_word' id='word_1_376' title='bbox 2262 2383 2391 2439; x_wconf 88' lang='lat' dir='ltr'><strong>ergo</strong></span> <span class='ocrx_word' id='word_1_377' title='bbox 2416 2367 2670 2423; x_wconf 88' lang='lat' dir='ltr'><strong>Christus</strong></span> <span class='ocrx_word' id='word_1_378' title='bbox 2691 2365 2861 2436; x_wconf 88' lang='lat' dir='ltr'><strong>gratis</strong></span> <span class='ocrx_word' id='word_1_379' title='bbox 2887 2371 3134 2419; x_wconf 88' lang='lat' dir='ltr'><strong>mortuus</strong></span> <span class='ocrx_word' id='word_1_380' title='bbox 3173 2370 3279 2427; x_wconf 88' lang='lat' dir='ltr'><strong>est,</strong></span> <span class='ocrx_word' id='word_1_381' title='bbox 3313 2375 3443 2430; x_wconf 91' lang='lat' dir='ltr'><strong>ergo</strong></span> <span class='ocrx_word' id='word_1_382' title='bbox 3469 2357 3727 2413; x_wconf 86' lang='lat' dir='ltr'><strong>Christus</strong></span> <span class='ocrx_word' id='word_1_383' title='bbox 3762 2371 3879 2411; x_wconf 89' lang='lat' dir='ltr'><strong>non</strong></span> 
     </span>
    </p>
   </div>
   <div class='ocr_carea' id='block_1_54' title="bbox 2263 2449 3880 2529">
    <p class='ocr_par' dir='ltr' id='par_1_54' title="bbox 2263 2449 3880 2529">
     <span class='ocr_line' id='line_1_54' title="bbox 2263 2449 3880 2529; baseline -0.008 -14"><span class='ocrx_word' id='word_1_384' title='bbox 2263 2459 2502 2515; x_wconf 81' lang='lat' dir='ltr'><strong>surrexit</strong></span> <span class='ocrx_word' id='word_1_385' title='bbox 2530 2457 2587 2529; x_wconf 94' lang='lat' dir='ltr'><strong>(l</strong></span> <span class='ocrx_word' id='word_1_386' title='bbox 2623 2456 2745 2512; x_wconf 85' lang='lat' dir='ltr'><strong>Cor.</strong></span> <span class='ocrx_word' id='word_1_387' title='bbox 2788 2472 2882 2522; x_wconf 83' lang='lat' dir='ltr'><strong>xv,</strong></span> <span class='ocrx_word' id='word_1_388' title='bbox 2923 2453 3035 2526; x_wconf 79' lang='grc'><strong>15).</strong></span> <span class='ocrx_word' id='word_1_389' title='bbox 3067 2453 3122 2510; x_wconf 91' lang='lat' dir='ltr'><strong>Si</strong></span> <span class='ocrx_word' id='word_1_390' title='bbox 3151 2454 3298 2510; x_wconf 90' lang='lat' dir='ltr'><strong>enim</strong></span> <span class='ocrx_word' id='word_1_391' title='bbox 3349 2449 3507 2507; x_wconf 88' lang='lat' dir='ltr'><strong>nobis</strong></span> <span class='ocrx_word' id='word_1_392' title='bbox 3536 2463 3644 2504; x_wconf 90' lang='lat' dir='ltr'><strong>non</strong></span> <span class='ocrx_word' id='word_1_393' title='bbox 3678 2463 3880 2505; x_wconf 85' lang='lat' dir='ltr'><strong>resur-</strong></span> 
     </span>
    </p>
   </div>
   <div class='ocr_carea' id='block_1_55' title="bbox 2264 2544 3871 2620">
    <p class='ocr_par' dir='ltr' id='par_1_55' title="bbox 2264 2544 3871 2620">
     <span class='ocr_line' id='line_1_55' title="bbox 2264 2544 3871 2620; baseline -0.006 -13"><span class='ocrx_word' id='word_1_394' title='bbox 2264 2551 2427 2615; x_wconf 86' lang='lat' dir='ltr'><strong>rexit,</strong></span> <span class='ocrx_word' id='word_1_395' title='bbox 2456 2552 2643 2620; x_wconf 86' lang='lat' dir='ltr'><strong>utique</strong></span> <span class='ocrx_word' id='word_1_396' title='bbox 2676 2564 2782 2605; x_wconf 91' lang='lat' dir='ltr'><strong>non</strong></span> <span class='ocrx_word' id='word_1_397' title='bbox 2810 2548 3135 2615; x_wconf 82' lang='lat' dir='ltr'><strong>resurrexit,</strong></span> <span class='ocrx_word' id='word_1_398' title='bbox 3166 2546 3260 2618; x_wconf 91' lang='lat' dir='ltr'><strong>qui</strong></span> <span class='ocrx_word' id='word_1_399' title='bbox 3281 2544 3383 2601; x_wconf 88' lang='lat' dir='ltr'><strong>sibi</strong></span> <span class='ocrx_word' id='word_1_400' title='bbox 3410 2559 3509 2601; x_wconf 90' lang='lat' dir='ltr'><strong>cur</strong></span> <span class='ocrx_word' id='word_1_401' title='bbox 3530 2553 3871 2613; x_wconf 85' lang='lat' dir='ltr'><strong>resurgeret,</strong></span> 
     </span>
    </p>
   </div>
   <div class='ocr_carea' id='block_1_56' title="bbox 2265 2638 3870 2700">
    <p class='ocr_par' dir='ltr' id='par_1_56' title="bbox 2265 2638 3870 2700">
     <span class='ocr_line' id='line_1_56' title="bbox 2265 2638 3870 2700; baseline -0.005 -1"><span class='ocrx_word' id='word_1_402' title='bbox 2265 2659 2371 2700; x_wconf 90' lang='lat' dir='ltr'><strong>non</strong></span> <span class='ocrx_word' id='word_1_403' title='bbox 2404 2644 2655 2700; x_wconf 87' lang='lat' dir='ltr'><strong>habebat.</strong></span> <span class='ocrx_word' id='word_1_404' title='bbox 2685 2641 3069 2698; x_wconf 81' lang='lat' dir='ltr'><strong>Resurrexitin</strong></span> <span class='ocrx_word' id='word_1_405' title='bbox 3097 2655 3164 2696; x_wconf 90' lang='lat' dir='ltr'><strong>eo</strong></span> <span class='ocrx_word' id='word_1_406' title='bbox 3194 2639 3451 2700; x_wconf 84' lang='lat' dir='ltr'><strong>mundus,</strong></span> <span class='ocrx_word' id='word_1_407' title='bbox 3481 2638 3792 2694; x_wconf 80' lang='lat' dir='ltr'><strong>resurrexit</strong></span> <span class='ocrx_word' id='word_1_408' title='bbox 3818 2639 3870 2692; x_wconf 90' lang='lat' dir='ltr'><strong>in</strong></span> 
     </span>
    </p>
   </div>
   <div class='ocr_carea' id='block_1_57' title="bbox 2265 2731 3873 2805">
    <p class='ocr_par' dir='ltr' id='par_1_57' title="bbox 2265 2731 3873 2805">
     <span class='ocr_line' id='line_1_57' title="bbox 2265 2731 3873 2805; baseline -0.005 -11"><span class='ocrx_word' id='word_1_409' title='bbox 2265 2753 2332 2794; x_wconf 92' lang='lat' dir='ltr'><strong>eo</strong></span> <span class='ocrx_word' id='word_1_410' title='bbox 2356 2738 2579 2805; x_wconf 72' lang='lat' dir='ltr'><strong>caslum,</strong></span> <span class='ocrx_word' id='word_1_411' title='bbox 2610 2736 2908 2793; x_wconf 85' lang='lat' dir='ltr'><strong>resurrexit</strong></span> <span class='ocrx_word' id='word_1_412' title='bbox 2935 2736 2985 2790; x_wconf 92' lang='lat' dir='ltr'><strong>in</strong></span> <span class='ocrx_word' id='word_1_413' title='bbox 3013 2749 3082 2790; x_wconf 93' lang='lat' dir='ltr'><strong>eo</strong></span> <span class='ocrx_word' id='word_1_414' title='bbox 3110 2742 3291 2800; x_wconf 88' lang='lat' dir='ltr'><strong>terra;</strong></span> <span class='ocrx_word' id='word_1_415' title='bbox 3340 2733 3446 2789; x_wconf 93' lang='lat' dir='ltr'><strong>erit</strong></span> <span class='ocrx_word' id='word_1_416' title='bbox 3487 2731 3635 2787; x_wconf 89' lang='lat' dir='ltr'><strong>enim</strong></span> <span class='ocrx_word' id='word_1_417' title='bbox 3665 2731 3873 2787; x_wconf 77' lang='lat' dir='ltr'><strong>ctelum</strong></span> 
     </span>
    </p>
   </div>
   <div class='ocr_carea' id='block_1_58' title="bbox 2268 2824 3869 2902">
    <p class='ocr_par' dir='ltr' id='par_1_58' title="bbox 2268 2824 3869 2902">
     <span class='ocr_line' id='line_1_58' title="bbox 2268 2824 3869 2902; baseline -0.004 -16"><span class='ocrx_word' id='word_1_418' title='bbox 2268 2845 2465 2887; x_wconf 93' lang='lat' dir='ltr'><strong>novum</strong></span> <span class='ocrx_word' id='word_1_419' title='bbox 2493 2840 2549 2885; x_wconf 92' lang='lat' dir='ltr'><strong>et</strong></span> <span class='ocrx_word' id='word_1_420' title='bbox 2580 2840 2724 2885; x_wconf 89' lang='lat' dir='ltr'><strong>terra</strong></span> <span class='ocrx_word' id='word_1_421' title='bbox 2755 2842 2896 2884; x_wconf 91' lang='lat' dir='ltr'><strong>nova</strong></span> <span class='ocrx_word' id='word_1_422' title='bbox 2921 2828 3107 2902; x_wconf 88' lang='lat' dir='ltr'><strong>(Apoc.</strong></span> <span class='ocrx_word' id='word_1_423' title='bbox 3138 2842 3265 2893; x_wconf 83' lang='lat' dir='ltr'><strong>xxI,</strong></span> <span class='ocrx_word' id='word_1_424' title='bbox 3293 2824 3373 2897; x_wconf 94' lang='grc'><strong>1).</strong></span> <span class='ocrx_word' id='word_1_425' title='bbox 3407 2825 3524 2881; x_wconf 88' lang='lat' dir='ltr'><strong>Sibi</strong></span> <span class='ocrx_word' id='word_1_426' title='bbox 3552 2834 3735 2881; x_wconf 86' lang='lat' dir='ltr'><strong>autem</strong></span> <span class='ocrx_word' id='word_1_427' title='bbox 3779 2824 3869 2880; x_wconf 91' lang='lat' dir='ltr'><strong>ubi</strong></span> 
     </span>
    </p>
   </div>
   <div class='ocr_carea' id='block_1_59' title="bbox 2268 2917 3868 2990">
    <p class='ocr_par' dir='ltr' id='par_1_59' title="bbox 2268 2917 3868 2990">
     <span class='ocr_line' id='line_1_59' title="bbox 2268 2917 3868 2990; baseline -0.003 -11"><span class='ocrx_word' id='word_1_428' title='bbox 2268 2923 2710 2979; x_wconf 86' lang='lat' dir='ltr'><strong>eratnecessaria</strong></span> <span class='ocrx_word' id='word_1_429' title='bbox 2738 2922 3093 2986; x_wconf 86' lang='lat' dir='ltr'><strong>resurrectio,</strong></span> <span class='ocrx_word' id='word_1_430' title='bbox 3118 2934 3281 2990; x_wconf 92' lang='lat' dir='ltr'><strong>quem</strong></span> <span class='ocrx_word' id='word_1_431' title='bbox 3305 2919 3498 2974; x_wconf 88' lang='lat' dir='ltr'><strong>mortis</strong></span> <span class='ocrx_word' id='word_1_432' title='bbox 3514 2917 3730 2974; x_wconf 74' lang='lat' dir='ltr'><strong>vincula</strong></span> <span class='ocrx_word' id='word_1_433' title='bbox 3758 2934 3868 2974; x_wconf 90' lang='lat' dir='ltr'><strong>non</strong></span> 
     </span>
    </p>
   </div>
   <div class='ocr_carea' id='block_1_60' title="bbox 2269 3012 3864 3077">
    <p class='ocr_par' dir='ltr' id='par_1_60' title="bbox 2269 3012 3864 3077">
     <span class='ocr_line' id='line_1_60' title="bbox 2269 3012 3864 3077; baseline -0.004 -5"><span class='ocrx_word' id='word_1_434' title='bbox 2269 3016 2562 3073; x_wconf 89' lang='lat' dir='ltr'><strong>tenebant?</strong></span> <span class='ocrx_word' id='word_1_435' title='bbox 2606 3015 2741 3071; x_wconf 89' lang='lat' dir='ltr'><strong>Nam</strong></span> <span class='ocrx_word' id='word_1_436' title='bbox 2787 3014 2889 3071; x_wconf 89' lang='lat' dir='ltr'><strong>etsi</strong></span> <span class='ocrx_word' id='word_1_437' title='bbox 2921 3014 3222 3070; x_wconf 85' lang='lat' dir='ltr'><strong>secundum</strong></span> <span class='ocrx_word' id='word_1_438' title='bbox 3271 3012 3545 3069; x_wconf 89' lang='lat' dir='ltr'><strong>hominem</strong></span> <span class='ocrx_word' id='word_1_439' title='bbox 3595 3022 3864 3077; x_wconf 65' lang='lat' dir='ltr'><strong>mortuus,</strong></span> 
     </span>
    </p>
   </div>
   <div class='ocr_carea' id='block_1_61' title="bbox 2269 3104 3291 3180">
    <p class='ocr_par' dir='ltr' id='par_1_61' title="bbox 2269 3104 3291 3180">
     <span class='ocr_line' id='line_1_61' title="bbox 2269 3104 3291 3180; baseline -0.006 -15"><span class='ocrx_word' id='word_1_440' title='bbox 2269 3111 2323 3166; x_wconf 91' lang='lat' dir='ltr'><strong>in</strong></span> <span class='ocrx_word' id='word_1_441' title='bbox 2353 3112 2483 3180; x_wconf 90' lang='lat' dir='ltr'><strong>ipsis</strong></span> <span class='ocrx_word' id='word_1_442' title='bbox 2512 3120 2693 3166; x_wconf 90' lang='lat' dir='ltr'><strong>tamen</strong></span> <span class='ocrx_word' id='word_1_443' title='bbox 2719 3117 2840 3165; x_wconf 90' lang='lat' dir='ltr'><strong>erat</strong></span> <span class='ocrx_word' id='word_1_444' title='bbox 2876 3107 3017 3163; x_wconf 88' lang='lat' dir='ltr'><strong>liber</strong></span> <span class='ocrx_word' id='word_1_445' title='bbox 3043 3104 3291 3161; x_wconf 84' lang='lat' dir='ltr'><strong>infernis.</strong></span> 
     </span>
    </p>
   </div>
   <div class='ocr_carea' id='block_1_62' title="bbox 570 3175 3865 3272">
    <p class='ocr_par' dir='ltr' id='par_1_62' title="bbox 570 3175 3865 3272">
     <span class='ocr_line' id='line_1_62' title="bbox 570 3175 3865 3272; baseline 0.003 -31"><span class='ocrx_word' id='word_1_446' title='bbox 570 3187 744 3256; x_wconf 90' lang='lat' dir='ltr'><strong>magis</strong></span> <span class='ocrx_word' id='word_1_447' title='bbox 792 3187 1115 3256; x_wconf 89' lang='lat' dir='ltr'><strong>ostenditur,</strong></span> <span class='ocrx_word' id='word_1_448' title='bbox 1170 3206 1329 3261; x_wconf 88' lang='lat' dir='ltr'><strong>quam</strong></span> <span class='ocrx_word' id='word_1_449' title='bbox 1380 3193 1632 3263; x_wconf 86' lang='lat' dir='ltr'><strong>religiose</strong></span> <span class='ocrx_word' id='word_1_450' title='bbox 1673 3196 1956 3263; x_wconf 86' lang='lat' dir='ltr'><strong>obtulerit.</strong></span> <span class='ocrx_word' id='word_1_451' title='bbox 2003 3218 2163 3272; x_wconf 92' lang='lat' dir='ltr'><strong>quem</strong></span> <span class='ocrx_word' id='word_1_452' title='bbox 2195 3175 2240 3237; x_wconf 58' lang='grc' dir='ltr'><strong>(ἶ</strong></span> <span class='ocrx_word' id='word_1_453' title='bbox 2343 3175 2466 3257; x_wconf 78' lang='grc'><strong>105.</strong></span> <span class='ocrx_word' id='word_1_454' title='bbox 2512 3200 2604 3256; x_wconf 82' lang='lat' dir='ltr'><strong>Vis</strong></span> <span class='ocrx_word' id='word_1_455' title='bbox 2633 3201 2775 3256; x_wconf 85' lang='lat' dir='ltr'><strong>scire</strong></span> <span class='ocrx_word' id='word_1_456' title='bbox 2814 3213 2975 3270; x_wconf 90' lang='lat' dir='ltr'><strong>quam</strong></span> <span class='ocrx_word' id='word_1_457' title='bbox 2999 3197 3174 3254; x_wconf 85' lang='lat' dir='ltr'><strong>liber?</strong></span> <span class='ocrx_word' id='word_1_458' title='bbox 3204 3195 3401 3251; x_wconf 84' lang='lat' dir='ltr'><strong>Factus</strong></span> <span class='ocrx_word' id='word_1_459' title='bbox 3424 3213 3537 3251; x_wconf 89' lang='lat' dir='ltr'><strong>sum</strong></span> <span class='ocrx_word' id='word_1_460' title='bbox 3566 3197 3694 3253; x_wconf 82' lang='lat' dir='ltr'><strong>sicut</strong></span> <span class='ocrx_word' id='word_1_461' title='bbox 3714 3198 3865 3251; x_wconf 86' lang='lat' dir='ltr'><strong>homo</strong></span> 
     </span>
    </p>
   </div>
   <div class='ocr_carea' id='block_1_63' title="bbox 569 3278 2165 3353">
    <p class='ocr_par' dir='ltr' id='par_1_63' title="bbox 569 3278 2165 3353">
     <span class='ocr_line' id='line_1_63' title="bbox 569 3278 2165 3353; baseline 0.009 -21"><span class='ocrx_word' id='word_1_462' title='bbox 569 3286 677 3333; x_wconf 90' lang='lat' dir='ltr'><strong>tam</strong></span> <span class='ocrx_word' id='word_1_463' title='bbox 706 3278 945 3334; x_wconf 90' lang='lat' dir='ltr'><strong>libenter</strong></span> <span class='ocrx_word' id='word_1_464' title='bbox 971 3284 1196 3353; x_wconf 90' lang='lat' dir='ltr'><strong>recepit.</strong></span> <span class='ocrx_word' id='word_1_465' title='bbox 1229 3284 1292 3339; x_wconf 89' lang='lat' dir='ltr'><strong>Et</strong></span> <span class='ocrx_word' id='word_1_466' title='bbox 1321 3293 1375 3339; x_wconf 93' lang='lat' dir='ltr'><strong>tu</strong></span> <span class='ocrx_word' id='word_1_467' title='bbox 1403 3288 1448 3341; x_wconf 90' lang='lat' dir='ltr'><strong>si</strong></span> <span class='ocrx_word' id='word_1_468' title='bbox 1479 3288 1591 3343; x_wconf 93' lang='lat' dir='ltr'><strong>Deo</strong></span> <span class='ocrx_word' id='word_1_469' title='bbox 1621 3304 1819 3346; x_wconf 91' lang='lat' dir='ltr'><strong>munus</strong></span> <span class='ocrx_word' id='word_1_470' title='bbox 1850 3301 1998 3347; x_wconf 90' lang='lat' dir='ltr'><strong>tuum</strong></span> <span class='ocrx_word' id='word_1_471' title='bbox 2030 3294 2165 3349; x_wconf 68' lang='lat' dir='ltr'><strong>oﬁ‘e-</strong></span> 
     </span>
    </p>
   </div>
   <div class='ocr_carea' id='block_1_64' title="bbox 569 3373 2169 3441">
    <p class='ocr_par' dir='ltr' id='par_1_64' title="bbox 569 3373 2169 3441">
     <span class='ocr_line' id='line_1_64' title="bbox 569 3373 2169 3441; baseline 0.009 -14"><span class='ocrx_word' id='word_1_472' title='bbox 569 3382 683 3440; x_wconf 83' lang='lat' dir='ltr'><strong>ras,‘</strong></span> <span class='ocrx_word' id='word_1_473' title='bbox 713 3386 820 3427; x_wconf 91' lang='lat' dir='ltr'><strong>non</strong></span> <span class='ocrx_word' id='word_1_474' title='bbox 843 3373 1067 3429; x_wconf 90' lang='lat' dir='ltr'><strong>amittis.</strong></span> <span class='ocrx_word' id='word_1_475' title='bbox 1099 3374 1208 3432; x_wconf 90' lang='lat' dir='ltr'><strong>Sed</strong></span> <span class='ocrx_word' id='word_1_476' title='bbox 1238 3378 1392 3433; x_wconf 74' lang='lat' dir='ltr'><strong>avari</strong></span> <span class='ocrx_word' id='word_1_477' title='bbox 1422 3394 1627 3435; x_wconf 90' lang='lat' dir='ltr'><strong>sumus.</strong></span> <span class='ocrx_word' id='word_1_478' title='bbox 1665 3380 1808 3437; x_wconf 89' lang='lat' dir='ltr'><strong>Deus</strong></span> <span class='ocrx_word' id='word_1_479' title='bbox 1833 3385 2052 3440; x_wconf 91' lang='lat' dir='ltr'><strong>unicum</strong></span> <span class='ocrx_word' id='word_1_480' title='bbox 2078 3386 2169 3441; x_wconf 87' lang='lat' dir='ltr'><strong>Fi-</strong></span> 
     </span>
    </p>
   </div>
   <div class='ocr_carea' id='block_1_65' title="bbox 570 3465 2166 3551">
    <p class='ocr_par' dir='ltr' id='par_1_65' title="bbox 570 3465 2166 3551">
     <span class='ocr_line' id='line_1_65' title="bbox 570 3465 2166 3551; baseline 0.009 -31"><span class='ocrx_word' id='word_1_481' title='bbox 570 3465 703 3521; x_wconf 90' lang='lat' dir='ltr'><strong>lium</strong></span> <span class='ocrx_word' id='word_1_482' title='bbox 736 3467 898 3523; x_wconf 91' lang='lat' dir='ltr'><strong>morti</strong></span> <span class='ocrx_word' id='word_1_483' title='bbox 926 3482 1025 3539; x_wconf 90' lang='lat' dir='ltr'><strong>pro</strong></span> <span class='ocrx_word' id='word_1_484' title='bbox 1051 3469 1210 3526; x_wconf 92' lang='lat' dir='ltr'><strong>nobis</strong></span> <span class='ocrx_word' id='word_1_485' title='bbox 1255 3471 1452 3528; x_wconf 88' lang='lat' dir='ltr'><strong>obtulit</strong></span> <span class='ocrx_word' id='word_1_486' title='bbox 1497 3471 1677 3547; x_wconf 84' lang='lat' dir='ltr'><strong>(Rom.</strong></span> <span class='ocrx_word' id='word_1_487' title='bbox 1729 3492 1854 3542; x_wconf 83' lang='grc' dir='ltr'>νιιι,</span> <span class='ocrx_word' id='word_1_488' title='bbox 1906 3478 2024 3551; x_wconf 74' lang='grc'><strong>52),</strong></span> <span class='ocrx_word' id='word_1_489' title='bbox 2068 3496 2166 3536; x_wconf 92' lang='lat' dir='ltr'><strong>nos</strong></span> 
     </span>
    </p>
   </div>
   <div class='ocr_carea' id='block_1_66' title="bbox 570 3565 2168 3644">
    <p class='ocr_par' dir='ltr' id='par_1_66' title="bbox 570 3565 2168 3644">
     <span class='ocr_line' id='line_1_66' title="bbox 570 3565 2168 3644; baseline 0.008 -26"><span class='ocrx_word' id='word_1_490' title='bbox 570 3570 791 3618; x_wconf 87' lang='lat' dir='ltr'><strong>nostros</strong></span> <span class='ocrx_word' id='word_1_491' title='bbox 821 3576 1101 3634; x_wconf 81' lang='lat' dir='ltr'><strong>negamus.</strong></span> <span class='ocrx_word' id='word_1_492' title='bbox 1150 3565 1297 3621; x_wconf 86' lang='lat' dir='ltr'><strong>Vidit</strong></span> <span class='ocrx_word' id='word_1_493' title='bbox 1350 3566 1454 3623; x_wconf 91' lang='lat' dir='ltr'><strong>hoc</strong></span> <span class='ocrx_word' id='word_1_494' title='bbox 1502 3568 1799 3638; x_wconf 89' lang='lat' dir='ltr'><strong>Abraham,</strong></span> <span class='ocrx_word' id='word_1_495' title='bbox 1849 3582 1904 3627; x_wconf 91' lang='lat' dir='ltr'><strong>et</strong></span> <span class='ocrx_word' id='word_1_496' title='bbox 1947 3577 2168 3644; x_wconf 77' lang='lat' dir='ltr'><strong>agnovit</strong></span> 
     </span>
    </p>
   </div>
   <div class='ocr_carea' id='block_1_67' title="bbox 569 3657 2167 3734">
    <p class='ocr_par' dir='ltr' id='par_1_67' title="bbox 569 3657 2167 3734">
     <span class='ocr_line' id='line_1_67' title="bbox 569 3657 2167 3734; baseline 0.008 -23"><span class='ocrx_word' id='word_1_497' title='bbox 569 3657 911 3728; x_wconf 89' lang='lat' dir='ltr'><strong>mysterium,</strong></span> <span class='ocrx_word' id='word_1_498' title='bbox 943 3658 1177 3715; x_wconf 91' lang='lat' dir='ltr'><strong>salutem</strong></span> <span class='ocrx_word' id='word_1_499' title='bbox 1209 3660 1367 3717; x_wconf 88' lang='lat' dir='ltr'><strong>nobis</strong></span> <span class='ocrx_word' id='word_1_500' title='bbox 1395 3660 1447 3717; x_wconf 92' lang='lat' dir='ltr'><strong>in</strong></span> <span class='ocrx_word' id='word_1_501' title='bbox 1471 3663 1617 3734; x_wconf 91' lang='lat' dir='ltr'><strong>ligno</strong></span> <span class='ocrx_word' id='word_1_502' title='bbox 1640 3662 1878 3720; x_wconf 87' lang='lat' dir='ltr'><strong>futuram</strong></span> <span class='ocrx_word' id='word_1_503' title='bbox 1910 3684 1923 3720; x_wconf 88' lang='lat'><strong>:</strong></span> <span class='ocrx_word' id='word_1_504' title='bbox 1954 3682 2058 3723; x_wconf 91' lang='lat' dir='ltr'><strong>nec</strong></span> <span class='ocrx_word' id='word_1_505' title='bbox 2088 3669 2167 3722; x_wconf 89' lang='lat' dir='ltr'><strong>la-</strong></span> 
     </span>
    </p>
   </div>
   <div class='ocr_carea' id='block_1_68' title="bbox 570 3751 2167 3831">
    <p class='ocr_par' dir='ltr' id='par_1_68' title="bbox 570 3751 2167 3831">
     <span class='ocr_line' id='line_1_68' title="bbox 570 3751 2167 3831; baseline 0.007 -28"><span class='ocrx_word' id='word_1_506' title='bbox 570 3752 672 3806; x_wconf 91' lang='lat' dir='ltr'><strong>tuit</strong></span> <span class='ocrx_word' id='word_1_507' title='bbox 711 3751 763 3806; x_wconf 94' lang='lat' dir='ltr'><strong>in</strong></span> <span class='ocrx_word' id='word_1_508' title='bbox 792 3765 902 3806; x_wconf 92' lang='lat' dir='ltr'><strong>uno</strong></span> <span class='ocrx_word' id='word_1_509' title='bbox 932 3751 1237 3824; x_wconf 87' lang='lat' dir='ltr'><strong>eodemque</strong></span> <span class='ocrx_word' id='word_1_510' title='bbox 1264 3756 1536 3812; x_wconf 85' lang='lat' dir='ltr'><strong>sacriﬁcio</strong></span> <span class='ocrx_word' id='word_1_511' title='bbox 1566 3757 1714 3813; x_wconf 87' lang='lat' dir='ltr'><strong>aliud</strong></span> <span class='ocrx_word' id='word_1_512' title='bbox 1759 3773 1882 3815; x_wconf 88' lang='lat' dir='ltr'><strong>esse</strong></span> <span class='ocrx_word' id='word_1_513' title='bbox 1908 3761 2054 3831; x_wconf 91' lang='lat' dir='ltr'><strong>quod</strong></span> <span class='ocrx_word' id='word_1_514' title='bbox 2087 3763 2167 3815; x_wconf 91' lang='lat' dir='ltr'><strong>vi-</strong></span> 
     </span>
    </p>
   </div>
   <div class='ocr_carea' id='block_1_69' title="bbox 567 3842 1814 3921">
    <p class='ocr_par' dir='ltr' id='par_1_69' title="bbox 567 3842 1814 3921">
     <span class='ocr_line' id='line_1_69' title="bbox 567 3842 1814 3921; baseline 0.009 -24"><span class='ocrx_word' id='word_1_515' title='bbox 567 3844 791 3901; x_wconf 85' lang='lat' dir='ltr'><strong>deretur</strong></span> <span class='ocrx_word' id='word_1_516' title='bbox 819 3842 1025 3911; x_wconf 76' lang='lat' dir='ltr'><strong>offerri,</strong></span> <span class='ocrx_word' id='word_1_517' title='bbox 1054 3846 1198 3903; x_wconf 88' lang='lat' dir='ltr'><strong>aliud</strong></span> <span class='ocrx_word' id='word_1_518' title='bbox 1227 3848 1374 3917; x_wconf 86' lang='lat' dir='ltr'><strong>quod</strong></span> <span class='ocrx_word' id='word_1_519' title='bbox 1406 3861 1589 3921; x_wconf 87' lang='lat' dir='ltr'><strong>posset</strong></span> <span class='ocrx_word' id='word_1_520' title='bbox 1621 3851 1814 3908; x_wconf 91' lang='lat' dir='ltr'><strong>occidi.</strong></span> 
     </span>
    </p>
   </div>
   <div class='ocr_carea' id='block_1_70' title="bbox 638 3938 2165 4014">
    <p class='ocr_par' dir='ltr' id='par_1_70' title="bbox 638 3938 2165 4014">
     <span class='ocr_line' id='line_1_70' title="bbox 638 3938 2165 4014; baseline 0.008 -22"><span class='ocrx_word' id='word_1_521' title='bbox 638 3938 731 3994; x_wconf 86' lang='lat'><strong>99.</strong></span> <span class='ocrx_word' id='word_1_522' title='bbox 775 3938 1051 3996; x_wconf 88' lang='lat' dir='ltr'><strong>hnitemur</strong></span> <span class='ocrx_word' id='word_1_523' title='bbox 1080 3958 1211 4014; x_wconf 89' lang='lat' dir='ltr'><strong>ergo</strong></span> <span class='ocrx_word' id='word_1_524' title='bbox 1231 3944 1464 3999; x_wconf 66' lang='lat' dir='ltr'><strong>Abrahae</strong></span> <span class='ocrx_word' id='word_1_525' title='bbox 1485 3946 1856 4013; x_wconf 90' lang='lat' dir='ltr'><strong>devotionem,</strong></span> <span class='ocrx_word' id='word_1_526' title='bbox 1891 3947 2165 4005; x_wconf 83' lang='lat' dir='ltr'><strong>imitemur</strong></span> 
     </span>
    </p>
   </div>
   <div class='ocr_carea' id='block_1_71' title="bbox 567 4029 2165 4112">
    <p class='ocr_par' dir='ltr' id='par_1_71' title="bbox 567 4029 2165 4112">
     <span class='ocr_line' id='line_1_71' title="bbox 567 4029 2165 4112; baseline 0.008 -27"><span class='ocrx_word' id='word_1_527' title='bbox 567 4029 717 4085; x_wconf 86' lang='lat' dir='ltr'><strong>Isaac</strong></span> <span class='ocrx_word' id='word_1_528' title='bbox 746 4029 1065 4098; x_wconf 83' lang='lat' dir='ltr'><strong>bonitatem,</strong></span> <span class='ocrx_word' id='word_1_529' title='bbox 1099 4034 1375 4091; x_wconf 93' lang='lat' dir='ltr'><strong>imitemur</strong></span> <span class='ocrx_word' id='word_1_530' title='bbox 1400 4038 1800 4095; x_wconf 88' lang='lat' dir='ltr'><strong>castimoniam.</strong></span> <span class='ocrx_word' id='word_1_531' title='bbox 1835 4041 2020 4096; x_wconf 88' lang='lat' dir='ltr'><strong>Bonus</strong></span> <span class='ocrx_word' id='word_1_532' title='bbox 2050 4043 2165 4112; x_wconf 90' lang='lat' dir='ltr'><strong>pla-</strong></span> 
     </span>
    </p>
   </div>
   <div class='ocr_carea' id='block_1_72' title="bbox 571 4127 2163 4207">
    <p class='ocr_par' dir='ltr' id='par_1_72' title="bbox 571 4127 2163 4207">
     <span class='ocr_line' id='line_1_72' title="bbox 571 4127 2163 4207; baseline 0.007 -27"><span class='ocrx_word' id='word_1_533' title='bbox 571 4140 638 4181; x_wconf 91' lang='lat' dir='ltr'><strong>ne</strong></span> <span class='ocrx_word' id='word_1_534' title='bbox 670 4135 728 4182; x_wconf 91' lang='lat' dir='ltr'><strong>et</strong></span> <span class='ocrx_word' id='word_1_535' title='bbox 758 4127 988 4197; x_wconf 87' lang='lat' dir='ltr'><strong>pudicus</strong></span> <span class='ocrx_word' id='word_1_536' title='bbox 1016 4130 1114 4197; x_wconf 81' lang='lat' dir='ltr'><strong>vir,</strong></span> <span class='ocrx_word' id='word_1_537' title='bbox 1142 4130 1378 4187; x_wconf 89' lang='lat' dir='ltr'><strong>devotus</strong></span> <span class='ocrx_word' id='word_1_538' title='bbox 1425 4131 1559 4199; x_wconf 86' lang='lat' dir='ltr'><strong>Deo,</strong></span> <span class='ocrx_word' id='word_1_539' title='bbox 1604 4145 1789 4190; x_wconf 89' lang='lat' dir='ltr'><strong>castus</strong></span> <span class='ocrx_word' id='word_1_540' title='bbox 1835 4136 1993 4191; x_wconf 91' lang='lat' dir='ltr'><strong>uxori</strong></span> <span class='ocrx_word' id='word_1_541' title='bbox 2026 4153 2038 4190; x_wconf 93' lang='lat'>:</span> <span class='ocrx_word' id='word_1_542' title='bbox 2073 4137 2163 4207; x_wconf 90' lang='lat' dir='ltr'><strong>qui</strong></span> 
     </span>
    </p>
   </div>
   <div class='ocr_carea' id='block_1_73' title="bbox 567 4218 2162 4301">
    <p class='ocr_par' dir='ltr' id='par_1_73' title="bbox 567 4218 2162 4301">
     <span class='ocr_line' id='line_1_73' title="bbox 567 4218 2162 4301; baseline 0.008 -27"><span class='ocrx_word' id='word_1_543' title='bbox 567 4218 821 4290; x_wconf 90' lang='lat' dir='ltr'><strong>injuriam</strong></span> <span class='ocrx_word' id='word_1_544' title='bbox 849 4236 956 4278; x_wconf 92' lang='lat' dir='ltr'><strong>non</strong></span> <span class='ocrx_word' id='word_1_545' title='bbox 993 4224 1249 4288; x_wconf 89' lang='lat' dir='ltr'><strong>reddidit,</strong></span> <span class='ocrx_word' id='word_1_546' title='bbox 1298 4226 1715 4284; x_wconf 85' lang='lat' dir='ltr'><strong>excludentibus</strong></span> <span class='ocrx_word' id='word_1_547' title='bbox 1752 4229 1935 4295; x_wconf 84' lang='lat' dir='ltr'><strong>cessit,</strong></span> <span class='ocrx_word' id='word_1_548' title='bbox 1986 4230 2162 4301; x_wconf 79' lang='lat' dir='ltr'><strong>pumi-</strong></span> 
     </span>
    </p>
   </div>
   <div class='ocr_carea' id='block_1_74' title="bbox 567 4313 2158 4387">
    <p class='ocr_par' dir='ltr' id='par_1_74' title="bbox 567 4313 2158 4387">
     <span class='ocr_line' id='line_1_74' title="bbox 567 4313 2158 4387; baseline 0.006 -21"><span class='ocrx_word' id='word_1_549' title='bbox 567 4319 745 4368; x_wconf 92' lang='lat' dir='ltr'><strong>tentes</strong></span> <span class='ocrx_word' id='word_1_550' title='bbox 774 4313 997 4370; x_wconf 91' lang='lat' dir='ltr'><strong>eosdem</strong></span> <span class='ocrx_word' id='word_1_551' title='bbox 1025 4315 1262 4385; x_wconf 87' lang='lat' dir='ltr'><strong>recepit.</strong></span> <span class='ocrx_word' id='word_1_552' title='bbox 1306 4332 1406 4374; x_wconf 93' lang='lat' dir='ltr'><strong>nec</strong></span> <span class='ocrx_word' id='word_1_553' title='bbox 1437 4328 1725 4387; x_wconf 88' lang='lat' dir='ltr'><strong>protervus</strong></span> <span class='ocrx_word' id='word_1_554' title='bbox 1771 4322 2158 4385; x_wconf 63' lang='lat' dir='ltr'><strong>contumaciae,</strong></span> 
     </span>
    </p>
   </div>
   <div class='ocr_carea' id='block_1_75' title="bbox 577 4403 2158 4478">
    <p class='ocr_par' dir='ltr' id='par_1_75' title="bbox 577 4403 2158 4478">
     <span class='ocr_line' id='line_1_75' title="bbox 577 4403 2158 4478; baseline 0.006 -20"><span class='ocrx_word' id='word_1_555' title='bbox 577 4418 677 4459; x_wconf 92' lang='lat' dir='ltr'><strong>nec</strong></span> <span class='ocrx_word' id='word_1_556' title='bbox 706 4403 876 4460; x_wconf 87' lang='lat' dir='ltr'><strong>durus</strong></span> <span class='ocrx_word' id='word_1_557' title='bbox 902 4406 1112 4476; x_wconf 65' lang='lat' dir='ltr'><strong>gratiae.</strong></span> <span class='ocrx_word' id='word_1_558' title='bbox 1140 4406 1338 4462; x_wconf 89' lang='lat' dir='ltr'><strong>Litium</strong></span> <span class='ocrx_word' id='word_1_559' title='bbox 1380 4407 1637 4478; x_wconf 79' lang='lat' dir='ltr'><strong>fugitans,</strong></span> <span class='ocrx_word' id='word_1_560' title='bbox 1684 4426 1808 4465; x_wconf 92' lang='lat' dir='ltr'><strong>cum</strong></span> <span class='ocrx_word' id='word_1_561' title='bbox 1837 4411 2122 4467; x_wconf 89' lang='lat' dir='ltr'><strong>recederet</strong></span> <span class='ocrx_word' id='word_1_562' title='bbox 2146 4431 2158 4466; x_wconf 88' lang='lat'><strong>:</strong></span> 
     </span>
    </p>
   </div>
   <div class='ocr_carea' id='block_1_76' title="bbox 566 4494 2158 4572">
    <p class='ocr_par' dir='ltr' id='par_1_76' title="bbox 566 4494 2158 4572">
     <span class='ocr_line' id='line_1_76' title="bbox 566 4494 2158 4572; baseline 0.006 -21"><span class='ocrx_word' id='word_1_563' title='bbox 566 4494 740 4551; x_wconf 82' lang='lat' dir='ltr'><strong>facilis</strong></span> <span class='ocrx_word' id='word_1_564' title='bbox 786 4496 980 4562; x_wconf 69' lang='lat' dir='ltr'><strong>venite,</strong></span> <span class='ocrx_word' id='word_1_565' title='bbox 1030 4512 1155 4554; x_wconf 92' lang='lat' dir='ltr'><strong>cum</strong></span> <span class='ocrx_word' id='word_1_566' title='bbox 1209 4500 1521 4569; x_wconf 75' lang='lat' dir='ltr'><strong>reciperet:</strong></span> <span class='ocrx_word' id='word_1_567' title='bbox 1571 4501 1848 4572; x_wconf 81' lang='lat' dir='ltr'><strong>profusior</strong></span> <span class='ocrx_word' id='word_1_568' title='bbox 1891 4503 2158 4571; x_wconf 87' lang='lat' dir='ltr'><strong>bonitate,</strong></span> 
     </span>
    </p>
   </div>
   <div class='ocr_carea' id='block_1_77' title="bbox 568 4590 2165 4663">
    <p class='ocr_par' dir='ltr' id='par_1_77' title="bbox 568 4590 2165 4663">
     <span class='ocr_line' id='line_1_77' title="bbox 568 4590 2165 4663; baseline 0.005 -19"><span class='ocrx_word' id='word_1_569' title='bbox 568 4603 691 4644; x_wconf 84' lang='lat' dir='ltr'><strong>cum</strong></span> <span class='ocrx_word' id='word_1_570' title='bbox 720 4590 1048 4660; x_wconf 89' lang='lat' dir='ltr'><strong>ignosceret.</strong></span> <span class='ocrx_word' id='word_1_571' title='bbox 1073 4590 1364 4648; x_wconf 88' lang='lat' dir='ltr'><strong>Petebatur</strong></span> <span class='ocrx_word' id='word_1_572' title='bbox 1386 4593 1663 4649; x_wconf 84' lang='lat' dir='ltr'><strong>societatis</strong></span> <span class='ocrx_word' id='word_1_573' title='bbox 1681 4596 2042 4663; x_wconf 90' lang='lat' dir='ltr'><strong>consortium,</strong></span> <span class='ocrx_word' id='word_1_574' title='bbox 2072 4596 2165 4652; x_wconf 89' lang='lat' dir='ltr'><strong>ad-</strong></span> 
     </span>
    </p>
   </div>
   <div class='ocr_carea' id='block_1_78' title="bbox 563 4683 1428 4755">
    <p class='ocr_par' dir='ltr' id='par_1_78' title="bbox 563 4683 1428 4755">
     <span class='ocr_line' id='line_1_78' title="bbox 563 4683 1428 4755; baseline 0.007 -20"><span class='ocrx_word' id='word_1_575' title='bbox 563 4683 745 4753; x_wconf 83' lang='lat' dir='ltr'><strong>jnnxit</strong></span> <span class='ocrx_word' id='word_1_576' title='bbox 776 4684 1083 4740; x_wconf 90' lang='lat' dir='ltr'><strong>convivium</strong></span> <span class='ocrx_word' id='word_1_577' title='bbox 1114 4685 1428 4755; x_wconf 83' lang='lat' dir='ltr'><strong>voluptatis.</strong></span> 
     </span>
    </p>
   </div>
   <div class='ocr_carea' id='block_1_79' title="bbox 642 4774 2167 4852">
    <p class='ocr_par' dir='ltr' id='par_1_79' title="bbox 642 4774 2167 4852">
     <span class='ocr_line' id='line_1_79' title="bbox 642 4774 2167 4852; baseline 0.005 -23"><span class='ocrx_word' id='word_1_578' title='bbox 642 4775 765 4831; x_wconf 89' lang='grc'><strong>100.</strong></span> <span class='ocrx_word' id='word_1_579' title='bbox 804 4774 1091 4832; x_wconf 81' lang='lat' dir='ltr'><strong>imitemur</strong></span> <span class='ocrx_word' id='word_1_580' title='bbox 1118 4778 1283 4833; x_wconf 90' lang='lat' dir='ltr'><strong>etiam</strong></span> <span class='ocrx_word' id='word_1_581' title='bbox 1335 4778 1388 4833; x_wconf 92' lang='lat' dir='ltr'><strong>in</strong></span> <span class='ocrx_word' id='word_1_582' title='bbox 1430 4777 1594 4835; x_wconf 81' lang='lat' dir='ltr'><strong>Jacob</strong></span> <span class='ocrx_word' id='word_1_583' title='bbox 1629 4788 1815 4852; x_wconf 86' lang='lat' dir='ltr'><strong>typum</strong></span> <span class='ocrx_word' id='word_1_584' title='bbox 1841 4779 2063 4849; x_wconf 89' lang='lat' dir='ltr'><strong>Christi,</strong></span> <span class='ocrx_word' id='word_1_585' title='bbox 2095 4782 2167 4837; x_wconf 92' lang='lat' dir='ltr'><strong>sit</strong></span> 
     </span>
    </p>
   </div>
   <div class='ocr_carea' id='block_1_80' title="bbox 568 4867 2165 4942">
    <p class='ocr_par' dir='ltr' id='par_1_80' title="bbox 568 4867 2165 4942">
     <span class='ocr_line' id='line_1_80' title="bbox 568 4867 2165 4942; baseline 0.004 -20"><span class='ocrx_word' id='word_1_586' title='bbox 568 4867 687 4938; x_wconf 80' lang='lat' dir='ltr'><strong>ejus</strong></span> <span class='ocrx_word' id='word_1_587' title='bbox 736 4868 789 4923; x_wconf 94' lang='lat' dir='ltr'><strong>in</strong></span> <span class='ocrx_word' id='word_1_588' title='bbox 840 4868 998 4924; x_wconf 89' lang='lat' dir='ltr'><strong>nobis</strong></span> <span class='ocrx_word' id='word_1_589' title='bbox 1050 4869 1229 4942; x_wconf 88' lang='lat' dir='ltr'><strong>aliqua</strong></span> <span class='ocrx_word' id='word_1_590' title='bbox 1276 4869 1582 4927; x_wconf 88' lang='lat' dir='ltr'><strong>similitudo</strong></span> <span class='ocrx_word' id='word_1_591' title='bbox 1625 4870 1915 4929; x_wconf 86' lang='lat' dir='ltr'><strong>factorum.</strong></span> <span class='ocrx_word' id='word_1_592' title='bbox 1950 4874 2165 4929; x_wconf 90' lang='lat' dir='ltr'><strong>Erimus</strong></span> 
     </span>
    </p>
   </div>
   <div class='ocr_carea' id='block_1_81' title="bbox 566 4960 2161 5030">
    <p class='ocr_par' dir='ltr' id='par_1_81' title="bbox 566 4960 2161 5030">
     <span class='ocr_line' id='line_1_81' title="bbox 566 4960 2161 5030; baseline 0.003 -16"><span class='ocrx_word' id='word_1_593' title='bbox 566 4971 870 5030; x_wconf 86' lang='lat' dir='ltr'><strong>consortes,</strong></span> <span class='ocrx_word' id='word_1_594' title='bbox 926 4962 971 5017; x_wconf 90' lang='lat' dir='ltr'><strong>si</strong></span> <span class='ocrx_word' id='word_1_595' title='bbox 1028 4960 1287 5019; x_wconf 88' lang='lat' dir='ltr'><strong>fuerimus</strong></span> <span class='ocrx_word' id='word_1_596' title='bbox 1330 4964 1658 5022; x_wconf 89' lang='lat' dir='ltr'><strong>imitatores.</strong></span> <span class='ocrx_word' id='word_1_597' title='bbox 1703 4965 1854 5020; x_wconf 81' lang='lat' dir='ltr'><strong>Matri</strong></span> <span class='ocrx_word' id='word_1_598' title='bbox 1899 4965 2161 5030; x_wconf 85' lang='lat' dir='ltr'><strong>obedivit,</strong></span> 
     </span>
    </p>
   </div>
   <div class='ocr_carea' id='block_1_82' title="bbox 566 5050 2157 5123">
    <p class='ocr_par' dir='ltr' id='par_1_82' title="bbox 566 5050 2157 5123">
     <span class='ocr_line' id='line_1_82' title="bbox 566 5050 2157 5123; baseline 0.004 -18"><span class='ocrx_word' id='word_1_599' title='bbox 566 5050 718 5108; x_wconf 89' lang='lat' dir='ltr'><strong>fratri</strong></span> <span class='ocrx_word' id='word_1_600' title='bbox 749 5053 936 5119; x_wconf 89' lang='lat' dir='ltr'><strong>cessit,</strong></span> <span class='ocrx_word' id='word_1_601' title='bbox 979 5067 1172 5110; x_wconf 89' lang='lat' dir='ltr'><strong>socero</strong></span> <span class='ocrx_word' id='word_1_602' title='bbox 1207 5055 1450 5123; x_wconf 89' lang='lat' dir='ltr'><strong>servivit,</strong></span> <span class='ocrx_word' id='word_1_603' title='bbox 1499 5055 1804 5111; x_wconf 89' lang='lat' dir='ltr'><strong>mercedem</strong></span> <span class='ocrx_word' id='word_1_604' title='bbox 1853 5058 1921 5112; x_wconf 83' lang='lat' dir='ltr'><strong>de</strong></span> <span class='ocrx_word' id='word_1_605' title='bbox 1969 5057 2157 5122; x_wconf 89' lang='lat' dir='ltr'><strong>lucris,</strong></span> 
     </span>
    </p>
   </div>
   <div class='ocr_carea' id='block_1_83' title="bbox 567 5142 2156 5217">
    <p class='ocr_par' dir='ltr' id='par_1_83' title="bbox 567 5142 2156 5217">
     <span class='ocr_line' id='line_1_83' title="bbox 567 5142 2156 5217; baseline 0.002 -19"><span class='ocrx_word' id='word_1_606' title='bbox 567 5160 672 5199; x_wconf 90' lang='lat' dir='ltr'><strong>nou</strong></span> <span class='ocrx_word' id='word_1_607' title='bbox 705 5142 774 5198; x_wconf 91' lang='lat' dir='ltr'><strong>de</strong></span> <span class='ocrx_word' id='word_1_608' title='bbox 799 5144 977 5215; x_wconf 87' lang='lat' dir='ltr'><strong>gregis</strong></span> <span class='ocrx_word' id='word_1_609' title='bbox 1004 5143 1274 5201; x_wconf 90' lang='lat' dir='ltr'><strong>divisione</strong></span> <span class='ocrx_word' id='word_1_610' title='bbox 1301 5146 1570 5217; x_wconf 82' lang='lat' dir='ltr'><strong>qna-sivit.</strong></span> <span class='ocrx_word' id='word_1_611' title='bbox 1597 5146 1713 5201; x_wconf 84' lang='lat' dir='ltr'><strong>Non</strong></span> <span class='ocrx_word' id='word_1_612' title='bbox 1746 5162 1905 5203; x_wconf 86' lang='lat' dir='ltr'><strong>avara</strong></span> <span class='ocrx_word' id='word_1_613' title='bbox 1933 5147 2156 5215; x_wconf 85' lang='lat' dir='ltr'><strong>divisio,</strong></span> 
     </span>
    </p>
   </div>
   <div class='ocr_carea' id='block_1_84' title="bbox 563 5234 2154 5309">
    <p class='ocr_par' dir='ltr' id='par_1_84' title="bbox 563 5234 2154 5309">
     <span class='ocr_line' id='line_1_84' title="bbox 563 5234 2154 5309; baseline 0.006 -22"><span class='ocrx_word' id='word_1_614' title='bbox 563 5234 653 5290; x_wconf 88' lang='lat' dir='ltr'><strong>ubi</strong></span> <span class='ocrx_word' id='word_1_615' title='bbox 683 5234 943 5290; x_wconf 86' lang='lat' dir='ltr'><strong>lucrativa</strong></span> <span class='ocrx_word' id='word_1_616' title='bbox 969 5237 1165 5304; x_wconf 88' lang='lat' dir='ltr'><strong>portio.</strong></span> <span class='ocrx_word' id='word_1_617' title='bbox 1194 5235 1306 5292; x_wconf 88' lang='lat' dir='ltr'><strong>Nec</strong></span> <span class='ocrx_word' id='word_1_618' title='bbox 1328 5238 1414 5291; x_wconf 89' lang='lat' dir='ltr'><strong>illa</strong></span> <span class='ocrx_word' id='word_1_619' title='bbox 1443 5237 1616 5294; x_wconf 88' lang='lat' dir='ltr'><strong>otiosa</strong></span> <span class='ocrx_word' id='word_1_620' title='bbox 1641 5238 1985 5309; x_wconf 81' lang='lat' dir='ltr'><strong>signiﬁcatio,</strong></span> <span class='ocrx_word' id='word_1_621' title='bbox 2009 5241 2154 5296; x_wconf 91' lang='lat' dir='ltr'><strong>scala</strong></span> 
     </span>
    </p>
   </div>
   <div class='ocr_carea' id='block_1_85' title="bbox 640 5372 2163 5448">
    <p class='ocr_par' dir='ltr' id='par_1_85' title="bbox 640 5372 2163 5448">
     <span class='ocr_line' id='line_1_85' title="bbox 640 5372 2163 5448; baseline 0.003 -19"><span class='ocrx_word' id='word_1_622' title='bbox 640 5383 666 5412; x_wconf 79' lang='grc' dir='ltr'>ι</span> <span class='ocrx_word' id='word_1_623' title='bbox 707 5372 866 5448; x_wconf 61' lang='lat' dir='ltr'><strong>Rom.</strong></span> <span class='ocrx_word' id='word_1_624' title='bbox 895 5372 1036 5448; x_wconf 81' lang='lat' dir='ltr'><strong>edit.</strong></span> <span class='ocrx_word' id='word_1_625' title='bbox 1053 5416 1079 5448; x_wconf 16' lang='grc' dir='ltr'><strong>,γ</strong></span> <span class='ocrx_word' id='word_1_626' title='bbox 1095 5374 1186 5430; x_wconf 83' lang='lat' dir='ltr'><strong>sed</strong></span> <span class='ocrx_word' id='word_1_627' title='bbox 1223 5375 1479 5447; x_wconf 82' lang='lat' dir='ltr'><strong>ampliora</strong></span> <span class='ocrx_word' id='word_1_628' title='bbox 1505 5387 1761 5448; x_wconf 64' lang='lat' dir='ltr'><strong>prtecepta</strong></span> <span class='ocrx_word' id='word_1_629' title='bbox 1773 5393 1799 5448; x_wconf 63' lang='grc' dir='ltr'><em>έ</em></span> <span class='ocrx_word' id='word_1_630' title='bbox 1830 5378 2074 5448; x_wconf 67' lang='lat' dir='ltr'><strong>reliquae,</strong></span> <span class='ocrx_word' id='word_1_631' title='bbox 2099 5394 2163 5434; x_wconf 87' lang='lat' dir='ltr'><strong>ac</strong></span> 
     </span>
    </p>
   </div>
   <div class='ocr_carea' id='block_1_86' title="bbox 567 5444 2161 5521">
    <p class='ocr_par' dir='ltr' id='par_1_86' title="bbox 567 5444 2161 5521">
     <span class='ocr_line' id='line_1_86' title="bbox 567 5444 2161 5521; baseline 0.001 -18"><span class='ocrx_word' id='word_1_632' title='bbox 567 5461 750 5521; x_wconf 81' lang='lat' dir='ltr'><strong>ms_s._._</strong></span> <span class='ocrx_word' id='word_1_633' title='bbox 763 5444 855 5500; x_wconf 81' lang='lat' dir='ltr'><strong>sed</strong></span> <span class='ocrx_word' id='word_1_634' title='bbox 868 5445 1177 5521; x_wconf 64' lang='lat' dir='ltr'><strong>optabiliora</strong></span> <span class='ocrx_word' id='word_1_635' title='bbox 1200 5444 1452 5521; x_wconf 62' lang='lat' dir='ltr'><strong>praecepta</strong></span> <span class='ocrx_word' id='word_1_636' title='bbox 1473 5463 1491 5512; x_wconf 87' lang='lat'><strong>;</strong></span> <span class='ocrx_word' id='word_1_637' title='bbox 1513 5444 1701 5518; x_wconf 83' lang='lat' dir='ltr'><strong>Benig.</strong></span> <span class='ocrx_word' id='word_1_638' title='bbox 1726 5491 1740 5513; x_wconf 96' lang='lat'><strong>,</strong></span> <span class='ocrx_word' id='word_1_639' title='bbox 1761 5446 1863 5521; x_wconf 62' lang='lat' dir='ltr'><strong>Dei</strong></span> <span class='ocrx_word' id='word_1_640' title='bbox 1880 5444 2161 5521; x_wconf 71' lang='lat' dir='ltr'><strong>priecepta.</strong></span> 
     </span>
    </p>
   </div>
   <div class='ocr_carea' id='block_1_87' title="bbox 639 5516 2163 5591">
    <p class='ocr_par' dir='ltr' id='par_1_87' title="bbox 639 5516 2163 5591">
     <span class='ocr_line' id='line_1_87' title="bbox 639 5516 2163 5591; baseline 0.001 -17"><span class='ocrx_word' id='word_1_641' title='bbox 639 5516 668 5558; x_wconf 69' lang='grc' dir='ltr'>δ</span> <span class='ocrx_word' id='word_1_642' title='bbox 706 5516 962 5591; x_wconf 80' lang='lat' dir='ltr'><strong>Nonnulli</strong></span> <span class='ocrx_word' id='word_1_643' title='bbox 993 5532 1124 5573; x_wconf 88' lang='lat' dir='ltr'><strong>mss.</strong></span> <span class='ocrx_word' id='word_1_644' title='bbox 1148 5559 1163 5585; x_wconf 93' lang='lat'><strong>,</strong></span> <span class='ocrx_word' id='word_1_645' title='bbox 1195 5526 1242 5572; x_wconf 87' lang='lat' dir='ltr'><strong>et</strong></span> <span class='ocrx_word' id='word_1_646' title='bbox 1274 5518 1443 5587; x_wconf 86' lang='lat' dir='ltr'><strong>patrio</strong></span> <span class='ocrx_word' id='word_1_647' title='bbox 1478 5516 1755 5584; x_wconf 71' lang='lat' dir='ltr'><strong>percussus</strong></span> <span class='ocrx_word' id='word_1_648' title='bbox 1781 5516 1999 5588; x_wconf 71' lang='lat' dir='ltr'><strong>affectu,</strong></span> <span class='ocrx_word' id='word_1_649' title='bbox 2035 5516 2163 5591; x_wconf 71' lang='lat' dir='ltr'><strong>pene</strong></span> 
     </span>
    </p>
   </div>
   <div class='ocr_carea' id='block_1_88' title="bbox 566 5588 1007 5659">
    <p class='ocr_par' dir='ltr' id='par_1_88' title="bbox 566 5588 1007 5659">
     <span class='ocr_line' id='line_1_88' title="bbox 566 5588 1007 5659; baseline -0.014 -13"><span class='ocrx_word' id='word_1_650' title='bbox 566 5588 873 5659; x_wconf 81' lang='lat' dir='ltr'><strong>trepidavit,</strong></span> <span class='ocrx_word' id='word_1_651' title='bbox 898 5596 1007 5659; x_wconf 71' lang='lat' dir='ltr'><strong>etc.</strong></span> 
     </span>
    </p>
   </div>
   <div class='ocr_carea' id='block_1_89' title="bbox 639 5657 2164 5731">
    <p class='ocr_par' dir='ltr' id='par_1_89' title="bbox 639 5657 2164 5731">
     <span class='ocr_line' id='line_1_89' title="bbox 639 5657 2164 5731; baseline 0.003 -18"><span class='ocrx_word' id='word_1_652' title='bbox 639 5657 663 5700; x_wconf 65' lang='grc' dir='ltr'><strong>ὁ</strong></span> <span class='ocrx_word' id='word_1_653' title='bbox 707 5658 913 5714; x_wconf 84' lang='lat' dir='ltr'><strong>Eadem</strong></span> <span class='ocrx_word' id='word_1_654' title='bbox 945 5657 1107 5714; x_wconf 82' lang='lat' dir='ltr'><strong>Rom.</strong></span> <span class='ocrx_word' id='word_1_655' title='bbox 1135 5657 1272 5714; x_wconf 91' lang='lat' dir='ltr'><strong>edit.</strong></span> <span class='ocrx_word' id='word_1_656' title='bbox 1292 5699 1307 5724; x_wconf 94' lang='lat'><strong>,</strong></span> <span class='ocrx_word' id='word_1_657' title='bbox 1336 5668 1392 5713; x_wconf 86' lang='lat' dir='ltr'><strong>ut</strong></span> <span class='ocrx_word' id='word_1_658' title='bbox 1419 5659 1579 5731; x_wconf 80' lang='lat' dir='ltr'><strong>possit</strong></span> <span class='ocrx_word' id='word_1_659' title='bbox 1606 5660 1749 5714; x_wconf 80' lang='lat' dir='ltr'><strong>nobis</strong></span> <span class='ocrx_word' id='word_1_660' title='bbox 1775 5663 1967 5716; x_wconf 80' lang='lat' dir='ltr'><strong>servari</strong></span> <span class='ocrx_word' id='word_1_661' title='bbox 2000 5662 2164 5718; x_wconf 87' lang='lat' dir='ltr'><strong>dilec-</strong></span> 
     </span>
    </p>
   </div>
   <div class='ocr_carea' id='block_1_90' title="bbox 568 5730 2161 5801">
    <p class='ocr_par' dir='ltr' id='par_1_90' title="bbox 568 5730 2161 5801">
     <span class='ocr_line' id='line_1_90' title="bbox 568 5730 2161 5801; baseline 0.003 -16"><span class='ocrx_word' id='word_1_662' title='bbox 568 5738 650 5785; x_wconf 73' lang='lat' dir='ltr'><strong>tus</strong></span> <span class='ocrx_word' id='word_1_663' title='bbox 672 5739 828 5801; x_wconf 37' lang='lat' dir='ltr'><strong>avet,</strong></span> <span class='ocrx_word' id='word_1_664' title='bbox 859 5737 1061 5801; x_wconf 74' lang='lat' dir='ltr'><strong>autem,</strong></span> <span class='ocrx_word' id='word_1_665' title='bbox 1093 5742 1157 5783; x_wconf 91' lang='lat' dir='ltr'><strong>ac</strong></span> <span class='ocrx_word' id='word_1_666' title='bbox 1180 5743 1332 5785; x_wconf 81' lang='lat' dir='ltr'><strong>.mss.</strong></span> <span class='ocrx_word' id='word_1_667' title='bbox 1370 5730 1609 5785; x_wconf 80' lang='lat' dir='ltr'><strong>invicem</strong></span> <span class='ocrx_word' id='word_1_668' title='bbox 1641 5733 2026 5800; x_wconf 81' lang='lat' dir='ltr'><strong>consentiunt,</strong></span> <span class='ocrx_word' id='word_1_669' title='bbox 2057 5735 2161 5790; x_wconf 91' lang='lat' dir='ltr'><strong>nisi</strong></span> 
     </span>
    </p>
   </div>
   <div class='ocr_carea' id='block_1_91' title="bbox 570 5794 2159 5869">
    <p class='ocr_par' dir='ltr' id='par_1_91' title="bbox 570 5794 2159 5869">
     <span class='ocr_line' id='line_1_91' title="bbox 570 5794 2159 5869; baseline 0.008 -22"><span class='ocrx_word' id='word_1_670' title='bbox 570 5794 710 5863; x_wconf 80' lang='lat' dir='ltr'><strong>quod</strong></span> <span class='ocrx_word' id='word_1_671' title='bbox 740 5794 846 5849; x_wconf 63' lang='lat' dir='ltr'><strong>illa:</strong></span> <span class='ocrx_word' id='word_1_672' title='bbox 874 5794 1188 5863; x_wconf 79' lang='lat' dir='ltr'><strong>pra-ferunt,</strong></span> <span class='ocrx_word' id='word_1_673' title='bbox 1219 5813 1313 5852; x_wconf 77' lang='lat' dir='ltr'><strong>nos</strong></span> <span class='ocrx_word' id='word_1_674' title='bbox 1343 5802 1556 5869; x_wconf 79' lang='lat' dir='ltr'><strong>servari,</strong></span> <span class='ocrx_word' id='word_1_675' title='bbox 1585 5801 1674 5856; x_wconf 77' lang='lat' dir='ltr'><strong>ubi</strong></span> <span class='ocrx_word' id='word_1_676' title='bbox 1714 5815 1813 5857; x_wconf 82' lang='lat' dir='ltr'><strong>nos</strong></span> <span class='ocrx_word' id='word_1_677' title='bbox 1840 5812 1962 5857; x_wconf 83' lang='lat' dir='ltr'><strong>cum</strong></span> <span class='ocrx_word' id='word_1_678' title='bbox 1992 5794 2122 5858; x_wconf 61' lang='lat' dir='ltr'><strong>mss.</strong></span> <span class='ocrx_word' id='word_1_679' title='bbox 2147 5837 2159 5859; x_wconf 71' lang='grc' dir='ltr'><em>ι</em></span> 
     </span>
    </p>
   </div>
   <div class='ocr_carea' id='block_1_92' title="bbox 2269 3286 3863 3366">
    <p class='ocr_par' dir='ltr' id='par_1_92' title="bbox 2269 3286 3863 3366">
     <span class='ocr_line' id='line_1_92' title="bbox 2269 3286 3863 3366; baseline -0.005 -18"><span class='ocrx_word' id='word_1_680' title='bbox 2269 3295 2381 3349; x_wconf 86' lang='lat' dir='ltr'><strong>sine</strong></span> <span class='ocrx_word' id='word_1_681' title='bbox 2401 3292 2687 3366; x_wconf 87' lang='lat' dir='ltr'><strong>adjutorio,</strong></span> <span class='ocrx_word' id='word_1_682' title='bbox 2728 3291 2863 3345; x_wconf 87' lang='lat' dir='ltr'><strong>inter</strong></span> <span class='ocrx_word' id='word_1_683' title='bbox 2884 3300 3114 3344; x_wconf 86' lang='lat' dir='ltr'><strong>mortuos</strong></span> <span class='ocrx_word' id='word_1_684' title='bbox 3142 3288 3270 3343; x_wconf 84' lang='lat' dir='ltr'><strong>liber</strong></span> <span class='ocrx_word' id='word_1_685' title='bbox 3297 3286 3473 3359; x_wconf 85' lang='lat' dir='ltr'><strong>(Psal.</strong></span> <span class='ocrx_word' id='word_1_686' title='bbox 3505 3303 3724 3343; x_wconf 81' lang='lat' dir='ltr'><strong>Lxxxvu</strong></span> <span class='ocrx_word' id='word_1_687' title='bbox 3741 3330 3756 3355; x_wconf 92' lang='lat'><strong>,</strong></span> <span class='ocrx_word' id='word_1_688' title='bbox 3774 3286 3863 3356; x_wconf 73' lang='lat'><strong>&#39;5).</strong></span> 
     </span>
    </p>
   </div>
   <div class='ocr_carea' id='block_1_93' title="bbox 2271 3380 3865 3455">
    <p class='ocr_par' dir='ltr' id='par_1_93' title="bbox 2271 3380 3865 3455">
     <span class='ocr_line' id='line_1_93' title="bbox 2271 3380 3865 3455; baseline -0.005 -13"><span class='ocrx_word' id='word_1_689' title='bbox 2271 3387 2337 3442; x_wconf 84' lang='lat' dir='ltr'><strong>Et</strong></span> <span class='ocrx_word' id='word_1_690' title='bbox 2362 3390 2500 3442; x_wconf 90' lang='lat' dir='ltr'><strong>bene</strong></span> <span class='ocrx_word' id='word_1_691' title='bbox 2529 3386 2685 3452; x_wconf 91' lang='lat' dir='ltr'><strong>liber,</strong></span> <span class='ocrx_word' id='word_1_692' title='bbox 2715 3384 2806 3455; x_wconf 93' lang='lat' dir='ltr'><strong>qui</strong></span> <span class='ocrx_word' id='word_1_693' title='bbox 2837 3398 2896 3439; x_wconf 88' lang='lat' dir='ltr'><strong>se</strong></span> <span class='ocrx_word' id='word_1_694' title='bbox 2941 3392 3153 3453; x_wconf 85' lang='lat' dir='ltr'><strong>poterat</strong></span> <span class='ocrx_word' id='word_1_695' title='bbox 3190 3381 3477 3447; x_wconf 89' lang='lat' dir='ltr'><strong>suscitare,</strong></span> <span class='ocrx_word' id='word_1_696' title='bbox 3522 3380 3675 3449; x_wconf 84' lang='lat' dir='ltr'><strong>juxta</strong></span> <span class='ocrx_word' id='word_1_697' title='bbox 3721 3380 3865 3450; x_wconf 86' lang='lat' dir='ltr'><strong>quod</strong></span> 
     </span>
    </p>
   </div>
   <div class='ocr_carea' id='block_1_94' title="bbox 2268 3473 3861 3552">
    <p class='ocr_par' dir='ltr' id='par_1_94' title="bbox 2268 3473 3861 3552">
     <span class='ocr_line' id='line_1_94' title="bbox 2268 3473 3861 3552; baseline -0.006 -14"><span class='ocrx_word' id='word_1_698' title='bbox 2268 3482 2529 3552; x_wconf 87' lang='lat' dir='ltr'><strong>scriptum</strong></span> <span class='ocrx_word' id='word_1_699' title='bbox 2558 3489 2643 3536; x_wconf 89' lang='lat' dir='ltr'><strong>est</strong></span> <span class='ocrx_word' id='word_1_700' title='bbox 2670 3498 2683 3533; x_wconf 87' lang='lat'><strong>:</strong></span> <span class='ocrx_word' id='word_1_701' title='bbox 2716 3479 2913 3534; x_wconf 85' lang='lat' dir='ltr'><strong>Solvite</strong></span> <span class='ocrx_word' id='word_1_702' title='bbox 2941 3478 3036 3532; x_wconf 83' lang='lat' dir='ltr'><strong>hoc</strong></span> <span class='ocrx_word' id='word_1_703' title='bbox 3083 3475 3346 3548; x_wconf 84' lang='lat' dir='ltr'><strong>templum,</strong></span> <span class='ocrx_word' id='word_1_704' title='bbox 3392 3484 3440 3527; x_wconf 82' lang='lat' dir='ltr'><strong>et</strong></span> <span class='ocrx_word' id='word_1_705' title='bbox 3483 3474 3537 3526; x_wconf 82' lang='lat' dir='ltr'><strong>in</strong></span> <span class='ocrx_word' id='word_1_706' title='bbox 3566 3473 3743 3527; x_wconf 86' lang='lat' dir='ltr'><strong>triduo</strong></span> <span class='ocrx_word' id='word_1_707' title='bbox 3784 3491 3861 3529; x_wconf 82' lang='lat' dir='ltr'><strong>re-</strong></span> 
     </span>
    </p>
   </div>
   <div class='ocr_carea' id='block_1_95' title="bbox 2269 3564 3866 3642">
    <p class='ocr_par' dir='ltr' id='par_1_95' title="bbox 2269 3564 3866 3642">
     <span class='ocr_line' id='line_1_95' title="bbox 2269 3564 3866 3642; baseline -0.003 -15"><span class='ocrx_word' id='word_1_708' title='bbox 2269 3572 2524 3627; x_wconf 83' lang='lat' dir='ltr'><strong>suscitabo</strong></span> <span class='ocrx_word' id='word_1_709' title='bbox 2548 3571 2681 3627; x_wconf 85' lang='lat' dir='ltr'><strong>illud</strong></span> <span class='ocrx_word' id='word_1_710' title='bbox 2706 3569 2887 3642; x_wconf 82' lang='lat' dir='ltr'><strong>(Joan.</strong></span> <span class='ocrx_word' id='word_1_711' title='bbox 2920 3585 2981 3633; x_wconf 90' lang='lat' dir='ltr'><strong>tt,</strong></span> <span class='ocrx_word' id='word_1_712' title='bbox 3005 3567 3117 3640; x_wconf 80' lang='grc'><strong>19).</strong></span> <span class='ocrx_word' id='word_1_713' title='bbox 3153 3567 3221 3622; x_wconf 86' lang='lat' dir='ltr'><strong>Et</strong></span> <span class='ocrx_word' id='word_1_714' title='bbox 3252 3566 3389 3623; x_wconf 86' lang='lat' dir='ltr'><strong>bene</strong></span> <span class='ocrx_word' id='word_1_715' title='bbox 3415 3564 3571 3627; x_wconf 86' lang='lat' dir='ltr'><strong>liber,</strong></span> <span class='ocrx_word' id='word_1_716' title='bbox 3603 3566 3696 3634; x_wconf 91' lang='lat' dir='ltr'><strong>qui</strong></span> <span class='ocrx_word' id='word_1_717' title='bbox 3725 3566 3866 3622; x_wconf 88' lang='lat' dir='ltr'><strong>alios</strong></span> 
     </span>
    </p>
   </div>
   <div class='ocr_carea' id='block_1_96' title="bbox 2269 3657 3865 3734">
    <p class='ocr_par' dir='ltr' id='par_1_96' title="bbox 2269 3657 3865 3734">
     <span class='ocr_line' id='line_1_96' title="bbox 2269 3657 3865 3734; baseline -0.006 -13"><span class='ocrx_word' id='word_1_718' title='bbox 2269 3665 2632 3722; x_wconf 90' lang='lat' dir='ltr'><strong>descenderat</strong></span> <span class='ocrx_word' id='word_1_719' title='bbox 2657 3663 3061 3734; x_wconf 87' lang='lat' dir='ltr'><strong>redempturus.</strong></span> <span class='ocrx_word' id='word_1_720' title='bbox 3082 3659 3279 3715; x_wconf 86' lang='lat' dir='ltr'><strong>Factus</strong></span> <span class='ocrx_word' id='word_1_721' title='bbox 3299 3669 3379 3715; x_wconf 83' lang='lat' dir='ltr'><strong>est</strong></span> <span class='ocrx_word' id='word_1_722' title='bbox 3406 3665 3587 3711; x_wconf 88' lang='lat' dir='ltr'><strong>autem</strong></span> <span class='ocrx_word' id='word_1_723' title='bbox 3604 3657 3865 3713; x_wconf 85' lang='lat' dir='ltr'><strong>sicutho-</strong></span> 
     </span>
    </p>
   </div>
   <div class='ocr_carea' id='block_1_97' title="bbox 2271 3750 3866 3828">
    <p class='ocr_par' dir='ltr' id='par_1_97' title="bbox 2271 3750 3866 3828">
     <span class='ocr_line' id='line_1_97' title="bbox 2271 3750 3866 3828; baseline -0.005 -13"><span class='ocrx_word' id='word_1_724' title='bbox 2271 3775 2382 3825; x_wconf 82' lang='lat' dir='ltr'><strong>Ino,</strong></span> <span class='ocrx_word' id='word_1_725' title='bbox 2404 3773 2510 3825; x_wconf 82' lang='lat' dir='ltr'><strong>non</strong></span> <span class='ocrx_word' id='word_1_726' title='bbox 2541 3757 2723 3828; x_wconf 91' lang='lat' dir='ltr'><strong>specie</strong></span> <span class='ocrx_word' id='word_1_727' title='bbox 2754 3753 3077 3826; x_wconf 90' lang='lat' dir='ltr'><strong>utique,sed</strong></span> <span class='ocrx_word' id='word_1_728' title='bbox 3091 3750 3633 3815; x_wconf 86' lang='lat' dir='ltr'><strong>veritateformatus;</strong></span> <span class='ocrx_word' id='word_1_729' title='bbox 3661 3752 3785 3821; x_wconf 89' lang='lat' dir='ltr'><strong>quia</strong></span> <span class='ocrx_word' id='word_1_730' title='bbox 3814 3761 3866 3807; x_wconf 89' lang='lat' dir='ltr'><strong>et</strong></span> 
     </span>
    </p>
   </div>
   <div class='ocr_carea' id='block_1_98' title="bbox 2272 3841 3863 3917">
    <p class='ocr_par' dir='ltr' id='par_1_98' title="bbox 2272 3841 3863 3917">
     <span class='ocr_line' id='line_1_98' title="bbox 2272 3841 3863 3917; baseline -0.005 -14"><span class='ocrx_word' id='word_1_731' title='bbox 2272 3850 2433 3905; x_wconf 91' lang='lat' dir='ltr'><strong>homo</strong></span> <span class='ocrx_word' id='word_1_732' title='bbox 2462 3858 2568 3914; x_wconf 90' lang='lat' dir='ltr'><strong>est,</strong></span> <span class='ocrx_word' id='word_1_733' title='bbox 2598 3857 2654 3902; x_wconf 79' lang='lat' dir='ltr'><strong>et</strong></span> <span class='ocrx_word' id='word_1_734' title='bbox 2683 3847 2806 3917; x_wconf 84' lang='lat' dir='ltr'><strong>quis</strong></span> <span class='ocrx_word' id='word_1_735' title='bbox 2831 3851 3125 3916; x_wconf 89' lang='lat' dir='ltr'><strong>cognoscet</strong></span> <span class='ocrx_word' id='word_1_736' title='bbox 3152 3842 3318 3898; x_wconf 83' lang='lat' dir='ltr'><strong>eum?</strong></span> <span class='ocrx_word' id='word_1_737' title='bbox 3350 3841 3560 3897; x_wconf 86' lang='lat' dir='ltr'><strong>Etenim</strong></span> <span class='ocrx_word' id='word_1_738' title='bbox 3602 3842 3657 3895; x_wconf 84' lang='lat' dir='ltr'><strong>in</strong></span> <span class='ocrx_word' id='word_1_739' title='bbox 3684 3842 3863 3895; x_wconf 85' lang='lat' dir='ltr'><strong>simili-</strong></span> 
     </span>
    </p>
   </div>
   <div class='ocr_carea' id='block_1_99' title="bbox 2267 3922 3858 4010">
    <p class='ocr_par' dir='ltr' id='par_1_99' title="bbox 2267 3922 3858 4010">
     <span class='ocr_line' id='line_1_99' title="bbox 2267 3922 3858 4010; baseline -0.005 -15"><span class='ocrx_word' id='word_1_740' title='bbox 2267 3941 2496 3996; x_wconf 86' lang='lat' dir='ltr'><strong>tudinem</strong></span> <span class='ocrx_word' id='word_1_741' title='bbox 2546 3941 2812 3995; x_wconf 81' lang='lat' dir='ltr'><strong>hominum</strong></span> <span class='ocrx_word' id='word_1_742' title='bbox 2841 3940 3030 4010; x_wconf 81' lang='lat' dir='ltr'><strong>factus,</strong></span> <span class='ocrx_word' id='word_1_743' title='bbox 3057 3947 3106 3989; x_wconf 89' lang='lat' dir='ltr'><strong>et</strong></span> <span class='ocrx_word' id='word_1_744' title='bbox 3131 3935 3303 4001; x_wconf 84' lang='lat' dir='ltr'><strong>specie</strong></span> <span class='ocrx_word' id='word_1_745' title='bbox 3330 3922 3569 3988; x_wconf 74' lang='lat' dir='ltr'><strong>iuventus</strong></span> <span class='ocrx_word' id='word_1_746' title='bbox 3592 3944 3646 3988; x_wconf 86' lang='lat' dir='ltr'><strong>ut</strong></span> <span class='ocrx_word' id='word_1_747' title='bbox 3688 3934 3858 4001; x_wconf 86' lang='lat' dir='ltr'><strong>homo,</strong></span> 
     </span>
    </p>
   </div>
   <div class='ocr_carea' id='block_1_100' title="bbox 2268 4027 3862 4100">
    <p class='ocr_par' dir='ltr' id='par_1_100' title="bbox 2268 4027 3862 4100">
     <span class='ocr_line' id='line_1_100' title="bbox 2268 4027 3862 4100; baseline -0.003 -15"><span class='ocrx_word' id='word_1_748' title='bbox 2268 4032 2563 4087; x_wconf 85' lang='lat' dir='ltr'><strong>humiliavit</strong></span> <span class='ocrx_word' id='word_1_749' title='bbox 2607 4032 2960 4100; x_wconf 85' lang='lat' dir='ltr'><strong>semetipsum,</strong></span> <span class='ocrx_word' id='word_1_750' title='bbox 2990 4031 3161 4100; x_wconf 79' lang='lat' dir='ltr'><strong>[actus</strong></span> <span class='ocrx_word' id='word_1_751' title='bbox 3183 4027 3425 4082; x_wconf 75' lang='lat' dir='ltr'><strong>obediens</strong></span> <span class='ocrx_word' id='word_1_752' title='bbox 3447 4042 3608 4097; x_wconf 83' lang='lat' dir='ltr'><strong>usque</strong></span> <span class='ocrx_word' id='word_1_753' title='bbox 3633 4029 3701 4080; x_wconf 85' lang='lat' dir='ltr'><strong>ad</strong></span> <span class='ocrx_word' id='word_1_754' title='bbox 3729 4042 3862 4081; x_wconf 58' lang='lat' dir='ltr'><strong>more</strong></span> 
     </span>
    </p>
   </div>
   <div class='ocr_carea' id='block_1_101' title="bbox 2268 4118 3856 4199">
    <p class='ocr_par' dir='ltr' id='par_1_101' title="bbox 2268 4118 3856 4199">
     <span class='ocr_line' id='line_1_101' title="bbox 2268 4118 3856 4199; baseline -0.003 -19"><span class='ocrx_word' id='word_1_755' title='bbox 2268 4136 2368 4181; x_wconf 86' lang='lat' dir='ltr'><strong>tem</strong></span> <span class='ocrx_word' id='word_1_756' title='bbox 2394 4125 2564 4199; x_wconf 83' lang='lat' dir='ltr'><strong>(Phil.</strong></span> <span class='ocrx_word' id='word_1_757' title='bbox 2599 4141 2666 4189; x_wconf 88' lang='lat' dir='ltr'><strong>ll,</strong></span> <span class='ocrx_word' id='word_1_758' title='bbox 2695 4126 2748 4188; x_wconf 87' lang='lat'><strong>7.</strong></span> <span class='ocrx_word' id='word_1_759' title='bbox 2773 4122 2866 4195; x_wconf 88' lang='lat'><strong>8);</strong></span> <span class='ocrx_word' id='word_1_760' title='bbox 2897 4132 2954 4177; x_wconf 94' lang='lat' dir='ltr'><strong>ut</strong></span> <span class='ocrx_word' id='word_1_761' title='bbox 2976 4136 3071 4192; x_wconf 90' lang='lat' dir='ltr'><strong>per</strong></span> <span class='ocrx_word' id='word_1_762' title='bbox 3102 4122 3247 4176; x_wconf 91' lang='lat' dir='ltr'><strong>illam</strong></span> <span class='ocrx_word' id='word_1_763' title='bbox 3271 4119 3482 4175; x_wconf 90' lang='lat' dir='ltr'><strong>scilicet</strong></span> <span class='ocrx_word' id='word_1_764' title='bbox 3502 4118 3856 4175; x_wconf 85' lang='lat' dir='ltr'><strong>obedientiam</strong></span> 
     </span>
    </p>
   </div>
   <div class='ocr_carea' id='block_1_102' title="bbox 2267 4213 3859 4291">
    <p class='ocr_par' dir='ltr' id='par_1_102' title="bbox 2267 4213 3859 4291">
     <span class='ocr_line' id='line_1_102' title="bbox 2267 4213 3859 4291; baseline -0.007 -15"><span class='ocrx_word' id='word_1_765' title='bbox 2267 4220 2385 4290; x_wconf 87' lang='lat' dir='ltr'><strong>ejus</strong></span> <span class='ocrx_word' id='word_1_766' title='bbox 2429 4220 2658 4291; x_wconf 88' lang='lat' dir='ltr'><strong>gloriam</strong></span> <span class='ocrx_word' id='word_1_767' title='bbox 2706 4216 3039 4279; x_wconf 86' lang='lat' dir='ltr'><strong>videremus,</strong></span> <span class='ocrx_word' id='word_1_768' title='bbox 3088 4214 3307 4286; x_wconf 84' lang='lat' dir='ltr'><strong>gloriam</strong></span> <span class='ocrx_word' id='word_1_769' title='bbox 3347 4213 3496 4283; x_wconf 86' lang='lat' dir='ltr'><strong>quasi</strong></span> <span class='ocrx_word' id='word_1_770' title='bbox 3540 4213 3786 4284; x_wconf 81' lang='lat' dir='ltr'><strong>unigeniti</strong></span> <span class='ocrx_word' id='word_1_771' title='bbox 3828 4230 3859 4265; x_wconf 89' lang='lat' dir='ltr'><strong>a</strong></span> 
     </span>
    </p>
   </div>
   <div class='ocr_carea' id='block_1_103' title="bbox 2268 4309 3855 4384">
    <p class='ocr_par' dir='ltr' id='par_1_103' title="bbox 2268 4309 3855 4384">
     <span class='ocr_line' id='line_1_103' title="bbox 2268 4309 3855 4384; baseline -0.004 -12"><span class='ocrx_word' id='word_1_772' title='bbox 2268 4315 2429 4372; x_wconf 87' lang='lat' dir='ltr'><strong>Patre</strong></span> <span class='ocrx_word' id='word_1_773' title='bbox 2467 4319 2491 4347; x_wconf 74' lang='lat'>°</span> <span class='ocrx_word' id='word_1_774' title='bbox 2523 4314 2823 4371; x_wconf 90' lang='lat' dir='ltr'><strong>secundum</strong></span> <span class='ocrx_word' id='word_1_775' title='bbox 2865 4313 3128 4370; x_wconf 79' lang='lat' dir='ltr'><strong>Joannem</strong></span> <span class='ocrx_word' id='word_1_776' title='bbox 3162 4320 3411 4368; x_wconf 91' lang='lat' dir='ltr'><strong>sanctum</strong></span> <span class='ocrx_word' id='word_1_777' title='bbox 3444 4309 3625 4384; x_wconf 82' lang='lat' dir='ltr'><strong>(Joau.</strong></span> <span class='ocrx_word' id='word_1_778' title='bbox 3666 4326 3714 4375; x_wconf 76' lang='grc' dir='ltr'><strong>ι,</strong></span> <span class='ocrx_word' id='word_1_779' title='bbox 3747 4309 3855 4379; x_wconf 62' lang='lat' dir='ltr'><strong>ll).</strong></span> 
     </span>
    </p>
   </div>
   <div class='ocr_carea' id='block_1_104' title="bbox 2268 4403 3858 4480">
    <p class='ocr_par' dir='ltr' id='par_1_104' title="bbox 2268 4403 3858 4480">
     <span class='ocr_line' id='line_1_104' title="bbox 2268 4403 3858 4480; baseline -0.006 -13"><span class='ocrx_word' id='word_1_780' title='bbox 2268 4411 2341 4467; x_wconf 88' lang='lat' dir='ltr'><strong>lta</strong></span> <span class='ocrx_word' id='word_1_781' title='bbox 2361 4410 2508 4467; x_wconf 90' lang='lat' dir='ltr'><strong>enim</strong></span> <span class='ocrx_word' id='word_1_782' title='bbox 2524 4410 2819 4480; x_wconf 76' lang='lat' dir='ltr'><strong>Scriptura:</strong></span> <span class='ocrx_word' id='word_1_783' title='bbox 2840 4407 3011 4479; x_wconf 82' lang='lat' dir='ltr'><strong>ﬁgura</strong></span> <span class='ocrx_word' id='word_1_784' title='bbox 3031 4415 3303 4471; x_wconf 83' lang='lat' dir='ltr'><strong>servatur.</strong></span> <span class='ocrx_word' id='word_1_785' title='bbox 3319 4414 3377 4461; x_wconf 91' lang='lat' dir='ltr'><strong>ut</strong></span> <span class='ocrx_word' id='word_1_786' title='bbox 3399 4413 3456 4461; x_wconf 89' lang='lat' dir='ltr'><strong>et</strong></span> <span class='ocrx_word' id='word_1_787' title='bbox 3477 4403 3731 4476; x_wconf 91' lang='lat' dir='ltr'><strong>unigeniti</strong></span> <span class='ocrx_word' id='word_1_788' title='bbox 3752 4405 3858 4474; x_wconf 91' lang='lat' dir='ltr'><strong>glo-</strong></span> 
     </span>
    </p>
   </div>
   <div class='ocr_carea' id='block_1_105' title="bbox 2272 4496 3852 4575">
    <p class='ocr_par' dir='ltr' id='par_1_105' title="bbox 2272 4496 3852 4575">
     <span class='ocr_line' id='line_1_105' title="bbox 2272 4496 3852 4575; baseline -0.006 -15"><span class='ocrx_word' id='word_1_789' title='bbox 2272 4506 2377 4571; x_wconf 91' lang='lat' dir='ltr'><strong>ria,</strong></span> <span class='ocrx_word' id='word_1_790' title='bbox 2403 4512 2461 4560; x_wconf 88' lang='lat' dir='ltr'><strong>et</strong></span> <span class='ocrx_word' id='word_1_791' title='bbox 2489 4502 2717 4575; x_wconf 87' lang='lat' dir='ltr'><strong>perfecti</strong></span> <span class='ocrx_word' id='word_1_792' title='bbox 2752 4502 2987 4557; x_wconf 88' lang='lat' dir='ltr'><strong>hominls</strong></span> <span class='ocrx_word' id='word_1_793' title='bbox 3026 4510 3220 4556; x_wconf 89' lang='lat' dir='ltr'><strong>natura</strong></span> <span class='ocrx_word' id='word_1_794' title='bbox 3260 4509 3514 4555; x_wconf 87' lang='lat' dir='ltr'><strong>servetur</strong></span> <span class='ocrx_word' id='word_1_795' title='bbox 3542 4499 3596 4553; x_wconf 91' lang='lat' dir='ltr'><strong>in</strong></span> <span class='ocrx_word' id='word_1_796' title='bbox 3627 4496 3852 4552; x_wconf 87' lang='lat' dir='ltr'><strong>Christo.</strong></span> 
     </span>
    </p>
   </div>
   <div class='ocr_carea' id='block_1_106' title="bbox 2344 4590 3850 4667">
    <p class='ocr_par' dir='ltr' id='par_1_106' title="bbox 2344 4590 3850 4667">
     <span class='ocr_line' id='line_1_106' title="bbox 2344 4590 3850 4667; baseline -0.006 -15"><span class='ocrx_word' id='word_1_797' title='bbox 2344 4597 2468 4654; x_wconf 82' lang='grc'><strong>101.</strong></span> <span class='ocrx_word' id='word_1_798' title='bbox 2537 4597 2724 4666; x_wconf 88' lang='lat' dir='ltr'><strong>Itaque</strong></span> <span class='ocrx_word' id='word_1_799' title='bbox 2775 4595 3022 4667; x_wconf 76' lang='lat' dir='ltr'><strong>adiutore</strong></span> <span class='ocrx_word' id='word_1_800' title='bbox 3076 4608 3186 4649; x_wconf 92' lang='lat' dir='ltr'><strong>non</strong></span> <span class='ocrx_word' id='word_1_801' title='bbox 3239 4592 3430 4664; x_wconf 91' lang='lat' dir='ltr'><strong>eguit:</strong></span> <span class='ocrx_word' id='word_1_802' title='bbox 3493 4604 3668 4662; x_wconf 88' lang='lat' dir='ltr'><strong>neque</strong></span> <span class='ocrx_word' id='word_1_803' title='bbox 3714 4590 3850 4644; x_wconf 84' lang='lat' dir='ltr'><strong>enim</strong></span> 
     </span>
    </p>
   </div>
   <div class='ocr_carea' id='block_1_107' title="bbox 2267 4681 3854 4764">
    <p class='ocr_par' dir='ltr' id='par_1_107' title="bbox 2267 4681 3854 4764">
     <span class='ocr_line' id='line_1_107' title="bbox 2267 4681 3854 4764; baseline -0.008 -16"><span class='ocrx_word' id='word_1_804' title='bbox 2267 4692 2439 4764; x_wconf 85' lang='lat' dir='ltr'><strong>eguit,</strong></span> <span class='ocrx_word' id='word_1_805' title='bbox 2471 4705 2597 4747; x_wconf 93' lang='lat' dir='ltr'><strong>cum</strong></span> <span class='ocrx_word' id='word_1_806' title='bbox 2641 4687 2845 4745; x_wconf 83' lang='lat' dir='ltr'><strong>faceret</strong></span> <span class='ocrx_word' id='word_1_807' title='bbox 2879 4686 3141 4742; x_wconf 91' lang='lat' dir='ltr'><strong>mundum</strong></span> <span class='ocrx_word' id='word_1_808' title='bbox 3170 4704 3185 4753; x_wconf 92' lang='lat'><strong>;</strong></span> <span class='ocrx_word' id='word_1_809' title='bbox 3231 4696 3290 4741; x_wconf 91' lang='lat' dir='ltr'><strong>ut</strong></span> <span class='ocrx_word' id='word_1_810' title='bbox 3331 4692 3539 4756; x_wconf 89' lang='lat' dir='ltr'><strong>egeret,</strong></span> <span class='ocrx_word' id='word_1_811' title='bbox 3566 4695 3685 4737; x_wconf 88' lang='lat' dir='ltr'><strong>cum</strong></span> <span class='ocrx_word' id='word_1_812' title='bbox 3713 4681 3854 4738; x_wconf 85' lang='lat' dir='ltr'><strong>redi-</strong></span> 
     </span>
    </p>
   </div>
   <div class='ocr_carea' id='block_1_108' title="bbox 2270 4773 3854 4851">
    <p class='ocr_par' dir='ltr' id='par_1_108' title="bbox 2270 4773 3854 4851">
     <span class='ocr_line' id='line_1_108' title="bbox 2270 4773 3854 4851; baseline -0.006 -14"><span class='ocrx_word' id='word_1_813' title='bbox 2270 4792 2462 4837; x_wconf 87' lang='lat' dir='ltr'><strong>meret.</strong></span> <span class='ocrx_word' id='word_1_814' title='bbox 2495 4781 2611 4835; x_wconf 86' lang='lat' dir='ltr'><strong>Non</strong></span> <span class='ocrx_word' id='word_1_815' title='bbox 2645 4781 2871 4851; x_wconf 84' lang='lat' dir='ltr'><strong>legatus,</strong></span> <span class='ocrx_word' id='word_1_816' title='bbox 2906 4793 3013 4833; x_wconf 93' lang='lat' dir='ltr'><strong>non</strong></span> <span class='ocrx_word' id='word_1_817' title='bbox 3045 4778 3293 4844; x_wconf 89' lang='lat' dir='ltr'><strong>nuntius,</strong></span> <span class='ocrx_word' id='word_1_818' title='bbox 3325 4774 3422 4830; x_wconf 91' lang='lat' dir='ltr'><strong>sed</strong></span> <span class='ocrx_word' id='word_1_819' title='bbox 3459 4775 3578 4845; x_wconf 88' lang='lat' dir='ltr'><strong>ipse</strong></span> <span class='ocrx_word' id='word_1_820' title='bbox 3611 4773 3854 4828; x_wconf 90' lang='lat' dir='ltr'><strong>Dominus</strong></span> 
     </span>
    </p>
   </div>
   <div class='ocr_carea' id='block_1_109' title="bbox 2268 4863 3848 4940">
    <p class='ocr_par' dir='ltr' id='par_1_109' title="bbox 2268 4863 3848 4940">
     <span class='ocr_line' id='line_1_109' title="bbox 2268 4863 3848 4940; baseline -0.007 -11"><span class='ocrx_word' id='word_1_821' title='bbox 2268 4874 2475 4929; x_wconf 89' lang='lat' dir='ltr'><strong>salvum</strong></span> <span class='ocrx_word' id='word_1_822' title='bbox 2516 4871 2648 4928; x_wconf 82' lang='lat' dir='ltr'><strong>fecit</strong></span> <span class='ocrx_word' id='word_1_823' title='bbox 2679 4887 2801 4928; x_wconf 91' lang='lat' dir='ltr'><strong>eum</strong></span> <span class='ocrx_word' id='word_1_824' title='bbox 2835 4889 2848 4924; x_wconf 90' lang='lat'><strong>:</strong></span> <span class='ocrx_word' id='word_1_825' title='bbox 2878 4868 3001 4940; x_wconf 85' lang='lat' dir='ltr'><strong>Ipse</strong></span> <span class='ocrx_word' id='word_1_826' title='bbox 3035 4870 3206 4935; x_wconf 78' lang='lat' dir='ltr'><strong>dixit,</strong></span> <span class='ocrx_word' id='word_1_827' title='bbox 3248 4876 3295 4923; x_wconf 81' lang='lat' dir='ltr'><strong>et</strong></span> <span class='ocrx_word' id='word_1_828' title='bbox 3340 4867 3480 4936; x_wconf 79' lang='lat' dir='ltr'><strong>facta</strong></span> <span class='ocrx_word' id='word_1_829' title='bbox 3517 4874 3635 4920; x_wconf 81' lang='lat' dir='ltr'><strong>sunt</strong></span> <span class='ocrx_word' id='word_1_830' title='bbox 3669 4863 3848 4939; x_wconf 85' lang='lat' dir='ltr'><strong>(Psal.</strong></span> 
     </span>
    </p>
   </div>
   <div class='ocr_carea' id='block_1_110' title="bbox 2268 4956 3852 5035">
    <p class='ocr_par' dir='ltr' id='par_1_110' title="bbox 2268 4956 3852 5035">
     <span class='ocr_line' id='line_1_110' title="bbox 2268 4956 3852 5035; baseline -0.006 -14"><span class='ocrx_word' id='word_1_831' title='bbox 2268 4981 2414 5021; x_wconf 64' lang='grc' dir='ltr'>χχχιι</span> <span class='ocrx_word' id='word_1_832' title='bbox 2434 5007 2448 5031; x_wconf 89' lang='grc'><em>,</em></span> <span class='ocrx_word' id='word_1_833' title='bbox 2478 4965 2561 5034; x_wconf 90' lang='lat'><strong>9).</strong></span> <span class='ocrx_word' id='word_1_834' title='bbox 2592 4964 2712 5035; x_wconf 89' lang='lat' dir='ltr'><strong>Ipse</strong></span> <span class='ocrx_word' id='word_1_835' title='bbox 2739 4963 3001 5019; x_wconf 85' lang='lat' dir='ltr'><strong>Dominus</strong></span> <span class='ocrx_word' id='word_1_836' title='bbox 3050 4963 3261 5017; x_wconf 88' lang='lat' dir='ltr'><strong>salvum</strong></span> <span class='ocrx_word' id='word_1_837' title='bbox 3293 4958 3424 5015; x_wconf 90' lang='lat' dir='ltr'><strong>fecit</strong></span> <span class='ocrx_word' id='word_1_838' title='bbox 3467 4973 3590 5013; x_wconf 89' lang='lat' dir='ltr'><strong>eum</strong></span> <span class='ocrx_word' id='word_1_839' title='bbox 3624 4974 3635 5010; x_wconf 97' lang='lat'>:</span> <span class='ocrx_word' id='word_1_840' title='bbox 3669 4956 3852 5028; x_wconf 88' lang='lat' dir='ltr'><strong>ubique</strong></span> 
     </span>
    </p>
   </div>
   <div class='ocr_carea' id='block_1_111' title="bbox 2269 5050 3849 5129">
    <p class='ocr_par' dir='ltr' id='par_1_111' title="bbox 2269 5050 3849 5129">
     <span class='ocr_line' id='line_1_111' title="bbox 2269 5050 3849 5129; baseline -0.005 -18"><span class='ocrx_word' id='word_1_841' title='bbox 2269 5060 2407 5129; x_wconf 86' lang='lat' dir='ltr'><strong>ipse,</strong></span> <span class='ocrx_word' id='word_1_842' title='bbox 2439 5059 2565 5129; x_wconf 90' lang='lat' dir='ltr'><strong>quia</strong></span> <span class='ocrx_word' id='word_1_843' title='bbox 2603 5071 2703 5128; x_wconf 89' lang='lat' dir='ltr'><strong>per</strong></span> <span class='ocrx_word' id='word_1_844' title='bbox 2732 5056 2909 5126; x_wconf 90' lang='lat' dir='ltr'><strong>ipsum</strong></span> <span class='ocrx_word' id='word_1_845' title='bbox 2953 5055 3138 5110; x_wconf 89' lang='lat' dir='ltr'><strong>omnia</strong></span> <span class='ocrx_word' id='word_1_846' title='bbox 3187 5050 3412 5122; x_wconf 81' lang='lat' dir='ltr'><strong>(Coloss.</strong></span> <span class='ocrx_word' id='word_1_847' title='bbox 3460 5067 3511 5117; x_wconf 86' lang='grc' dir='ltr'><strong>ι,</strong></span> <span class='ocrx_word' id='word_1_848' title='bbox 3564 5051 3677 5121; x_wconf 88' lang='grc'><strong>17).</strong></span> <span class='ocrx_word' id='word_1_849' title='bbox 3727 5050 3849 5119; x_wconf 86' lang='lat' dir='ltr'><strong>Quis</strong></span> 
     </span>
    </p>
   </div>
   <div class='ocr_carea' id='block_1_112' title="bbox 2266 5146 3849 5221">
    <p class='ocr_par' dir='ltr' id='par_1_112' title="bbox 2266 5146 3849 5221">
     <span class='ocr_line' id='line_1_112' title="bbox 2266 5146 3849 5221; baseline -0.007 -14"><span class='ocrx_word' id='word_1_850' title='bbox 2266 5162 2448 5207; x_wconf 89' lang='lat' dir='ltr'><strong>autem</strong></span> <span class='ocrx_word' id='word_1_851' title='bbox 2478 5150 2760 5221; x_wconf 89' lang='lat' dir='ltr'><strong>adjuvaret</strong></span> <span class='ocrx_word' id='word_1_852' title='bbox 2787 5163 2939 5212; x_wconf 90' lang='lat' dir='ltr'><strong>eum,</strong></span> <span class='ocrx_word' id='word_1_853' title='bbox 2972 5148 3023 5202; x_wconf 91' lang='lat' dir='ltr'><strong>in</strong></span> <span class='ocrx_word' id='word_1_854' title='bbox 3055 5161 3164 5217; x_wconf 89' lang='lat' dir='ltr'><strong>quo</strong></span> <span class='ocrx_word' id='word_1_855' title='bbox 3202 5155 3389 5202; x_wconf 89' lang='lat' dir='ltr'><strong>creata</strong></span> <span class='ocrx_word' id='word_1_856' title='bbox 3422 5152 3553 5198; x_wconf 84' lang='lat' dir='ltr'><strong>sunt</strong></span> <span class='ocrx_word' id='word_1_857' title='bbox 3576 5146 3768 5207; x_wconf 86' lang='lat' dir='ltr'><strong>omnia,</strong></span> <span class='ocrx_word' id='word_1_858' title='bbox 3799 5152 3849 5198; x_wconf 89' lang='lat' dir='ltr'><strong>et</strong></span> 
     </span>
    </p>
   </div>
   <div class='ocr_carea' id='block_1_113' title="bbox 2264 5234 3848 5312">
    <p class='ocr_par' dir='ltr' id='par_1_113' title="bbox 2264 5234 3848 5312">
     <span class='ocr_line' id='line_1_113' title="bbox 2264 5234 3848 5312; baseline -0.006 -14"><span class='ocrx_word' id='word_1_859' title='bbox 2264 5240 2447 5298; x_wconf 82' lang='lat' dir='ltr'><strong>omnia</strong></span> <span class='ocrx_word' id='word_1_860' title='bbox 2475 5243 2528 5297; x_wconf 91' lang='lat' dir='ltr'><strong>in</strong></span> <span class='ocrx_word' id='word_1_861' title='bbox 2567 5242 2687 5312; x_wconf 89' lang='lat' dir='ltr'><strong>ipso</strong></span> <span class='ocrx_word' id='word_1_862' title='bbox 2734 5238 3023 5296; x_wconf 87' lang='lat' dir='ltr'><strong>constant?</strong></span> <span class='ocrx_word' id='word_1_863' title='bbox 3072 5237 3205 5303; x_wconf 78' lang='lat' dir='ltr'><strong>Quis</strong></span> <span class='ocrx_word' id='word_1_864' title='bbox 3254 5236 3539 5306; x_wconf 87' lang='lat' dir='ltr'><strong>adjuvaret</strong></span> <span class='ocrx_word' id='word_1_865' title='bbox 3582 5249 3724 5299; x_wconf 88' lang='lat' dir='ltr'><strong>eum,</strong></span> <span class='ocrx_word' id='word_1_866' title='bbox 3765 5234 3848 5305; x_wconf 90' lang='lat' dir='ltr'><strong>qui</strong></span> 
     </span>
    </p>
   </div>
   <div class='ocr_carea' id='block_1_114' title="bbox 2271 5379 2658 5436">
    <p class='ocr_par' dir='ltr' id='par_1_114' title="bbox 2271 5379 2658 5436">
     <span class='ocr_line' id='line_1_114' title="bbox 2271 5379 2658 5436; baseline -0.005 0"><span class='ocrx_word' id='word_1_867' title='bbox 2271 5379 2417 5436; x_wconf 81' lang='lat' dir='ltr'><strong>nobis</strong></span> <span class='ocrx_word' id='word_1_868' title='bbox 2442 5382 2658 5435; x_wconf 83' lang='lat' dir='ltr'><strong>servari.</strong></span> 
     </span>
    </p>
   </div>
   <div class='ocr_carea' id='block_1_115' title="bbox 2340 5448 3838 5518">
    <p class='ocr_par' dir='ltr' id='par_1_115' title="bbox 2340 5448 3838 5518">
     <span class='ocr_line' id='line_1_115' title="bbox 2340 5448 3838 5518; baseline -0.003 -12"><span class='ocrx_word' id='word_1_869' title='bbox 2340 5449 2367 5489; x_wconf 74' lang='grc' dir='ltr'>ἀ</span> <span class='ocrx_word' id='word_1_870' title='bbox 2408 5451 2558 5506; x_wconf 84' lang='lat' dir='ltr'><strong>Haud</strong></span> <span class='ocrx_word' id='word_1_871' title='bbox 2606 5449 2841 5503; x_wconf 86' lang='lat' dir='ltr'><strong>absimili</strong></span> <span class='ocrx_word' id='word_1_872' title='bbox 2896 5449 3058 5503; x_wconf 85' lang='lat' dir='ltr'><strong>modo</strong></span> <span class='ocrx_word' id='word_1_873' title='bbox 3106 5449 3234 5517; x_wconf 85' lang='lat' dir='ltr'><strong>quid</strong></span> <span class='ocrx_word' id='word_1_874' title='bbox 3282 5464 3377 5518; x_wconf 84' lang='lat' dir='ltr'><strong>per</strong></span> <span class='ocrx_word' id='word_1_875' title='bbox 3417 5448 3654 5504; x_wconf 71' lang='lat' dir='ltr'><strong>Abrahte</strong></span> <span class='ocrx_word' id='word_1_876' title='bbox 3683 5450 3838 5504; x_wconf 88' lang='lat' dir='ltr'><strong>sinum</strong></span> 
     </span>
    </p>
   </div>
   <div class='ocr_carea' id='block_1_116' title="bbox 2271 5520 3839 5591">
    <p class='ocr_par' dir='ltr' id='par_1_116' title="bbox 2271 5520 3839 5591">
     <span class='ocr_line' id='line_1_116' title="bbox 2271 5520 3839 5591; baseline -0.002 -14"><span class='ocrx_word' id='word_1_877' title='bbox 2271 5522 2577 5591; x_wconf 89' lang='lat' dir='ltr'><strong>intelligere</strong></span> <span class='ocrx_word' id='word_1_878' title='bbox 2609 5535 2711 5575; x_wconf 87' lang='lat' dir='ltr'><strong>nos</strong></span> <span class='ocrx_word' id='word_1_879' title='bbox 2738 5528 3006 5588; x_wconf 86' lang='lat' dir='ltr'><strong>eporteat,</strong></span> <span class='ocrx_word' id='word_1_880' title='bbox 3041 5520 3290 5591; x_wconf 79' lang='lat' dir='ltr'><strong>Exposit.</strong></span> <span class='ocrx_word' id='word_1_881' title='bbox 3337 5524 3386 5574; x_wconf 92' lang='lat' dir='ltr'><strong>in</strong></span> <span class='ocrx_word' id='word_1_882' title='bbox 3435 5520 3576 5591; x_wconf 85' lang='lat' dir='ltr'><strong>psal.</strong></span> <span class='ocrx_word' id='word_1_883' title='bbox 3611 5535 3839 5583; x_wconf 80' lang='lat' dir='ltr'><strong>xxxvtu,</strong></span> 
     </span>
    </p>
   </div>
   <div class='ocr_carea' id='block_1_117' title="bbox 2270 5590 3843 5664">
    <p class='ocr_par' dir='ltr' id='par_1_117' title="bbox 2270 5590 3843 5664">
     <span class='ocr_line' id='line_1_117' title="bbox 2270 5590 3843 5664; baseline -0.003 -13"><span class='ocrx_word' id='word_1_884' title='bbox 2270 5609 2421 5651; x_wconf 90' lang='lat' dir='ltr'><strong>num.</strong></span> <span class='ocrx_word' id='word_1_885' title='bbox 2456 5590 2545 5656; x_wconf 83' lang='grc'><strong>11.</strong></span> <span class='ocrx_word' id='word_1_886' title='bbox 2573 5591 2905 5662; x_wconf 85' lang='lat' dir='ltr'><strong>explicatum</strong></span> <span class='ocrx_word' id='word_1_887' title='bbox 2930 5590 3195 5664; x_wconf 86' lang='lat' dir='ltr'><strong>reperies,</strong></span> <span class='ocrx_word' id='word_1_888' title='bbox 3221 5595 3264 5646; x_wconf 87' lang='lat' dir='ltr'><strong>si</strong></span> <span class='ocrx_word' id='word_1_889' title='bbox 3287 5592 3464 5646; x_wconf 91' lang='lat' dir='ltr'><strong>locum</strong></span> <span class='ocrx_word' id='word_1_890' title='bbox 3493 5590 3647 5645; x_wconf 86' lang='lat' dir='ltr'><strong>adire</strong></span> <span class='ocrx_word' id='word_1_891' title='bbox 3674 5607 3768 5646; x_wconf 90' lang='lat' dir='ltr'><strong>non</strong></span> <span class='ocrx_word' id='word_1_892' title='bbox 3798 5605 3843 5647; x_wconf 89' lang='lat' dir='ltr'><strong>te</strong></span> 
     </span>
    </p>
   </div>
   <div class='ocr_carea' id='block_1_118' title="bbox 2267 5673 3843 5813">
    <p class='ocr_par' dir='ltr' id='par_1_118' title="bbox 2267 5673 3843 5813">
     <span class='ocr_line' id='line_1_118' title="bbox 2267 5673 3843 5813; baseline -0.005 -17"><span class='ocrx_word' id='word_1_893' title='bbox 2267 5673 2563 5810; x_wconf 35' lang='lat' dir='ltr'><strong>pugnam.</strong></span> <span class='ocrx_word' id='word_1_894' title='bbox 2597 5734 2731 5791; x_wconf 86' lang='lat' dir='ltr'><strong>edit.</strong></span> <span class='ocrx_word' id='word_1_895' title='bbox 2760 5731 3411 5813; x_wconf 63' lang='lat' dir='ltr'><strong>resccaveratse’cundum</strong></span> <span class='ocrx_word' id='word_1_896' title='bbox 3440 5730 3843 5813; x_wconf 47' lang='lat' dir='ltr'><strong>(ominem&#39;saucﬁ</strong></span> 
     </span>
    </p>
   </div>
   <div class='ocr_carea' id='block_1_119' title="bbox 2271 5802 3781 5878">
    <p class='ocr_par' dir='ltr' id='par_1_119' title="bbox 2271 5802 3781 5878">
     <span class='ocr_line' id='line_1_119' title="bbox 2271 5802 3781 5878; baseline -0.002 -16"><span class='ocrx_word' id='word_1_897' title='bbox 2271 5813 2409 5874; x_wconf 76' lang='lat' dir='ltr'><strong>tum,</strong></span> <span class='ocrx_word' id='word_1_898' title='bbox 2436 5802 2568 5878; x_wconf 74' lang='lat' dir='ltr'><strong>quas</strong></span> <span class='ocrx_word' id='word_1_899' title='bbox 2599 5802 2851 5861; x_wconf 67' lang='grc' dir='ltr'><strong>νυοί-οὐκ</strong></span> <span class='ocrx_word' id='word_1_900' title='bbox 2881 5803 3000 5860; x_wconf 69' lang='lat' dir='ltr'><strong>aliis</strong></span> <span class='ocrx_word' id='word_1_901' title='bbox 3029 5803 3159 5861; x_wconf 59' lang='lat' dir='ltr'><strong>edit;</strong></span> <span class='ocrx_word' id='word_1_902' title='bbox 3193 5802 3253 5858; x_wconf 73' lang='lat' dir='ltr'><strong>at:</strong></span> <span class='ocrx_word' id='word_1_903' title='bbox 3278 5814 3409 5857; x_wconf 77' lang='lat' dir='ltr'><strong>mss.</strong></span> <span class='ocrx_word' id='word_1_904' title='bbox 3442 5802 3781 5859; x_wconf 63' lang='lat' dir='ltr'><strong>restitttimuoé</strong></span> 
     </span>
    </p>
   </div>
  </div>
