4076 6172
190 199 332 256 15ιῦ

1099 201 1190 261 DE
1225 198 1537 263 EXCESSU
1581 197 1877 264 FRA'l‘RlS
1912 199 2026 265 SUI
2062 158 2315 265 SATYRI
2355 207 2487 267 LIB.
2531 206 2597 268 ll.

3354 221 3495 280 1546

191 317 368 370 omnia
413 316 465 370 in
497 326 772 372 momento
800 318 953 384 facit,
985 328 1041 375 et
1070 320 1122 374 in
1155 320 1454 375 novissima
1489 320 1614 377 tuba
1642 338 1788 378 mor-
1821 328 1866 385 Α
1895 324 2242 393 superiorum
2274 341 2397 382 esse
2429 327 2680 384 umbram
2706 329 3110 401 cclcbt'itatum,
3152 335 3490 393 caelestium-

187 416 308 462 tuos
324 407 605 478 suscitat(l
623 407 746 463 Cor.
777 425 866 475 xv,
891 408 1026 482 52)?
1054 410 1169 467 Non
1193 412 1325 482 quia
1348 421 1443 467 aut
1473 412 1668 483 prima,
1696 427 1788 471 aut

188 500 429 555 secunda
468 516 574 555 non
609 503 804 571 possit,
840 509 935 557 aut
973 504 1136 559 tertia
1171 521 1184 557 :
1215 503 1309 558 sed
1339 505 1477 560 ordo
1515 517 1785 577 servatur,

189 607 296 647 non
344 607 454 663 quo
510 592 805 649 difﬁcultas
858 608 984 650 sero
1027 595 1328 663 vincenda,
1380 597 1475 654 sed
1515 598 1789 668 legitimus

192 695 214 720 ιι
244 700 507 741 numerus
537 685 894 756 explicandus
938 687 1031 741 sit.

268 779 385 834 l05.
430 778 668 850 Tempus
690 787 894 846 autem,
919 780 1181 847 arbitror,
1208 780 1276 837 de
1303 781 1552 838 tubarum
1576 783 1787 857 1162

186 873 372 943 specie
402 872 610 940 dicere,
640 874 898 945 quoniam
924 888 1107 930 sermo
1136 876 1463 947 propinquat
1490 876 1557 932 ad
1588 878 1785 946 ﬁnem;

189 976 246 1020 ut
273 966 444 1021 nostri
489 980 709 1037 quoque
749 966 1164 1021 consummandi
1210 967 1412 1039 eloquii
1454 968 1581 1024 tuba
1612 969 1685 1025 sit
1708 972 1786 1026 si-

186 1073 375 1127 gunm.
409 1057 631 1128 Septem
666 1058 823 1114 tubas
852 1060 1079 1131 legimus
1108 1060 1163 1115 in
1181 1059 1509 1133 Apocalypsi
1534 1060 1784 1129 Joannis,

186 1165 322 1220 quas
349 1162 558 1221 septem
593 1166 877 1223 sumpsere
921 1153 1102 1225 angeli
1149 1152 1335 1226 (Apoc.
1369 1170 1503 1222 vm,
1549 1156 1634 1225 2).
1686 1155 1786 1213 Ubi

185 1242 358 1299 babes
392 1245 649 1314 quoniam
693 1246 961 1315 septimus
1010 1245 1240 1316 angelus
1291 1247 1415 1302 tuba
1467 1248 1689 1312 cecinit,
1730 1258 1787 1305 et

183 1332 324 1389 facta
353 1345 437 1392 est
467 1353 567 1392 vox
600 1353 791 1409 magna
820 1338 888 1394 de
914 1339 1055 1394 ctelo
1093 1338 1282 1394 dicens
1306 1359 1319 1394 :
1352 1337 1577 1395 Factum
1604 1351 1678 1395 est
1699 1357 1784 1395 re-

182 1445 345 1498 gnum
373 1431 528 1501 hujus
546 1431 726 1485 mandi
746 1429 846 1486 Dei
861 1432 1047 1499 nostri,
1072 1442 1119 1486 et
1142 1431 1338 1488 Christi
1357 1434 1493 1504 ejus,
1522 1443 1571 1487 et
1600 1449 1787 1505 regna-

184 1520 259 1576 bit
297 1522 352 1575 in
390 1524 584 1578 stecula
627 1524 932 1578 steculorum
976 1524 1163 1598 (Apoc.
1194 1541 1281 1592 st,
1318 1525 1433 1594 15).
1484 1525 1635 1580 Tuba
1667 1528 1785 1597 qui-

180 1612 310 1669 dem
344 1625 399 1669 et
446 1632 543 1685 pro
590 1632 723 1672 voce
762 1616 1047 1686 accipitur,
1090 1617 1215 1686 quia
1259 1616 1475 1673 habes:
1528 1617 1787 1682 Quoniam

1891 434 1998 486 que
2027 418 2307 473 festorum.
2336 420 2434 477 llic
2457 425 2606 478 enim
2636 423 2842 490 umbra,
2873 426 2981 482 illic
3003 428 3231 485 veritas.
3258 429 3360 485 Per
3374 446 3491 485 um-

1892 506 2043 562 bram
2071 508 2137 561 ad
2169 510 2451 566 veritatem
2494 514 2780 582 pervenire
2819 516 3077 573 nitamur.
3110 519 3277 589 Cujus
3320 520 3489 592 ﬁgura

1891 601 2056 656 etiam
2080 601 2208 657 alibi
2240 619 2501 674 expressa
2528 614 2613 661 est
2641 607 2747 663 boc
2775 609 2966 678 modo;
2995 611 3162 669 habes
3189 614 3334 668 enim
3364 614 3491 686 quia

1892 691 2109 748 locutus
2135 704 2220 750 est
2261 695 2524 753 Dominus
2574 698 2643 754 ad
2671 699 2891 773 Moysen
2924 719 2937 756 :
2972 702 3204 775 Loquere
3245 708 3372 776 ﬁliis
3406 707 3492 762 ls-

1892 784 2035 851 rael,
2070 785 2247 842 dicens
2273 803 2293 842 :
2338 787 2515 844 Mense
2540 793 2781 861 septimo,
2824 810 2930 850 una
2971 799 3181 866 mensis,
3229 801 3325 855 erit
3352 800 3494 857 vobis

1891 877 2092 947 requies
2119 888 2142 915 ε
2172 879 2226 933 in
2248 882 2550 936 memoriale
2578 883 2839 954 tubarum,
2868 898 3051 944 vocata
3080 900 3261 946 sancta
3282 894 3377 947 erit
3408 909 3493 948 vo-

1891 966 1988 1023 bis.
2017 967 2182 1025 Omne
2200 986 2333 1043 opus
2348 974 2533 1028 servile
2561 991 2665 1031 non
2686 979 2890 1048 facietis
2906 1021 2921 1047 ,
2946 991 2994 1036 et
3020 984 3314 1040 accendetis
3336 984 3488 1044 holo-

1891 1071 2124 1117 caustttm
2153 1063 2380 1121 Domino
2408 1065 2601 1140 (Leuit.
2630 1085 2797 1139 mn,
2837 1073 2956 1147 24).
3008 1076 3066 1131 ln
3112 1076 3366 1137 Numeris
3392 1096 3491 1140 au-

1894 1162 2000 1210 tem
2036 1173 2049 1209 :
2088 1155 2321 1212 Locutus
2342 1169 2416 1215 est
2444 1158 2702 1218 Dominus
2739 1165 2808 1219 ad
2833 1164 3076 1239 Moysen,
3108 1169 3290 1229 dicens
3317 1189 3337 1228 :
3375 1172 3490 1230 Fac

1891 1246 1981 1300 tibi
2005 1248 2136 1303 duas
2163 1249 2307 1306 tubas
2336 1253 2575 1322 ductiles,
2597 1243 2867 1330 argenteas
2906 1259 3065 1331 facies
3092 1278 3215 1330 eas,
3251 1274 3301 1321 et
3338 1277 3490 1324 erant

1889 1337 1980 1392 tibi
2006 1340 2075 1393 ad
2105 1345 2420 1399 evocandum
2440 1363 2781 1421 synagogam,
2813 1360 2860 1405 et
2888 1355 3238 1421 promovenda
3265 1368 3439 1415 castra
3467 1377 3486 1416 :

1890 1440 1938 1484 et
1980 1430 2100 1485 tuba
2126 1449 2277 1489 canes
2304 1437 2359 1490 in
2387 1437 2522 1503 illis,
2555 1448 2603 1493 et
2633 1441 2905 1514 colligetur
2929 1446 3095 1503 omnis
3120 1448 3272 1505 turba
3307 1452 3380 1507 ad
3404 1469 3487 1510 os-

1891 1521 2017 1575 tium
2046 1523 2365 1582 tabernaculi
2392 1531 2689 1588 testimonii.
2721 1533 2780 1590 Si
2809 1544 2980 1591 autem
3006 1540 3058 1593 in
3088 1556 3194 1595 una
3219 1543 3342 1599 tuba
3355 1548 3486 1602 ceci-

1891 1617 2046 1681 neris,
2084 1619 2155 1672 ad
2180 1628 2228 1674 te
2248 1622 2447 1676 venient
2472 1640 2646 1680 omnes
2679 1628 2940 1700 principes
2973 1641 3021 1687 et
3048 1634 3201 1691 duces
3224 1635 3415 1706 Israel,
3439 1648 3489 1695 et

180 1722 297 1759 ecce
329 1708 515 1760 ostium
550 1719 786 1779 apertum
812 1709 865 1762 in
894 1709 1041 1773 ctelo,
1072 1718 1119 1762 et
1149 1723 1248 1763 vos:
1275 1709 1466 1780 priora,
1496 1725 1650 1779 quam
1683 1725 1784 1764 au-
1815 1729 1864 1789 Β
1890 1710 2010 1764 laba
2038 1714 2232 1768 canetis
2264 1714 2699 1787 signiﬁcationem
2747 1722 2990 1790 primam,
3033 1734 3082 1779 et
3122 1733 3491 1796 promovebant

179 1798 312 1860 diri,
336 1802 465 1854 sicut
500 1802 674 1856 tabam
716 1802 1004 1873 loquentem
1033 1818 1232 1857 mecum
1259 1811 1308 1856 et
1355 1802 1646 1857 dicentem:
1688 1803 1780 1859 As-

179 1893 341 1945 cende
383 1893 506 1960 hac,
552 1904 599 1948 et
631 1894 898 1949 ostendam
945 1894 1038 1949 tibi
1080 1911 1199 1966 qua:
1228 1905 1423 1966 oportet
1449 1895 1562 1966 ﬁeri
1597 1894 1782 1969 (Apoc.

176 1999 259 2053 tv,
320 1986 391 2059 1).
451 1987 704 2059 Legimus
752 1989 952 2044 etiam:
1004 1988 1186 2043 Canite
1232 1989 1379 2045 initio
1426 1991 1615 2045 mensis
1664 1990 1784 2045 tuba

176 2083 359 2157 (Psal.
391 2097 570 2147 ωαχ,
602 2080 695 2152 4);
750 2082 845 2138 sed
873 2082 1037 2138 etiam
1074 2082 1203 2138 alibi
1239 2099 1253 2135 :
1301 2081 1541 2140 Laudate
1567 2099 1684 2138 eum
1732 2085 1787 2139 in

184 2194 317 2234 sono
345 2176 480 2231 tubw
505 2173 680 2247 (Psal.
712 2191 810 2242 cc,
843 2177 921 2244 '5).

250 2272 376 2329 106.
421 2272 563 2342 Ergo
592 2270 719 2342 quid
767 2269 868 2327 sibi
920 2270 1048 2325 velit
1076 2269 1104 2308 δ
1139 2270 1391 2325 tubarum
1423 2270 1781 2341 signiﬁcatio,

175 2365 327 2422 omni
360 2363 559 2419 virtute
598 2362 860 2419 debemus
886 2362 1209 2427 advertere;
1256 2377 1323 2417 ne
1361 2364 1515 2430 quasi
1546 2362 1782 2420 fabulam

177 2458 400 2513 aniliter
430 2454 762 2526 accipientes
792 2454 1190 2525 periclitemur,
1214 2454 1258 2508 si
1284 2452 1506 2524 indigna
1530 2453 1784 2525 dogmate

176 2548 435 2620 spiritali,
471 2562 575 2604 nec
616 2548 999 2603 convenientia
1033 2546 1437 2617 Scripturarum
1470 2546 1785 2605 eminentia:

175 2640 500 2697 sentiamus.
532 2638 665 2694 Nam
712 2654 836 2694 cum
878 2638 1173 2709 legerimus
1221 2638 1420 2695 bellum
1464 2639 1622 2696 nobis
1662 2654 1784 2696 esse

177 2747 292 2789 non
325 2734 590 2787 adversus
615 2745 836 2785 carnem
887 2737 943 2785 ct
989 2728 1329 2799 sanguinem,
1377 2727 1472 2784 sed
1519 2728 1783 2786 adversus

177 2824 448 2896 Spiritalia
479 2823 763 2895 nequitiae,
794 2838 916 2894 qua:
961 2830 1090 2878 sunt
1118 2822 1171 2877 in
1215 2822 1531 2878 coelestibus
1564 2823 1780 2895 (Ep/tes.

178 2936 268 2987 vt,
305 2919 431 2987 12);
466 2935 573 2975 non
603 2918 845 2975 carnalia
892 2919 1083 2989 utique
1112 2933 1283 2985 arma,
1318 2918 1414 2975 sed
1457 2918 1620 2975 fortia
1672 2920 1783 2976 Deo

180 3013 457 3068 aestimare
477 3011 742 3088 debemus
771 3010 835 3086 (ιι
867 3009 989 3067 Cor.
1020 3027 1078 3077 χ,
1111 3010 1188 3081 4).
1220 3009 1336 3066 Νοιι
1364 3011 1509 3066 enim
1540 3011 1671 3066 satis
1698 3019 1783 3066 est

1888 1816 2084 1873 castra,
2124 1818 2173 1863 et
2209 1810 2670 1866 constituentarad
2702 1811 2985 1870 Orientem.
3026 1816 3094 1871 Et
3142 1821 3265 1876 tuba
3292 1825 3488 1880 canetis

1886 1897 2322 1971 signiﬁcationem
2366 1905 2667 1972 secundam,
2707 1916 2755 1961 et
2800 1909 3170 1978 promovebant
3214 1924 3408 1983 castra,
3440 1925 3489 1972 et

1885 1991 2263 2046 constituentur
2297 1992 2316 2031 ί
2363 1996 2434 2049 ad
2480 1994 2757 2052 Libanum.
2802 2001 3013 2073 1163
3056 2003 3121 2058 Et
3150 2005 3274 2062 tuba
3299 2009 3494 2067 canetis

1885 2082 2317 2154 signiﬁcationem
2358 2089 2598 2157 tertiam,
2646 2099 2695 2144 et
2737 2096 3105 2161 promovebant
3133 2108 3323 2168 castra,
3372 2118 3489 2172 quia

1885 2176 2263 2230 constituentur
2281 2178 2352 2230 ad
2378 2177 2622 2234 Boream.
2651 2179 2726 2236 Et
2749 2181 2871 2236 tuba
2911 2187 3104 2241 eunetis
3142 2189 3488 2260 signiﬁcatio-

1887 2281 2001 2320 nem
2027 2278 2286 2337 quartam,
2321 2278 2368 2324 et
2395 2273 2762 2340 promovebant
2791 2285 2985 2343 castra,
3016 2294 3135 2347 quia
3171 2283 3490 2341 constituen-

1886 2366 1970 2412 tur
1996 2360 2065 2414 ad
2094 2361 2421 2433 Aquilonem.
2472 2363 2921 2436 Signiﬁcationem
2974 2380 3000 2417 ε
3048 2371 3169 2425 tuba
3210 2384 3393 2430 canent
3433 2377 3490 2431 in

1887 2464 2125 2520 promota
2162 2469 2361 2509 eorum.
2392 2454 2461 2510 Et
2487 2473 2606 2511 cum
2631 2459 3009 2531 congregabitis
3032 2478 3373 2536 sgnagogam,
3406 2476 3490 2523 tu-

1888 2542 1950 2595 ba
1981 2544 2170 2612 canite,
2214 2555 2263 2601 et
2294 2563 2397 2601 non
2425 2548 2855 2621 signi/icationen.
2888 2549 2957 2607 Et
2981 2553 3081 2622 ﬁlii
3109 2554 3284 2611 Aaron
3311 2574 3487 2614 sacer-

1886 2636 2030 2691 dotes
2055 2637 2190 2693 tubis
2214 2650 2420 2707 canent,
2448 2649 2498 2695 et
2529 2641 2626 2695 erit
2671 2640 2813 2697 vobis
2844 2643 3130 2717 legitimam
3157 2656 3408 2704 aeternum
3432 2650 3488 2705 in

1887 2731 2157 2802 progenies
2194 2742 2408 2788 vestras.
2451 2732 2514 2789 Si
2540 2743 2712 2789 autem
2758 2735 2986 2791 exieritis
3010 2737 3065 2791 in
3090 2739 3278 2794 bellant
3304 2742 3361 2797 in
3387 2752 3489 2797 ter-

1887 2840 1999 2879 rant
2028 2835 2248 2879 vestram
2271 2824 2341 2879 ad
2369 2825 2712 2894 adversarios,
2745 2827 2834 2899 qui
2863 2829 3104 2885 resistunt
3129 2832 3291 2900 vobis,
3321 2836 3488 2906 signi-

1887 2916 2108 2984 ficabitis
2132 2918 2288 2981 tubis,
2316 2927 2364 2971 et
2384 2919 2783 2974 reminiscemini
2809 2937 2985 2977 coram
3011 2921 3258 2991 Domino,
3289 2938 3337 2981 et
3366 2926 3394 2965 h
3427 2929 3493 2985 li-

1887 3009 2197 3063 berationem
2220 3008 2471 3064 habebitis
2491 3028 2524 3065 a
2552 3013 2766 3066 mortuis
2789 3014 2991 3070 vestris.
3022 3014 3090 3071 Et
3113 3017 3168 3072 in
3195 3018 3376 3076 diebus
3397 3022 3491 3078 ιω-

180 3105 367 3162 tubam
389 3114 439 3159 te
460 3103 665 3169 videre,
694 3119 794 3160 nec
810 3119 1004 3160 sonum
1033 3102 1149 3174 ejus
1174 3103 1387 3169 audire,
1411 3103 1515 3158 nisi
1539 3104 1789 3174 proprie—
1815 3109 1860 3172 C
1894 3102 2018 3156 titite
2046 3111 2244 3171 vestrte,
2276 3113 2323 3157 et
2363 3104 2414 3157 in
2454 3103 2634 3160 diebus
2658 3104 2804 3175 [estis
2829 3108 3030 3176 vestris,
3053 3119 3102 3164 et
3132 3112 3186 3165 in
3209 3117 3493 3172 neomeniis

182 3207 347 3254 tatem
378 3197 588 3254 sonitus
617 3197 910 3268 intelligas.
954 3197 1165 3252 Etenim
1206 3196 1252 3251 si
1300 3196 1567 3252 incertam
1596 3211 1783 3251 vocem

178 3291 275 3348 det
305 3292 449 3357 tuba,
487 3287 761 3359 quomodo
789 3288 910 3358 quis
940 3288 1153 3358 parabit
1179 3302 1238 3343 se
1266 3289 1333 3343 ad
1362 3288 1605 3344 bellum?
1633 3288 1787 3345 Unde

178 3390 402 3454 oportet
429 3383 577 3436 vocis
620 3380 762 3435 tuba:
808 3393 910 3434 nos
953 3378 1098 3436 scire
1129 3378 1407 3446 virtutem,
1444 3391 1466 3419 ο
1511 3395 1578 3436 ne
1603 3380 1786 3437 videa-

180 3491 309 3533 mur
339 3472 574 3540 barbari,
602 3487 724 3528 cum
754 3470 909 3528 tubas
939 3470 1246 3541 bujnsmodi
1272 3479 1367 3527 aut
1388 3471 1664 3540 audimus,
1695 3482 1789 3529 aut

179 3568 478 3640 loquimur.
515 3566 586 3621 Et
613 3566 734 3623 ideo
763 3581 886 3622 cum
914 3565 1205 3635 loquimur,
1236 3580 1457 3621 oremus
1483 3574 1540 3621 ut
1568 3580 1663 3622 eas
1691 3580 1788 3622 no-

179 3661 269 3717 bis
294 3660 530 3728 Spiritus
554 3669 774 3715 sanctus
806 3659 1214 3729 interpretetur.

264 3749 387 3805 107.
446 3748 813 3820 Requiramus
860 3749 1021 3820 igitur
1064 3749 1116 3803 in
1165 3748 1465 3819 Scripturis
1513 3749 1788 3806 veteribus

181 3844 315 3917 quid
343 3845 411 3899 de
458 3843 708 3898 tubarum
744 3857 947 3915 genere
974 3842 1290 3913 legerimus,
1319 3840 1346 3878 ἀ
1379 3842 1787 3899 consentientes

182 3955 282 3997 eas
309 3937 705 4005 solemnitates,
733 3952 854 4007 qua:
884 3933 1089 3991 Judzeis
1116 3934 1257 4005 Lege
1284 3934 1614 4004 praescripto
1639 3942 1783 4000 sunt,

260 4088 289 4116 ³
329 4078 405 4134 lta
434 4084 541 4131 vet.
584 4075 715 4132 edit.
740 4088 805 4129 ac
834 4087 966 4128 mss.
1002 4085 1172 4142 prope
1201 4070 1266 4126 ad
1300 4085 1467 4125 unum
1497 4089 1509 4126 :
1542 4080 1599 4126 at
1625 4071 1785 4127 Rom.

183 4151 323 4207 edit.
351 4164 477 4205 cum
526 4162 634 4203 uno
682 4147 766 4202 vel
794 4145 969 4200 altero
1016 4156 1184 4210 mss.,
1235 4158 1479 4197 numeras
1524 4143 1791 4198 vindican-

185 4224 288 4331 da:
309 4230 589 4360 8(Strigenes
618 4287 805 4343 ’l‘ract.
831 4286 901 4360 50
925 4285 979 4342 in
1007 4285 1198 4341 Matth.
1221 4284 1291 4360 de
1320 4283 1617 4360 Scriptura:
1646 4285 1789 4360 tubis

184 4356 445 4427 disserit;
468 4359 563 4416 sed
605 4358 970 4421 contractius;
1020 4358 1235 4413 tametsi
1276 4358 1453 4412 locum
1480 4371 1512 4410 e
1536 4356 1788 4413 Numeris

183 4437 258 4492 ab
284 4432 578 4490 Ambrosio
607 4431 745 4486 inira
775 4428 1083 4500 subjectum
1114 4430 1382 4499 integrum
1427 4427 1651 4483 referat.
1684 4428 1788 4482 Po-

186 4484 449 4576 {Elidis
468 4484 675 4559 licetur
692 4484 1050 4576 tioster:_;qua:
1072 4500 1162 4556 hic
1177 4484 1439 4572 disputat,
1463 4515 1533 4556 ex
1554 4515 1621 4556 eo
1641 4500 1787 4555 fonte
1812 4484 1866 4545 D

185 4573 430 4634 derivata
456 4590 607 4629 more
635 4587 737 4629 suo
765 4573 1155 4637 ampliﬁcasse.

263 4661 286 4687 ε
327 4647 478 4704 Tuba
508 4646 737 4700 Romani
761 4644 1055 4714 utebantur
1094 4644 1147 4714 in
1191 4642 1404 4706 militia,
1435 4641 1789 4714 quemadmo-

186 4720 316 4775 dum
350 4714 896 4789 tympanis_ac__tibii._s
932 4712 1147 4789 barbari
1176 4730 1191 4767 :
1219 4728 1339 4789 qua
1365 4714 1434 4789 de
1455 4712 1529 4789 ire
1566 4714 1791 4770 consule

185 4791 329 4846 Just.
354 4783 593 4857 Lipsium
622 4786 691 4842 de
718 4785 832 4841 Mil.
860 4783 1019 4839 Rom.
1052 4783 1147 4839 lib.
1179 4800 1251 4851 ιι,
1286 4784 1415 4840 dial.
1448 4787 1535 4840 10.

261 4857 289 4897 ἀ
328 4856 533 4915 omnes
561 4858 695 4929 edit.
716 4898 734 4924 ,
761 4857 974 4929 scientes
1003 4872 1121 4920 eas;
1164 4870 1296 4929 mss.
1330 4872 1461 4929 _vero
1492 4857 1581 4911 alii
1622 4856 1790 4929 conji-

189 4931 381 4986 cientes
418 4945 537 4995 eas,
580 4927 672 4981 alii
698 4927 983 4981 concientes
1007 4942 1129 4991 eas,
1175 4926 1268 4982 alii
1313 4926 1530 4982 demum
1575 4926 1790 4983 consen-

190 5003 375 5057 tientes
398 5016 521 5063 eas;
552 5013 675 5069 quas
706 4998 869 5053 lectio
891 4995 1109 5069 videtur
1140 4997 1498 5069 praeferenda.

268 5082 292 5110 θ
315 5071 477 5127 Rom.
511 5067 642 5125 edit.
660 5109 677 5133 ,
708 5069 762 5123 in
784 5068 1082 5122 memoriale
1103 5067 1361 5134 tubarum,
1390 5078 1571 5122 vocata
1609 5078 1787 5123 sancta

192 5141 418 5198 Domino
450 5158 468 5196 :
498 5152 605 5195 vet.
639 5150 821 5194 autem
853 5140 983 5193 edit.
1014 5153 1123 5191 non
1153 5138 1464 5208 discrepant
1500 5154 1530 5193 a
1562 5153 1692 5193 mss.
1726 5154 1789 5195 ac

190 5230 222 5270 a
251 5212 425 5269 sacris
472 5212 597 5267 cod.
631 5210 737 5265 nisi
778 5208 923 5280 quod
952 5208 1218 5278 virgulam
1261 5216 1626 5278 transponunt
1670 5219 1792 5279 post

190 5299 386 5341 vocem
419 5293 633 5345 vocula,
656 5281 752 5337 sed
781 5281 1098 5351 incongrue.

268 5356 290 5396 ί
327 5356 481 5412 Eras.
516 5364 571 5409 et
596 5352 725 5408 Gill.
749 5351 884 5407 edit.
905 5390 920 5413 ,
953 5349 1021 5404 ad
1051 5351 1187 5417 liba;
1214 5349 1374 5404 Rom.
1393 5391 1409 5417 ,
1433 5350 1503 5405 ad
1520 5351 1787 5408 Austrum.

194 5429 265 5485 Et
305 5430 521 5496 utrique
549 5423 924 5496 sitﬁragantur‘
946 5422 1086 5496 sacri
1129 5421 1366 5496 codices,
1418 5438 1650 5496 quorum
1682 5423 1792 5496 (alii

196 5502 385 5568 legunt
421 5492 883 5573 napapstiipooeai
914 5493 1055 5573 λίϐοε,
1103 5492 1194 5573 alii
1228 5494 1389 5573 νόει-ογ.
1420 5493 1787 5573 Nondnbium

196 5562 379 5625 tamen
409 5562 647 5635 est'quin
676 5566 836 5621 lectio
855 5562 1079 5619 Amerb.
1108 5572 1165 5618 et
1185 5580 1312 5618 mss.
1343 5565 1482 5621 bona
1509 5566 1605 5631 sit,
1639 5579 1789 5620 nem-

235 5655 267 5697 e
289 5640 356 5694 ad
385 5634 671 5702 Libanum;
700 5635 835 5692 inl'ra
868 5634 1032 5691 enim.
1068 5650 1213 5689 num.
1248 5636 1352 5692 115
1392 5637 1581 5693 eadem
1623 5636 1785 5692 lectio

240 5711 455 5779 abetur,
487 5718 541 5766 et
573 5724 723 5763 num.
772 5706 897 5763 119.
932 5708 1174 5777 Sponsus
1217 5724 1244 5762 a
1276 5708 1484 5764 Libano
1525 5724 1779 5780 Sponsam

1890 3193 2069 3248 vestris
2090 3194 2343 3248 concinite
2369 3193 2523 3257 tubis.
2553 3206 2600 3251 et
2622 3195 2676 3250 in
2700 3196 3014 3255 holocaustis
3036 3210 3081 3256 et
3102 3203 3375 3274 sacri/ictis
3400 3224 3491 3263 sa-

1892 3286 2145 3340 lutaribus
2158 3286 2359 3355 vestris,
2391 3296 2438 3341 et
2460 3288 2556 3342 erit
2580 3288 2719 3346 vobis
2741 3290 2794 3344 in
2822 3297 3302 3355 commemoratione
3323 3310 3494 3357 vestra

1890 3394 2063 3433 coram
2085 3377 2331 3449 Domino,
2360 3381 2434 3436 ait
2463 3379 2718 3438 Dominus
2749 3383 2940 3456 (Nunt.
2965 3403 2998 3441 ι
3016 3428 3032 3455 ,
3068 3388 3093 3444 1
3121 3399 3170 3444 et
3191 3393 3343 3465 seq.).

1966 3470 2089 3527 108.
2131 3471 2269 3540 Quid
2309 3472 2490 3543 igitur,
2521 3472 2640 3531 dies
2693 3476 2862 3532 tostos
2890 3476 2943 3532 in
2976 3490 3105 3548 potu
3145 3491 3200 3538 et
3231 3483 3285 3538 in
3314 3486 3493 3555 epulis

1896 3563 2326 3620 mstimabimus?
2354 3564 2462 3621 Sed
2487 3582 2648 3623 nemo
2684 3582 2784 3624 nos
2804 3568 2856 3623 in
2888 3570 3264 3631 manducando
3292 3575 3491 3647 dijudi-

1894 3663 1981 3709 cct
2008 3672 2022 3722 ;
2055 3656 2302 3711 novimus
2323 3657 2465 3712 enim
2495 3658 2617 3728 quia
2649 3657 2762 3714 Lex
2787 3660 3048 3729 spiritalis
3071 3672 3156 3719 est
3183 3662 3362 3736 (Rom.
3390 3683 3488 3738 vn,

1900 3749 1985 3820 14)
2014 3767 2026 3801 :
2059 3748 2226 3804 Nemo
2257 3764 2378 3823 ergo
2404 3765 2497 3804 nos
2528 3749 2735 3824 jadicet
2769 3751 2823 3806 in
2848 3753 2978 3809 escis
3017 3755 3277 3825 aliquibus
3306 3769 3394 3813 aut
3433 3762 3490 3817 in

1895 3849 2041 3910 potu,
2059 3849 2149 3894 aut
2175 3842 2228 3894 in
2259 3848 2403 3905 parte
2419 3841 2522 3896 diei
2540 3842 2680 3910 festi,
2698 3850 2789 3897 aut
2815 3846 3117 3914 neomeniis,
3136 3857 3226 3902 aut
3251 3849 3487 3921 sabbato;

1890 3948 2003 4004 qute
2030 3940 2149 3987 sunt
2179 3930 2359 3986 umbra
2409 3930 2423 3967 ί
2460 3935 2755 4003 futurorum
2781 3975 2795 4001 ,
2847 3951 3034 4008 corpus
3084 3948 3255 3995 autem
3294 3939 3489 4001 Christi

1897 4071 2127 4147 invitat._
2142 4072 2351 4147 R_ursus
2371 4086 2503 4129 vero
2519 4073 2611 4129 ubi
2640 4088 2739 4130 nos
2755 4090 2878 4132 cum
2901 4086 3010 4134 vet.
3039 4081 3171 4136 edit.
3203 4092 3259 4141 et
3278 4090 3490 4147 cunctis

1894 4159 2026 4198 mss.
2059 4142 2127 4197 ad
2169 4141 2423 4209 Boream;
2454 4156 2807 4219 reposuerat,
2838 4148 2970 4204 edit.
3000 4151 3071 4205 ad
3095 4169 3257 4211 mare.
3289 4141 3493 4219 iiiiié

1894 4224 2071 4299 autem
2095 4229 2203 4297 non
2230 4223 2437 4299 tantum
2451 4214 3110 4299 LXX_ei_patrocinantur,
3139 4227 3238 4299 sed
3263 4214 3494 4299 ipsemet

1894 4283 2213 4371 Atnbrosius
2236 4284 2375 4370 intra
2401 4302 2551 4341 num.
2585 4283 2833 4371 “globi
2867 4292 3079 4348 tertiam
3096 4283 3490 4371 'tubzesigu—iﬁ:

1892 4356 2161 4428 _cationem
2191 4361 2325 4411 mari
2355 4359 2755 4416 accommodat.
2782 4360 2982 4419 Verum
3012 4374 3189 4422 tamen
3222 4369 3290 4425 ab
3312 4356 3491 4428 5min.

1892 4426 1994 4482 bus
2022 4437 2364 4513 IIl-85.9.1331“.
2390 4429 2525 4487 edit.
2557 4430 3024 4513 pigetdiscedere.
3057 4436 3296 4513 Advorte
3320 4426 3489 4513 porro

1895 4514 2017 4584 ncc_
2046 4501 2137 4584 λιι.
2174 4498 2434 4584 _Hebrzeo,
2477 4498 2588 4584 nec
2615 4498 2709 4559 ἰιι
2740 4505 2899 4584 _ullis
2930 4510 3294 4584 _versionibus
3322 4498 3487 4584 ‘praz;

1896 4579 1978 4625 ter
2003 4570 2142 4652 LXX
2173 4569 2361 4627 haberi
2401 4573 2696 4652 quidquam
2721 4575 2790 4631 de
2819 4578 3001 4652 tertio,
3025 4588 3081 4637 et
3110 4593 3303 4652 quarto
3329 4569 3485 4642 tuba-

1892 4656 2013 4717 r_um
2042 4644 2218 4714 signo,
2248 4652 2303 4697 et
2329 4658 2430 4712 pro
2450 4660 2518 4699 eo
2545 4646 2691 4715 quod
2718 4654 2806 4702 est
2832 4644 3033 4717 ubique
3060 4644 3310 4710 in'sacris
3344 4656 3489 4714 litte-

1893 4711 2000 4778 ris,
2033 4711 2202 4768 castra
2230 4711 2648 4799 qaaé‘constitata
2673 4728 2828 4785 sunt;
2874 4711 3220 4780 Ambrosium
3250 4711 3483 4799 legisse,

1891 4793 2060 4838 castra
2081 4800 2200 4855 quis
2220 4785 2614 4841 constituentur.

1966 4866 1992 4904 ε
2031 4855 2156 4911 Mss.
2196 4856 2485 4941 nonnnplli,‘
2502 4856 2623 4912 tuba
2651 4870 2894 4929 canente,
2927 4878 3020 4934 pro
3041 4875 3179 4920 mota
3208 4884 3483 4941 eorum...,

1893 4927 2069 4982 Aaron
2097 4926 2382 4981 sacerdotis
2410 4927 2530 4983 tuba
2550 4940 2756 4985 canent.

1965 4997 1992 5036 ιι
2030 4996 2191 5051 Rom.
2220 4997 2355 5053 edit.
2379 4997 2522 5066 sola,
2554 5008 2602 5055 et
2625 4999 2977 5060 liberationem
3014 5006 3262 5066 habebitis
3290 5011 3354 5066 ab
3383 5013 3486 5068 ini-

1893 5070 2039 5125 micis
2061 5070 2284 5152 vestris:
2331 5069 2498 5152 quod.
2521 5071 2767 5152 ιιιιιιιιξιιι⁵
2794 5088 2865 5130 ex
2898 5075 3215 5152 _Scripturis
3268 5084 3489 5152 putavit

1894 5141 2293 5198 emendandum
2312 5181 2328 5204 ,
2354 5141 2451 5195 sed
2477 5141 2589 5212 jam
2634 5144 2838 5212 saepius
2858 5141 3283 5207 observavimus
3296 5168 3486 5211 exemc

1893 5213 2045 5294 plar,
2088 5227 2197 5294 quo
2251 5212 2516 5294 utebatur
2549 5224 2774 5294 sanctus
2803 5216 3027 5288 Doctor,
3050 5220 3119 5276 ab
3143 5221 3208 5278 iis
3230 5239 3353 5294 quas
3379 5227 3486 5283 cir-

1892 5283 2296 5356 cumferuntur,
2328 5284 2381 5338 in
2410 5284 2594 5339 multis
2615 5283 2981 5356 discrepasse.

1974 5353 2143 5428 iMss.
2161 5354 2387 5428 aliquot,
2420 5358 2738 5428 futurorum,
2768 5353 2958 5428 corpus
2984 5370 3154 5416 autem
3179 5362 3373 5421 Christi
3401 5384 3481 5424 re-

1894 5426 2176 5507 quiramus.
2226 5423 2373 5507 infra
2403 5423 2534 5481 vero
2566 5427 2664 5507 ubi.
2684 5437 2797 5507 v_et_.
2841 5423 2976 5507 edit.
3007 5445 3072 5488 ac
3100 5433 3287 5503 plures
3324 5423 3481 5507 mss.,

1892 5495 2189 5579 factione“
2228 5497 2307 5549 illi
2336 5512 2356 5549 :
2382 5512 2570 5579 corpus
2599 5495 2812 5566 Christi,
2842 5500 3062 5579 quidam
3100 5495 3259 5579 mss.,
3291 5495 3483 5579 factum

1890 5575 1985 5620 est.
2020 5566 2175 5641 Illic,
2211 5579 2381 5641 unus.
2426 5567 2591 5641 illud,
2635 5584 2824 5641 corpus
2852 5566 3079 5641 Christi;
3109 5566 3267 5632 Rom:
3291 5566 3427 5635 edit.
3452 5597 3484 5638 ο

1890 5651 2022 5720 mss.
2058 5635 2380 5723 quihusdam
2423 5637 2793 5723 itareposnit,
2842 5635 3167 5723 [actam-est
3190 5648 3295 5703 illis
3318 5690 3333 5717 ,
3358 5635 3480 5723 quia

1886 5709 2167 5764 tonitruum
2191 5709 2383 5779 factum
2405 5718 2479 5764 est
2498 5709 2602 5763 illis
2626 5724 2812 5782 corpus
2836 5714 3048 5772 (.hristi.
