4092 6190
564 266 706 328 1547

1918 233 2160 309 sanest
2200 223 2516 308 Attenesn

3768 237 3932 294 1343

567 378 800 449 (Coloss.
838 394 897 443 tt,
929 376 1047 447 i6).
1092 376 1299 444 Corpus
1345 375 1526 444 itaque
1561 369 1765 427 Christi
1796 367 2162 436 requiramus,
2198 369 2241 429 Α
2274 364 2386 434 15).
2419 362 2542 433 Ipse
2579 360 2745 416 faciat
2769 359 2870 415 sibi
2913 357 3270 414 rationabiles
3307 355 3462 411 tubas
3488 352 3631 409 duas
3659 349 3930 406 duetiles

569 473 714 544 quod
739 473 890 527 vobis
919 471 1071 542 quasi
1096 469 1386 524 novissima
1419 467 1544 523 tuba
1574 481 1674 520 vox
1703 465 1770 520 de
1791 464 1931 520 cmlo
1951 472 2172 534 patet-na

574 565 936 626 monstravit,
987 572 1114 617 tunc
1163 577 1286 616 curn
1340 560 1590 616 dicebant
1621 557 1832 623 Judaei,
1881 555 2005 626 quia
2037 553 2177 608 toni-

520 715 538 728 ,
576 669 754 713 trttnm
785 657 984 712 factum
1010 665 1094 712 est
1121 657 1198 712 illi
1221 655 1402 728 (Ioan.
1429 670 1526 720 χιι,
1557 653 1651 726 28)
1687 669 1700 707 :
1748 665 1948 719 corpus
1974 646 2178 704 Christi

577 751 722 822 quod
749 752 944 805 iterum
976 751 1101 806 tuba
1120 750 1275 806 nobis
1302 749 1590 804 novissima
1611 744 1902 807 revelabit;
1925 741 2182 813 quoniam

576 844 686 914 ipse
713 843 968 898 Dominus
1009 845 1060 897 in
1075 845 1233 914 jussu
1271 842 1594 913 arthangeli,
1629 849 1678 894 et
1715 839 1768 892 in
1795 837 1918 891 tuba
1942 834 2036 889 Dei
2065 832 2182 887 des-

580 937 758 991 cendet
788 937 850 992 de
878 938 1002 991 caelo
1031 946 1119 991 :et
1149 937 1339 990 mortui
1383 937 1474 1005 qui
1507 936 1562 987 in
1592 933 1798 988 Christo
1829 937 1972 995 sunt,
2011 942 2184 982 resur-

579 1038 697 1101 gent
721 1028 765 1098 (l
787 1027 968 1084 Thess.
1001 1044 1073 1094 tv,
1101 1030 1212 1098 i5);
1238 1028 1326 1081 ubi
1354 1028 1502 1083 enim
1537 1040 1748 1097 corpus,
1790 1021 1900 1076 illic
1920 1031 1968 1076 et
1992 1017 2186 1088 aquila:

581 1121 600 1193 (
619 1120 744 1175 Luc.
781 1137 908 1187 xm,
937 1121 1032 1192 37)
1063 1138 1077 1174 :
1115 1121 1205 1175 ubi
1225 1119 1428 1175 Christi
1458 1133 1678 1188 corpus,
1706 1115 1779 1171 ibi
1812 1114 2032 1170 veritas.
2113 1166 2124 1171 -

658 1213 782 1268 108.
837 1211 1084 1282 Septima
1107 1213 1272 1282 igitur
1294 1211 1421 1266 tuba
1449 1207 1804 1265 hebdomadis
1825 1205 2069 1276 requiem
2103 1201 2184 1256 vi-

582 1309 744 1360 detur
781 1304 1109 1375 signiﬁcare,
1141 1318 1262 1374 qua:
1291 1317 1402 1357 non
1425 1301 1604 1357 solum
1633 1301 1686 1354 in
1715 1297 1910 1353 diebus
1951 1304 2006 1350 et
2027 1294 2188 1350 annis

580 1408 636 1456 et
668 1399 904 1468 periodis
935 1399 1241 1454 aestimatur
1265 1395 1433 1466 (unde
1459 1403 1514 1450 et
1537 1393 1797 1464 jubiimus
1827 1398 2075 1446 sacratus
2100 1393 2188 1443 est

585 1493 893 1561 numerus),
918 1492 1014 1546 sed
1033 1491 1198 1545 etiam
1219 1505 1425 1546 annum
1453 1490 1916 1558 septuagesimum
1940 1495 2190 1552 compre-

585 1581 796 1646 hendit,
820 1583 1040 1652 quando
1066 1582 1121 1636 itt
1150 1582 1492 1637 Hierusalem
1511 1592 1796 1650 regressus
1824 1585 1908 1632 est
1937 1573 2186 1646 populus,

585 1678 676 1747 qni
708 1677 1050 1747 septuaginta
1083 1677 1241 1732 annis
1277 1677 1328 1730 in
1361 1674 1680 1746 captivitate
1701 1665 1939 1727 durav‘u.
1972 1667 2030 1723 in
2061 1682 2191 1722 ceu-

2275 461 2502 526 argento
2529 453 2762 525 probato
2787 451 3046 524 (NIMJ,
3073 450 3149 522 i),
3184 449 3288 505 hoc
3302 459 3406 514 est,
3438 446 3692 519 pretioso
3721 444 3927 499 verbo

2277 548 2612 620 compositas
2668 554 2724 602 et
2751 555 3000 608 ornatas;
3056 541 3254 614 quibus
3291 556 3400 596 non
3444 554 3671 595 raucum
3715 537 3922 593 increo

2279 654 2432 714 pana,
2467 642 2697 698 terribili
2739 640 2923 696 sonitu
2953 653 3198 694 murmur
3250 637 3636 704 interstrepat,
3670 630 3783 687 sed
3819 645 3923 686 su-

2279 736 2475 793 blimes
2508 735 2705 806 gratia:
2737 734 2848 788 Deo
2893 732 3150 788 continua
3181 728 3513 800 jubiiatione
3565 724 3913 780 fundantur.

2281 831 2498 887 Talium
2511 828 2656 884 enim
2683 826 2940 882 tubarum
2971 824 3155 879 sonitu
3184 821 3382 877 mortui
3405 817 3772 883 suscitantur,
3798 832 3921 872 non

2281 921 2499 992 crepitu
2525 920 2720 990 utique
2748 917 2898 984 atris,
2932 916 3027 972 sed
3061 913 3232 970 verbo
3259 912 3508 968 veritatis
3535 909 3807 965 animati.
3846 908 3925 964 Et

2286 1015 2522 1071 fortasse
2551 1012 2676 1070 dua:
2710 1013 2830 1068 ista:
2855 1010 3002 1068 tuba:
3023 1017 3172 1073 sunt,
3199 1023 3298 1079 per
3319 1021 3456 1078 quas
3477 1004 3671 1060 divino
3700 1003 3924 1072 spiritu

2284 1110 2488 1166 Paulus
2535 1107 2803 1178 increpuit
2845 1105 3042 1162 dicens
3078 1122 3091 1158 :
3137 1102 3313 1160 οταὺο
3355 1103 3584 1171 spiritu,
3647 1099 3824 1154 orabo
3871 1109 3924 1152 et

2286 1211 2456 1258 mente
2476 1218 2495 1256 :
2517 1201 2738 1273 psallam
2767 1199 2977 1274 spiritu,
3007 1197 3231 1268 psallam
3259 1204 3310 1251 et
3330 1203 3494 1250 mente
3525 1192 3545 1265 ζ
3572 1192 3590 1247 Ι
3615 1192 3742 1246 Cor.
3785 1207 3913 1254 xiv,

2292 1296 2427 1366 i5);
2463 1296 2694 1350 alterum
2747 1295 2896 1348 enim
2948 1292 3071 1347 sine
3099 1291 3281 1346 altero
3308 1299 3650 1360 nequaquam
3686 1284 3925 1340 videtur

2288 1390 2670 1445 evocationem
2703 1386 2903 1442 habere
2935 1385 3260 1457 perfectam.

2367 1483 2488 1538 111.
2529 1481 2638 1537 Nec
2670 1492 2848 1535 tamen
2873 1478 3120 1534 omnium
3140 1483 3224 1531 est
3247 1479 3480 1543 utraque
3505 1483 3709 1526 canere
3737 1468 3883 1525 tuba
3906 1509 3923 1534 ,

2293 1591 2394 1633 nec
2424 1583 2510 1631 est
2561 1575 2811 1629 omnium
2861 1567 3469 1639 uuiversam',colligere
3518 1574 3870 1634 synagogam
3911 1578 3923 1613 :

2293 1669 2388 1726 sed
2437 1667 2573 1725 solis
2622 1665 3031 1732 sacerdotibus,
3065 1671 3119 1720 et
3145 1660 3408 1717 ministris
3457 1657 3552 1715 Dei
3579 1657 3928 1714 canentibus

586 1773 794 1826 tesitnis
816 1787 1038 1842 quoque
1069 1780 1124 1826 et
1149 1773 1201 1825 itt
1242 1770 1548 1824 millesimis
1581 1768 1722 1822 sacri
1755 1763 2064 1826 observatio
2090 1776 2190 1817 nu—
2222 1757 2270 1819 Ι
2295 1766 2398 1822 ista
2425 1763 2791 1837 praerogativa
2819 1759 3065 1817 defertur
3112 1756 3312 1830 (Nunt.
3365 1771 3394 1810 ι
3421 1797 3435 1822 ,
3465 1752 3504 1808 8
3531 1760 3583 1808 et
3608 1751 3760 1822 seq.)
3789 1768 3807 1818 ;
3866 1758 3928 1804 ut

588 1865 726 1919 tueri
771 1865 996 1920 minime
1031 1864 1366 1933 praeteritur;
1425 1877 1602 1932 neque
1642 1861 1788 1916 enim
1839 1859 2016 1913 otiose
2047 1857 2191 1911 Deus

586 1957 768 2012 dixit:
804 1955 1011 2027 Reliqui
1042 1956 1171 2010 mihi
1221 1966 1412 2026 septem
1458 1956 1627 2010 millia
1667 1956 1916 2018 uirorum,
1954 1953 2043 2022 qui
2089 1967 2192 2005 non

587 2059 924 2104 curvaverant
949 2066 1120 2120 genua
1144 2059 1263 2103 ante
1294 2049 1429 2102 Baal
1458 2047 1546 2120 (ill
1572 2046 1700 2118 Reg.
1737 2063 1855 2112 χιχ,
1889 2044 2013 2114 18).
2051 2043 2192 2113 Ergo

591 2143 782 2196 umbra
831 2142 1023 2196 futura:
1055 2141 1254 2211 quietis
1285 2140 1338 2195 in
1366 2140 1580 2204 diebus,
1636 2137 1913 2194 mensibus
1937 2181 1950 2202 ,
1996 2137 2156 2190 annis
2179 2177 2192 2200 ,

591 2235 776 2290 mundi
797 2233 968 2304 ipsius
1000 2241 1248 2304 tempore
1280 2233 1568 2303 figuratur;
1597 2239 1652 2287 et
1684 2229 1806 2286 ideo
1843 2243 1940 2300 per
1971 2228 2193 2295 Moysen

590 2327 880 2384 mandatur
894 2326 1216 2395 filiisilsrael,
1245 2336 1302 2381 ut
1331 2325 1562 2397 septimo
1588 2337 1800 2389 mense,
1830 2335 1937 2376 una
1968 2318 2192 2385 mensis,

587 2423 816 2494 singulis
838 2423 926 2477 iiat
959 2423 1176 2494 requies
1213 2423 1264 2477 in
1289 2421 1608 2478 memoriale
1640 2419 1889 2475 tubarum
1922 2435 1934 2470 :
1966 2430 2066 2472 nec
2080 2429 2198 2470 ser-

591 2517 697 2570 vile
709 2514 928 2586 aliquod
943 2530 1102 2584 opus,
1119 2513 1213 2570 sed
1229 2514 1342 2570 Deo
1353 2511 1677 2569 sacrificium
1692 2509 2041 2574 oﬂbraturwo
2053 2505 2197 2578 quod

594 2608 648 2663 in
684 2610 803 2677 ipso
853 2607 958 2663 line
991 2608 1379 2674 hebdomadis,
1412 2607 1562 2678 quasi
1592 2604 1778 2661 mundi
1803 2603 2057 2667 sabbato,
2087 2599 2200 2671 spi-

595 2702 773 2756 ritalia
803 2716 830 2754 a
863 2702 1020 2756 nobis
1050 2716 1157 2756 non
1186 2700 1422 2756 carnalia
1453 2714 1618 2769 opera
1673 2696 2011 2767 ﬂagitantur.
2040 2691 2198 2761 Quod

597 2795 742 2848 enim
795 2793 1013 2849 carnale
1047 2833 1062 2859 ,
1113 2794 1347 2858 servile;
1390 2793 1515 2861 quia
1563 2791 1749 2845 animo
1803 2801 1935 2843 caro
1973 2785 2141 2841 servit
2182 2803 2196 2840 :

600 2901 623 2927 "
652 2893 880 2949 liberum
912 2907 1042 2948 vero
1065 2891 1374 2948 innocentia
1407 2888 1555 2954 facit,
1589 2887 1744 2957 culpa
1776 2883 2150 2941 vernaculum.

676 2983 799 3039 109.
841 2985 1095 3054 Oportuit
1123 2984 1286 3054 igitur
1316 2997 1413 3052 per
1440 2979 1719 3050 Speculum
1741 2989 1794 3033 et
1826 2978 1880 3032 in
1913 2975 2202 3045 mnigmate

603 3079 717 3133 lieri
746 3079 1013 3150 spiritalia
1048 3093 1062 3132 :
1100 3078 1252 3132 Num:
1299 3076 1436 3130 enim
1485 3091 1573 3144 per
1615 3071 1884 3142 speculum
1934 3068 2198 3133 videmus,

2293 1861 2619 1932 quicumque
2646 1854 2905 1921 audierit,
2940 1863 2963 1888 ο
2995 1859 3219 1907 secutus
3241 1863 3309 1905 eo
3336 1846 3526 1911 fuerit,
3557 1845 3649 1901 ubi
3689 1852 3785 1900 est
3817 1842 3926 1898 Dei

2294 1951 2488 2022 gloria,
2522 1958 2576 2008 ct
2597 1949 2664 2005 ad
2689 1945 3098 2024 tabernaculum
3133 1940 3430 1999 testimonii
3463 1944 3802 2010 [immatura
3838 1936 3928 1990 in-

2298 2043 2540 2098 tentione
2563 2037 2914 2096 convenerit:
2946 2043 3005 2092 et
3027 2048 3194 2106 opera
3223 2032 3398 2104 possit
3417 2038 3668 2113 spectare
3696 2026 3924 2091 divina,

2297 2142 2352 2190 et
2396 2135 2700 2206 legitimum
2743 2131 2884 2188 illud
2929 2139 3308 2200 a-teruumque
3337 2123 3680 2182 domicilium
3706 2122 3761 2177 in
3802 2134 3927 2176 sum

2299 2227 2640 2299 posteritatis
2685 2226 2886 2281 seriem
2920 2221 3244 2295 promereri.
3285 2219 3438 2274 Tunc
3493 2217 3642 2272 enim
3700 2214 3926 2270 bellum

2297 2322 2620 2385 coniicitur,
2682 2320 2854 2375 hostis
2885 2319 3132 2390 fugatur;
3188 2313 3407 2387 quando
3460 2311 3703 2383 Spiritus
3733 2310 3928 2381 gratia

2297 2416 2568 2480 concinit,
2595 2422 2651 2469 et
2677 2413 2877 2468 mentis
2903 2409 3192 2484 industria.

2376 2509 2502 2565 112.
2545 2508 2684 2564 Sunt
2715 2515 2770 2563 et
2799 2506 2909 2562 illa:
2935 2504 3204 2560 salutares
3229 2499 3392 2565 Iubar,
3424 2497 3470 2553 si
3491 2494 3660 2554 corde
3689 2493 3928 2557 credas,

2300 2613 2357 2664 et
2383 2619 2478 2661 ore
2505 2603 2821 2661 coitiitearis
2844 2619 2859 2657 :
2914 2600 3086 2658 Corde
3113 2601 3247 2655 enim
3273 2595 3502 2652 creditur
3553 2594 3624 2648 ad
3640 2591 3929 2666 justitiam

2305 2715 2394 2754 ore
2417 2708 2590 2754 autem
2613 2699 2869 2764 confessio
2899 2697 2956 2766 ﬁt
2987 2695 3056 2750 ad
3097 2695 3314 2750 salutem
3346 2691 3524 2764 (Rom.
3550 2705 3609 2755 ιι,
3646 2686 3773 2757 10).
3810 2685 3930 2741 Hac

2303 2791 2468 2862 igitur
2498 2790 2715 2864 gemina
2750 2789 2874 2844 tuba
2916 2787 2985 2843 ad
3012 2789 3160 2843 illam
3189 2791 3434 2839 sanctam
3467 2790 3694 2845 terram,
3730 2793 3932 2834 resur-

2306 2884 2570 2939 rectionis
2617 2883 2830 2938 scilicet
2858 2882 3110 2952 gratiam,
3137 2875 3487 2951 pervenitur;
3521 2880 3578 2929 et
3607 2871 3735 2926 ideo
3769 2884 3935 2924 sem-

2307 2989 2404 3046 per
2451 2975 2548 3030 tibi
2598 2974 2909 3037 concinant,
2945 2980 3001 3024 ut
3030 2983 3248 3038 semper
3287 2965 3478 3021 audias
3509 2962 3606 3018 Dei
3662 2977 3878 3017 vocem
3916 2978 3930 3014 :

2304 3084 2524 3140 semper
2551 3077 2603 3123 te
2629 3065 2947 3137 angelorum
2978 3056 3476 3134 prophetarumque
3503 3055 3729 3112 oracula
3756 3056 3934 3112 exci-

600 3181 720 3225 tunc
751 3180 922 3225 autem
951 3173 1083 3242 [acie
1107 3171 1175 3224 ad
1197 3170 1378 3240 [aciem
1407 3168 1426 3240 (
1444 3168 1462 3223 l
1493 3167 1612 3222 Cor.
1646 3141 1762 3232 snt,
1796 3164 1904 3233 l2).
1934 3162 2087 3218 Nunc
2119 3177 2199 3218 sc-
2227 3141 2272 3204 (ἶ
2307 3173 2419 3220 teut
2441 3171 2606 3232 atque
2634 3165 3039 3223 commoveant,
3067 3151 3092 3192 ἀ
3118 3162 3175 3209 ιιι
3197 3151 3264 3207 ad
3296 3150 3580 3223 superiora
3603 3147 3872 3205 festines.

603 3264 839 3319 cundum
868 3279 1086 3319 carnem
1143 3263 1436 3317 militamus
1457 3302 1471 3327 ,
1522 3269 1647 3314 tunc
1677 3259 1868 3328 spiritu
1896 3256 2201 3312 videbimtis

603 3349 785 3405 divina
809 3350 1085 3421 mysteria.
1114 3348 1180 3404 Et
1203 3348 1325 3403 ideo
1354 3362 1500 3403 verm
1531 3345 1663 3415 legis
1683 3344 1965 3401 character
1988 3340 2202 3414 1164

604 3445 656 3499 itt
692 3443 893 3498 nostris
925 3442 1166 3498 moribus
1195 3442 1552 3511 exprimatur,
1586 3438 1677 3509 qui
1718 3437 1771 3492 in
1822 3436 1916 3492 Dei
1960 3436 2201 3489 ambula-

603 3549 723 3591 mus
753 3534 1018 3605 imagine;
1070 3534 1324 3604 quoniatn
1364 3533 1473 3601 jam
1517 3531 1653 3602 legis
1682 3529 1874 3584 umbra
1903 3528 2153 3582 transivit
2182 3542 2196 3579 :

602 3629 788 3684 umbra
819 3627 1022 3683 Jndrcis
1053 3626 1081 3664 δ
1103 3625 1435 3691 carnalibus,
1466 3625 1644 3695 imago
1668 3623 1846 3689 nobis,
1879 3620 2084 3676 veritas
2111 3635 2198 3674 re-

602 3723 951 3778 snrrccturis.
987 3721 1116 3776 Tria
1158 3721 1303 3776 enim
1340 3717 1454 3774 htec
1485 3717 1784 3774 secundum
1836 3715 2036 3785 Legem
2079 3729 2201 3770 esse

600 3815 1263 3886 cognovimus,umbram,
1289 3813 1598 3882 imaginem,
1619 3813 1928 3868 veritatem:
1953 3809 2199 3863 umbram

603 3909 658 3963 itt
691 3908 865 3980 Lege,
897 3907 1191 3978 imaginem
1222 3906 1274 3960 in
1308 3905 1622 3976 Evangilio,
1657 3904 1944 3959 veritatem
1982 3903 2034 3955 in
2058 3900 2203 3971 judi-

602 4001 708 4056 cio.
743 4001 848 4056 Sed
888 3999 1090 4055 Christi
1128 3999 1328 4062 omnia,
1382 4006 1437 4053 et
1463 3998 1515 4052 in
1544 3997 1764 4052 Christo
1793 3995 1996 4063 omnia,
2039 4007 2199 4064 quem

603 4109 746 4150 nunc
771 4091 1068 4148 secundum
1100 4093 1390 4148 veritatem
1413 4089 1600 4150 videre
1627 4104 1732 4146 non
1753 4101 2078 4159 possumus:
2106 4083 2203 4144 sed

600 4186 846 4242 videmus
873 4186 1029 4256 quasi
1074 4185 1126 4240 in
1158 4185 1387 4256 quadarn
1417 4183 1650 4254 imagine
1678 4181 2009 4244 futurorum,
2060 4193 2200 4249 quo-

601 4291 720 4332 rum
771 4279 1020 4333 umbram
1051 4277 1105 4332 in
1137 4277 1278 4348 Lege
1330 4275 1728 4346 perspeximus.
1769 4274 1908 4345 Ergo
1934 4270 2202 4334 Christus

604 4386 710 4425 non
763 4370 988 4434 umbra,
1045 4369 1142 4424 sed
1190 4370 1368 4439 imago
1416 4363 1511 4424 Dei
1559 4383 1574 4421 :
1621 4383 1730 4426 non
1782 4381 1948 4422 vacua
2001 4366 2201 4435 imago,

2380 3256 2502 3310 115.
2548 3253 2695 3309 ilanc
2718 3251 3080 3307 intentionem
3109 3245 3278 3303 David
3305 3243 3565 3302 versabat
3589 3241 3645 3298 in
3667 3249 3927 3313 pectore,

2308 3364 2430 3406 cum
2463 3329 2723 3405 dicebat:
2771 3345 3027 3414 Quoniam
3051 3341 3281 3397 transibo
3305 3340 3359 3394 in
3389 3338 3560 3394 locum
3589 3336 3928 3391 tabernaculi

2303 3442 2651 3508 admirabilis,
2683 3455 2849 3511 usque
2888 3437 2957 3492 ad
2988 3437 3196 3491 domum
3242 3432 3377 3499 Dei;
3430 3431 3484 3484 in
3535 3443 3658 3483 voce
3685 3429 3930 3482 exsulta-

2303 3537 2460 3591 tionis
2477 3544 2524 3588 et
2545 3533 2907 3604 confessionis,
2952 3547 3110 3586 sonus
3137 3525 3400 3602 epulantis
3434 3523 3624 3596 (Plui.
3659 3537 3780 3588 xu,
3815 3521 3852 3576 5
3877 3521 3921 3590 ).

2303 3625 2423 3682 Non
2454 3626 2600 3680 enim
2631 3623 2733 3679 soli
2764 3623 2954 3677 hostes
2982 3619 3173 3674 harum
3205 3616 3456 3674 tubarum
3489 3610 3700 3686 1165
3729 3612 3918 3666 sonitu

2303 3720 2595 3780 vincuntur
2627 3736 2639 3770 :
2671 3715 2769 3772 sed
2797 3723 2879 3772 .et
2927 3711 3353 3778 delectationes,
3399 3717 3454 3764 et
3497 3706 3614 3762 dies
3646 3703 3809 3770 festi,
3869 3711 3924 3758 et

2305 3811 2607 3869 neomenite
2653 3809 2774 3868 sine
2804 3807 2889 3863 bis
2919 3822 3044 3863 esse
3089 3807 3220 3860 non‘
3249 3811 3497 3873 possunt.
3553 3798 3726 3854 Nemo
3766 3797 3919 3851 enim

2305 3915 2486 3979 potest
2509 3906 2612 3962 nisi
2641 3903 2810 3960 divini
2855 3901 3073 3964 hauriat
3099 3885 3370 3971 premissa
3408 3892 3703 3957 sermonis,
3747 3899 3804 3946 et
3838 3905 3924 3946 re-

2305 4000 2632 4057 sultantibus
2670 3996 2862 4054 credat
2891 3994 3129 4052 oraculis
3149 4033 3165 4059 ,
3227 3989 3512 4048 exsultare
3543 3984 3731 4040 latitia
3753 4027 3766 4048 ,
3804 3983 3924 4039 dies

2307 4095 2477 4150 festos
2503 4102 2598 4148 aut
2627 4090 2950 4148 neomenias
2978 4103 3160 4160 agere,
3192 4085 3390 4156 quibus
3416 4097 3474 4142 se
3501 4076 3779 4149 corporali
3801 4092 3922 4148 gra-

2305 4189 2400 4252 tia,
2416 4195 2471 4242 et
2494 4184 2749 4240 saeculari
2770 4182 3136 4252 occupatione
3153 4186 3466 4241 vacuatum,
3485 4169 3693 4227 thriin
3720 4167 3921 4238 repleri

2309 4280 2431 4338 luce
2477 4278 2776 4340 desideret.
2811 4275 3090 4346 sacrificia
3118 4287 3344 4346 quoque.
3375 4270 3494 4341 ipsa
3543 4267 3658 4322 Deo
3691 4263 3920 4343 probata

2306 4389 2430 4430 esse
2459 4388 2565 4430 non
2597 4382 2846 4441 possunt,
2881 4370 2986 4426 nisi
3024 4353 3302 4433 confessio
3330 4363 3479 4420 vocis
3507 4359 3718 4430 aspiret
3747 4397 3766 4422 ,
3791 4371 3916 4428 qua:

603 4464 700 4524 sed
734 4467 949 4520 veritas.
1006 4461 1223 4519 Etich
1247 4476 1342 4533 per
1379 4461 1604 4531 Moysen
1653 4459 1798 4523 Lex;
1855 4459 1981 4529 quia
2011 4457 2204 4512 umbra
2232 4527 2272 4533 _
2309 4464 2634 4521 sacerdotali
2664 4463 2948 4517 oblatione
2985 4459 3060 4514 ad
3102 4453 3505 4516 obsecrandam
3538 4449 3635 4506 Dei
3685 4446 3916 4520 gratiam

606 4575 700 4631 per
725 4558 1025 4624 hominem,
1059 4556 1225 4628 iigura
1248 4527 1364 4624 vper
1391 4527 1592 4624 Legem
1615 4592 1632 4620 ,
1676 4567 1772 4624 per
1793 4527 1976 4607 lesum
2005 4549 2205 4604 veritas
2232 4527 2286 4589 9
2313 4557 2544 4628 populus
2567 4556 2808 4611 excitare
2838 4551 3148 4622 consuevit,

606 4652 786 4726 (Joan.
819 4668 858 4718 t,
889 4650 1001 4722 i7).
1025 4647 1220 4721 Neque
1243 4647 1387 4714 enim
1409 4646 1607 4708 veritas
1623 4645 1865 4714 aliunde,
1890 4644 1994 4702 nisi
2012 4659 2077 4699 ex
2106 4659 2200 4700 ve-

604 4747 770 4801 ritate
801 4743 1140 4815 procederet.

681 4837 804 4892 li0.
849 4837 905 4893 Si
935 4836 1056 4907 quis
1081 4849 1212 4907 ergo
1238 4834 1380 4891 hanc
1407 4834 1703 4906 imaginem
1723 4833 1820 4889 Dei
1849 4832 2040 4888 videre
2062 4830 2205 4887 desi-

604 4929 783 4994 derat,
807 4928 971 4984 debet
995 4927 1221 4999 diligere
1243 4927 1425 4992 Deum.
1467 4936 1528 4988 ut
1542 4911 1800 5000 diligatur
1825 4941 1858 4988 a
1884 4925 1995 4982 Deo
2019 4943 2032 4982 :
2057 4934 2113 4982 et
2133 4925 2204 4990 sit

602 5023 711 5095 jam
741 5038 850 5080 non
875 5036 1086 5091 servus.
1111 5020 1210 5088 sed
1231 5021 1456 5090 amicus,
1480 5022 1572 5093 qui
1595 5021 1847 5080 mandata
1869 5020 1963 5076 Dei
1990 5018 2202 5088 fecerit;

603 5124 662 5172 ut
676 5116 850 5188 possit
871 5115 1100 5172 introire
1129 5115 1184 5171 in
1207 5115 1428 5184 nubem,
1455 5115 1552 5170 ubi
1574 5121 1659 5170 est
1686 5114 1831 5170 Deus
1843 5113 2040 5183 (Exod.
2060 5130 2209 5181 χειν,

680 5317 704 5344 τι
746 5307 1002 5362 Nonnulli
1035 5321 1192 5376 mss...
1222 5306 1440 5364 liberum
1485 5305 1780 5366 innocentia
1816 5303 2001 5372 faciat,
2042 5303 2202 5376 culpa

609 5379 975 5445 vernaculum;
1024 5373 1188 5446 unus.
1241 5380 1492 5439 venalem.
1537 5379 1640 5438 Est
1662 5387 1843 5440 autem
1869 5373 2201 5431 vernaculus

609 5466 804 5508 servus
831 5450 980 5506 domi
1013 5461 1193 5512 natus.

681 5523 708 5563 ι’
734 5523 860 5578 Mss.
887 5535 994 5582 non
1025 5522 1206 5592 pauci.
1233 5520 1537 5586 carnalibus.
1555 5535 1604 5577 et
1631 5521 1823 5589 imago,
1849 5517 1998 5592 nobis
2022 5517 2210 5592 ueritas

612 5593 978 5654 resurrectttris
997 5587 1241 5655 {melius
1263 5604 1443 5652 tamen
1472 5594 1586 5658 alii,
1612 5601 1670 5647 et
1695 5587 1888 5645 omnes
1914 5587 2047 5658 edit.
2076 5588 2213 5640 utin

613 5677 795 5731 textu;
827 5663 1022 5734 quibus
1050 5666 1214 5722 etiam
1263 5663 1444 5720 verbis
1471 5655 1718 5720 eamdem
1749 5655 2076 5712 sententiam
2109 5671 2216 5734 es;

613 5726 861 5804 pressam
887 5736 1129 5805 reperies
1159 5737 1355 5792 Euarr.
1391 5737 1443 5790 in
1475 5735 1614 5805 psal.
1667 5742 1878 5787 xxxvnt
1899 5767 1914 5794 ,
1944 5741 2092 5780 num.
2123 5726 2218 5795 25,

610 5802 777 5859 etlib.
813 5819 850 5855 t.
883 5803 1040 5858 0ftie.
1073 5819 1198 5876 cap.
1230 5805 1326 5875 48,
1351 5802 1501 5863 num‘.
1531 5802 1660 5860 248.

2383 4647 2509 4710 ili.
2551 4645 2740 4718 itaque
2758 4647 2928 4704 simus
2950 4642 3344 4716 pradicatares
3374 4630 3616 4702 Domini,
3647 4639 3704 4690 et
3734 4631 3915 4687 laude-

2311 4755 2580 4798 museum
2611 4740 2666 4794 in
2694 4753 2833 4795 voco
2859 4738 3007 4793 tuba
3026 4743 3046 4809 (
3065 4735 3212 4792 Post.
3242 4749 3330 4800 ea,
3362 4730 3456 4802 3),
3485 4742 3594 4786 non
3621 4725 3827 4796 exigua
3856 4722 3918 4779 de

2310 4837 2513 4893 virtute
2544 4834 2663 4908 eius
2704 4843 2760 4902 et
2797 4831 2931 4889 vilia
2961 4831 3291 4906 sentientes,
3313 4825 3416 4883 sed
3449 4839 3514 4880 ea
3543 4834 3668 4893 quin
3709 4819 3919 4902 possint

2311 4943 2501 4991 aurem
2525 4924 2726 4986 mentis
2751 4923 3014 4996 implere,
3040 4931 3093 4984 et
3122 4917 3342 4992 imitate.
3368 4911 3725 4988 conscientiae
3752 4921 3918 4984 pene-

2313 5031 2461 5077 trare
2489 5028 2804 5082 secretum;
2826 5025 2890 5072 ut
2909 5030 2974 5075 ea
2995 5029 3126 5086 quas
3148 5004 3750 5081 conperi-conveniunt,
3781 4997 3915 5063 diti.-

2317 5119 2473 5175 nitati
2529 5133 2640 5174 non
2675 5123 2934 5196 putemus
2963 5109 3202 5184 aptanda
3238 5124 3252 5163 :
3296 5115 3399 5188 nee
3426 5101 3633 5160 divinae
3660 5098 3917 5192 magnitu-

2385 5314 2406 5341 ο
2450 5301 2580 5358 Mss.
2613 5299 2862 5371 aliquot,
2895 5305 2942 5354 et
2995 5299 3204 5354 secuta
3252 5305 3341 5348 eas
3389 5286 3585 5359 tuerit,
3640 5295 3752 5339 non
3793 5279 3917 5349 satis

2311 5381 2488 5430 recte.

2387 5423 2579 5499 auitet.
2611 5442 2748 5498 edit.
2781 5456 2846 5497 ao
2862 5440 3060 5512 plures
3077 5442 3326 5512 m_ss._._ttt-
3347 5425 3711 5512 ςέςξφενὶοζα
3726 5423 3917 5512 Ιξθέιξξζιξξ

2316 5517 2376 5571 in
2423 5495 2597 5570 locum
2620 5495 2966 5570 tabamus
2995 5495 3365 5570 admirabilia;
3395 5495 3528 5570 iiii-1.
3561 5495 3712 5571 unde
3741 5495 3918 5571 lacuna

2321 5564 2696 5656 ἒῐιρῖιὲῑξὶάιέζ
2714 5564 2986 5656 “triﬁdis
3015 5564 3686 5656 lectioni-ititaiutiicavit;
3701 5564 3919 5656 indeque

2325 5650 2505 5712 locum
2547 5655 2707 5710 Rata.
2757 5653 2890 5709 edit.
2923 5651 3193 5715 restituit,
3248 5660 3413 5717 quam
3444 5650 3863 5706 restituuonuu
3896 5650 3919 5688 θ

2330 5743 2467 5784 mss.
2499 5725 2708 5783 nostris
2739 5725 2892 5780 multi
2922 5723 3270 5780 conﬁrmant.
