4076 6172
153 187 298 260 ἐϊκᾦῆ
1072 196 1160 253 DE
1201 192 1511 258 EXCESSU
1552 198 1763 256 FBA“

1888 201 1996 261 SUI
2036 203 2283 261 SATYRI
2325 203 2454 260 LIB.
2497 203 2563 261 ll.
3325 213 3465 269 1550

145 307 336 365 dinem
389 311 676 379 potestatis
732 311 982 369 humanis
1033 316 1240 371 viribus
1300 317 1628 381 metiamur;
1697 325 1753 371 ut
1780 327 1834 386 Α
1857 320 1953 375 sed
1985 321 2276 376 emendare
2302 321 2416 374 vult
2452 338 2466 374 ε
2500 334 2601 376 nec
2631 322 2922 378 excludere
2953 323 3147 379 durum
3181 327 3422 382 Ecclesia
3450 370 3466 395 ,

144 415 463 471 quaeramus
503 405 777 474 quomodo
801 407 922 474 quis
950 417 1213 479 resurgat,
1238 419 1333 464 aut
1355 409 1498 480 quali
1522 424 1756 479 corpore
1855 413 1951 469 sed
1981 413 2190 468 mollire
2213 413 2507 469 desiderat.
2541 422 2567 452 α
2602 413 2668 468 Et
2699 415 2821 468 ideo
2853 415 2906 468 in
2945 416 3182 472 Canticis
3223 420 3463 474 cantico-

144 493 358 563 veniat,
383 505 477 552 aut
499 496 959 565 quemadmodum
996 499 1173 558 soluta
1208 509 1436 568 coeant,
1483 501 1638 573 lapsa
1662 516 1753 558 re-
1856 520 1978 560 rum
2004 519 2099 560 eos
2132 506 2398 572 Ecclesia,
2431 507 2486 561 in
2516 506 2813 577 Evangelio
2843 507 3094 562 Christus
3138 509 3333 564 invitat
3379 512 3462 566 di-

143 597 441 655 parentur;
470 586 588 648 hinc
619 591 768 649 enim
790 591 1018 648 arbitrio
1037 593 1132 650 Dei
1154 592 1316 650 simul
1341 600 1754 666 utstatuttnlur,
1853 613 2022 655 cens:
2066 597 2244 665 Venite
2269 601 2337 654 ad
2370 618 2448 656 me
2488 617 2662 656 omnes
2692 603 2779 670 qui
2826 600 3105 667 laboratis,
3159 611 3209 656 et
3265 606 3463 658 onerati

141 677 461 747 implentur.
494 680 605 736 Nec
632 683 908 740 sensibilis
935 684 1186 744 tubarum
1211 694 1562 756 exspectatur
1592 686 1751 756 audi-
1854 695 1980 750 estis
2003 711 2022 749 :
2054 705 2101 750 et
2129 711 2220 766 ego
2249 696 2478 764 reﬁciam
2508 711 2616 750 eos.
2665 694 2858 749 Tollite
2899 697 3088 767 jugum
3121 711 3287 749 meum
3311 713 3462 766 super

144 782 234 829 ιιιὸ
257 815 272 840 ν
331 776 429 832 Sed
459 776 744 836 invisibilis
790 779 1034 850 polentia
1064 779 1486 850 magnificentia:
1513 781 1754 839 cmlestis
1855 804 1965 855 nos,
2008 796 2056 842 et
2094 788 2274 842 discite
2318 805 2349 841 α
2387 804 2467 842 me
2507 788 2628 857 quia
2671 787 2812 840 mitis
2833 803 2946 842 sum
2990 796 3036 840 et
3064 787 3276 842 Immitis
3310 790 3463 843 corde

141 879 438 938 operatur;
475 871 585 930 Deo
611 873 756 928 enim
795 874 937 930 velle
984 889 1084 945 pro
1108 874 1254 930 facto
1281 886 1366 931 est
1397 895 1408 930 :
1441 891 1545 932 nec
1565 892 1753 932 rcsur-
1853 879 2009 953 (Μαι.
2047 896 2118 944 xt,
2143 881 2232 948 28,
2257 879 2374 952 ‘29).
2438 909 2443 912 -

142 960 412 1025 rectionis
462 963 822 1033 requirendus
853 967 1034 1033 nisus,
1089 968 1184 1025 sed
1216 969 1428 1025 fructus
1454 970 1613 1025 nobis
1666 979 1758 1026 est
1929 976 2056 1031 118.
2100 975 2359 1032 Ecclesia:
2403 990 2618 1048 quoque
2655 991 2845 1033 vocem
2879 977 3158 1032 invitantis
3190 991 3463 1047 agnosce;

141 1056 509 1125 expetendus.
534 1058 665 1125 Quae
691 1062 989 1130 proclivius
1010 1063 1400 1131 celebrabitur,
1430 1063 1479 1119 si
1493 1063 1752 1120 exinaniti
1852 1067 1985 1122 dicit
2011 1069 2158 1124 enim
2193 1085 2206 1122 :
2240 1067 2500 1139 Exsurge,
2544 1070 2718 1139 aquilo
2742 1111 2756 1135 ,
2802 1078 2850 1123 et
2879 1071 3013 1136 veni,
3041 1077 3246 1133 auster;
3295 1069 3462 1139 perﬂa

140 1152 297 1210 vitiis
322 1154 718 1225 plenitudinem
747 1158 1010 1229 spiritalis
1038 1160 1288 1232 mysterii
1316 1173 1746 1230 consequamur,
1776 1162 1778 1164 ’
1854 1162 2064 1218 hortum
2108 1179 2312 1230 meum,
2345 1172 2390 1218 et
2414 1162 2648 1233 deﬂuant
2679 1173 2942 1233 unguenta
2981 1178 3112 1217 mea.
3170 1162 3463 1216 Descendat

138 1247 489 1318 gratiamque
517 1259 774 1306 renovata
805 1267 940 1308 caro
962 1262 1144 1309 sumat
1171 1269 1202 1309 a
1231 1253 1449 1325 spiritu,
1491 1264 1545 1308 et
1576 1252 1750 1324 iulgo-
1855 1256 2018 1325 frater
2043 1271 2184 1310 meus
2213 1256 2269 1309 in
2291 1256 2497 1310 hortum
2524 1272 2697 1322 suum,
2743 1266 2766 1293 °
2804 1266 2851 1310 et
2893 1259 3010 1311 edat
3035 1259 3262 1328 fructum
3296 1255 3461 1324 ponti-

141 1355 264 1421 rem
297 1341 434 1399 lucis
467 1353 690 1400 acterna:
715 1353 741 1383 ἰ
766 1347 944 1401 ania
966 1356 1252 1402 mutuetur
1277 1363 1306 1402 a
1331 1347 1568 1403 Christo.

227 1433 356 1489 115.
399 1435 507 1492 Sed
557 1450 668 1491 non
716 1437 896 1493 solum
943 1437 1310 1509 singulorum,
1358 1452 1550 1493 verum
1587 1437 1750 1493 etiam

142 1527 522 1586 universitatis
555 1539 681 1586 sunt
704 1532 805 1587 ista
836 1531 1117 1604 mysteria.
1153 1531 1394 1588 Advorte
1424 1531 1571 1588 enim
1592 1531 1748 1602 juxta

143 1631 340 1692 typum
365 1623 546 1694 Legis,
573 1625 824 1682 ordinem
841 1607 1053 1696 gratiae.
1083 1626 1220 1682 Cum
1250 1625 1374 1682 tuba
1408 1627 1581 1697 prima
1607 1625 1751 1681 ceci-

1856 1351 2087 1418 ferarum
2109 1363 2327 1402 suarum
2348 1347 2519 1420 (Cant.
2549 1363 2623 1413 tv,
2658 1349 2754 1414 16;
2781 1365 2831 1414 v,
2865 1351 2940 1420 1).
2971 1348 3164 1403 Sciens
3186 1348 3332 1401 enim
3350 1347 3462 1417 jam

1859 1447 1992 1496 tunc
2019 1441 2184 1496 etiam
2210 1439 2404 1496 horum
2431 1440 2526 1495 tibi
2559 1439 2678 1495 fore
2705 1455 2869 1510 opera
2906 1440 3182 1494 fructuosa
3202 1480 3216 1504 ,
3247 1437 3470 1494 Christo

1859 1542 1954 1588 tuo
1997 1532 2236 1589 fructum
2277 1532 2345 1589 de
2376 1533 2572 1587 talibus
2605 1533 2933 1602 pollicebare
2964 1551 2976 1585 :
3010 1542 3064 1587 et
3111 1547 3233 1603 quas
3277 1531 3458 1600 primo

1863 1635 1918 1681 te
1971 1624 2026 1680 in
2076 1625 2385 1681 cubiculum
2438 1624 2620 1680 dixisti
2680 1624 2844 1695 Regis
2897 1623 3198 1690 inductam,
3229 1624 3466 1692 diligens

144 1716 315 1782 nerit,
343 1716 637 1773 orientales
663 1729 978 1790 congregat,
1003 1721 1158 1791 quasi
1189 1721 1496 1791 praecipuos
1527 1728 1580 1775 et
1607 1720 1752 1775 elec-
1784 1715 1834 1776 Β
1863 1721 2029 1776 ubera
2068 1735 2231 1790 super
2253 1720 2459 1784 vlnum,
2492 1733 2616 1773 eum
2645 1718 2962 1788 diligentem
2991 1732 3228 1782 amares,
3261 1717 3468 1773 lactan-

145 1821 230 1867 tos
255 1829 268 1864 :
299 1827 424 1867 cum
448 1813 709 1876 secunda,
739 1829 1004 1884 suppares
1027 1814 1260 1881 meritis,
1287 1814 1380 1886 qui
1397 1813 1425 1853 ι’
1449 1813 1750 1870 secundum

145 1904 389 1960 libauum
417 1906 504 1960 siti
530 1946 545 1970 ,
575 1905 977 1977 dereliquerin-t
1007 1906 1240 1963 ludibria
1268 1907 1553 1962 nationum
1584 1923 1597 1959 :
1627 1921 1752 1961 cum

145 1997 330 2064 tertia,
362 2011 460 2053 eos
485 1998 576 2068 qui
601 2007 873 2070 tamquam
904 2001 959 2054 in
976 2000 1111 2055 mari
1139 2001 1398 2071 exagitati
1429 2000 1589 2055 istius
1611 2000 1752 2056 freto

145 2087 378 2156 mundi,
418 2089 607 2148 saeculi
639 2091 800 2162 hujus
844 2091 1102 2148 ﬂuetibus
1147 2093 1567 2148 vacillaverint:
1625 2109 1750 2148 cum

146 2190 362 2251 quarta,
391 2182 512 2241 illos
535 2186 628 2253 qui
656 2183 918 2239 duritiam
946 2185 1214 2241 mentium
1243 2200 1586 2258 nequaquam
1617 2185 1752 2240 satis

148 2274 428 2345 potuerint
449 2275 650 2346 eloquii
674 2276 945 2347 spiritalis
970 2278 1183 2334 mollire
1207 2287 1512 2350 prreeepto;
1543 2289 1600 2333 et
1627 2276 1752 2332 ideo

146 2366 447 2424 secundum
481 2369 706 2426 boream
734 2369 915 2426 vocati
955 2380 1106 2437 sunt,
1130 2372 1327 2427 boreas
1353 2372 1504 2427 ettim
1551 2386 1757 2428 secun-

148 2459 282 2517 dum
298 2460 648 2518 Salomonem
680 2463 849 2520 durus
877 2471 964 2519 est
988 2473 1184 2520 ventus
1212 2463 1395 2536 (-Prou.
1428 2480 1596 2531 xxvii,
1627 2463 1750 2536 l6).

223 2554 347 2610 116.
391 2553 580 2626 Itaque
621 2557 748 2614 licet
790 2567 1070 2615 momento
1118 2558 1516 2614 resuscitentur
1536 2573 1752 2626 omnes,

144 2662 342 2706 omnes
373 2657 553 2706 tamen
575 2653 895 2708 meritorum
927 2652 1121 2710 ordine
1149 2653 1506 2709 suscitantur.
1539 2653 1606 2709 Et
1630 2653 1756 2709 ideo

146 2739 310 2811 primi
338 2750 665 2812 resurgunt,
709 2745 802 2813 qui
833 2754 1045 2802 maturo
1069 2745 1378 2802 devotionis
1403 2760 1638 2802 occursu
1657 2790 1670 2813 ,
1699 2756 1757 2803 et

147 2833 389 2904 quodam
420 2836 749 2892 antelucano
795 2838 922 2895 ﬁdei
968 2849 1161 2896 exortu
1211 2841 1578 2911 prodeuntes,
1621 2842 1757 2896 solis

149 2926 344 2982 :eterni
392 2927 576 2985 radios
607 2941 950 3001 receperunt.
1001 2931 1154 3000 Quod
1203 2934 1286 2988 vel
1337 2933 1404 2989 de
1432 2933 1760 3004 patriarebis

143 3019 309 3091 juxta
360 3022 560 3077 veteris
587 3025 788 3080 seriem
821 3025 1190 3093 Testantonti-,
1247 3027 1331 3082 vel
1378 3027 1446 3082 de
1493 3027 1761 3096 apostolis

1863 1824 1974 1870 tem
2001 1826 2296 1885 qut-rores,
2325 1812 2563 1883 pericula
2594 1825 2692 1881 pro
2716 1810 2976 1880 religione
3004 1819 3408 1865 contemneres.

1939 1907 2065 1963 119.
2109 1906 2318 1962 Deinde
2345 1921 2374 1960 a
2399 1905 2624 1970 Libano,
2659 1917 2881 1974 sponsa,
2917 1905 3129 1973 rogaris
3158 1911 3218 1957 ut
3242 1902 3428 1958 venias
3453 1944 3467 1968 ,
3535 1964 3540 1967 ﬂ

1857 1999 2065 2070 judicio
2092 1999 2306 2053 Domini
2337 1997 2519 2052 adhuc
2550 2007 2659 2051 tota
2692 1996 2949 2062 tortuosa,
2980 1994 3161 2050 adhuc
3192 2003 3298 2050 tota
3333 1997 3471 2050 irre«

1863 2092 2278 2165 prebensibilis.‘
2305 2090 2398 2146 Sic
2434 2091 2582 2145 enim
2624 2089 2882 2158 scriptum
2918 2099 3002 2144 est
3045 2106 3058 2140 :
3097 2088 3230 2144 Tota
3263 2106 3316 2143 es
3361 2093 3472 2160 [or-

1861 2205 2028 2255 σηοω,
2054 2187 2292 2258 proxima
2320 2201 2456 2252 mea,
2490 2193 2538 2239 et
2572 2183 2904 2254 reprehensio
2927 2198 3028 2237 non
3052 2192 3123 2238 est
3150 2183 3202 2236 in
3233 2191 3300 2237 te.
3337 2182 3474 2235 Ades

1858 2279 1964 2334 huc
2005 2297 2037 2334 a
2083 2279 2282 2334 Libano
2306 2321 2320 2346 ,
2364 2294 2555 2350 sponsa
2579 2319 2592 2344 ,
2631 2277 2756 2331 ades
2799 2277 2898 2331 huc
2944 2294 2976 2330 a
3017 2275 3214 2330 Libano
3269 2275 3468 2346 (Cant.

1863 2388 1937 2439 tv,
1971 2374 2025 2439 7,
2057 2372 2138 2442 8).

1937 2465 2062 2521 ﬁt).
2106 2465 2299 2520 Postea
2329 2463 2445 2534 ipsa
2467 2464 2578 2535 jam
2603 2463 2784 2519 nullos
2805 2478 2960 2534 aqua:
2982 2463 3188 2532 lapsus,
3210 2461 3322 2532 jam
3352 2463 3468 2517 nul-

1865 2557 1946 2612 los
1989 2557 2221 2627 impetus
2264 2555 2663 2612 descendentes
2709 2569 2738 2609 a
2788 2555 2995 2609 Libano
3035 2553 3467 2624 pertimescens,

1863 2649 2181 2720 aquilonem
2205 2657 2258 2704 et
2280 2655 2528 2703 austrum
2559 2648 2819 2712 advocas,
2851 2645 3069 2717 perﬂari
3102 2646 3329 2717 cupiens
3351 2647 3475 2700 hor-'-

1865 2751 1984 2798 tnm
2013 2749 2200 2808 tuum;
2231 2751 2289 2796 ut
2312 2741 2366 2795 in
2385 2741 2508 2796 aliis
2535 2749 2805 2812 unguenta
2852 2747 2940 2794 tua
2973 2738 3235 2806 deﬂuant,
3265 2737 3317 2792 in
3351 2739 3472 2794 aliis

1865 2835 2196 2906 multiplices
2252 2833 2604 2890 l'ecuMitatis
2636 2842 2740 2886 tua:
2771 2831 2977 2887 fructus
3015 2830 3209 2885 olleras
3227 2829 3468 2885 Christo.

1940 2929 2064 2985 121.
2109 2929 2175 2984 Et
2223 2928 2348 2984 ideo
2403 2927 2578 2981 beatus
2609 2926 2697 2997 qui
2738 2925 2962 2979 custodit
2989 2923 3139 2978 verba
3188 2922 3474 2994 praphetim

1869 3026 2026 3098 hujus
2051 3024 2252 3096 (Apoc.
2278 3037 2446 3087 xxm,
2481 3020 2592 3094 7),
2638 3035 2761 3092 qua:
2806 3018 2967 3074 nobis
3008 3018 3474 3073 resurrectionem

143 3114 304 3185 juxta
338 3114 697 3184 Evangelium
743 3117 868 3186 jure
903 3119 1344 3173 tttctnoraverim.
1394 3118 1630 3174 Secundi
1662 3135 1762 3172 au-
1792 3112 1840 3174 C
1871 3116 2298 3173 cvidentioribus
2330 3114 2657 3172 testimoniis
2689 3113 2953 3169 revelavit
2983 3111 3173 3167 dicens
3208 3128 3220 3162 :
3272 3109 3340 3165 Et
3367 3111 3473 3165 vidi

151 3217 296 3273 tem,
317 3209 410 3279 qui
455 3210 618 3264 ritum
659 3212 900 3279 gentium
933 3212 1328 3282 relinquentes,
1361 3214 1431 3266 ab
1454 3227 1641 3268 errore
1670 3227 1762 3266 sa-

147 3301 358 3373 crilego
385 3302 728 3357 transierunt
762 3302 815 3356 in
859 3303 1118 3359 Ecclesiae
1149 3303 1510 3374 disciplinam.
1544 3304 1609 3358 Et
1636 3303 1767 3359 ideo

1869 3221 2099 3266 mortuos
2122 3227 2335 3282 magnos
2357 3220 2402 3265 et
2419 3210 2641 3282 pusillos
2665 3218 2858 3263 stantes
2878 3215 2997 3260 ante
3018 3206 3210 3269 sedent,
3241 3215 3286 3258 et
3315 3203 3474 3258 libros

1870 3314 2183 3374 aperuerunt
2207 3319 2226 3358 :
2256 3300 2311 3359 ei
2319 3304 2460 3358 alius
2485 3303 2614 3358 liber
2637 3311 2850 3371 apertus
2871 3308 2964 3366 est,
2994 3299 3081 3369 qui
3133 3309 3206 3354 est
3245 3299 3400 3352 vitae:
3429 3307 3475 3352 et

149 3396 230 3452 illi
282 3395 444 3466 primi
486 3411 549 3451 ex
585 3397 862 3467 patribus,
905 3397 993 3453 isti
1022 3399 1250 3454 secundi
1279 3413 1343 3454 ex
1375 3398 1659 3469 gentibus;
1690 3399 1761 3456 ab
1856 3399 2090 3470 judicati
2136 3407 2254 3452 sunt
2286 3396 2306 3434 ‘
2339 3398 2533 3454 mortui
2549 3397 2828 3465 descriptis
2869 3395 2923 3448 in
2970 3395 3149 3459 libris,
3195 3393 3476 3448 secundum

147 3487 264 3543 illis
289 3487 436 3544 enim
466 3488 562 3544 lux
615 3488 741 3547 ﬁdei
769 3492 958 3562 erepit,
1008 3491 1068 3546 in
1115 3492 1234 3547 istis
1261 3506 1433 3563 usque
1453 3492 1540 3547 ’ad
1572 3492 1762 3549 mundi

150 3598 408 3641 occasum
456 3598 707 3658 suscepta
759 3587 992 3643 duravit.
1048 3600 1069 3627 ε
1104 3587 1276 3644 Tertii
1316 3587 1670 3653 suscitantur,
1705 3597 1762 3643 et

151 3677 372 3748 quarti,
395 3676 488 3746 qui
537 3677 604 3732 ab
633 3687 840 3744 austro,
870 3687 928 3734 et
955 3680 1047 3750 qui
1095 3679 1164 3734 ab
1209 3678 1466 3749 aquilone
1491 3687 1637 3734 sunt.
1666 3678 1766 3734 His

154 3777 393 3839 quatuor
417 3777 568 3824 terra
589 3769 967 3839 distinguitur,
1016 3773 1100 3827 his
1126 3781 1362 3841 quatuor
1385 3788 1559 3827 annus
1588 3772 1762 3827 inelu-

156 3860 332 3927 ditnr,
358 3859 442 3915 bis
463 3870 694 3930 quatuor
717 3864 950 3921 mundus
977 3864 1194 3937 1106
1215 3865 1492 3935 impletur,
1523 3865 1607 3919 his
1631 3881 1764 3936 qua-

156 3963 286 4010 tuor
311 3953 556 4009 Ecclesia
605 3965 998 4028 congregatur.
1049 3958 1253 4014 Omnes
1283 3960 1436 4014 enim-
1456 3962 1546 4032 qui
1577 3975 1761 4016 sacro-

157 4055 366 4106 sanctae
385 4045 648 4103 Ecclesiae
669 4049 931 4118 copulati,
951 4048 1118 4105 divini
1143 4051 1374 4107 nominis
1398 4055 1768 4124 appellatione

159 4151 484 4209 censentur,
530 4141 951 4217 praerogativam
1002 4145 1422 4202 resurrectionis
1446 4157 1498 4202 et
1527 4146 1764 4204 delecta-

161 4238 325 4294 tionis
354 4245 573 4296 azteona:
593 4238 828 4308 gratiam
842 4248 1267 4310 consequentur;
1283 4240 1539 4313 quoniam
1563 4243 1766 4296 venient

161 4332 223 4386 ab
249 4331 459 4386 Oriente
492 4341 540 4386 et
571 4330 868 4398 Occidente,
903 4333 965 4387 ab
1010 4333 1266 4403 Aquilone
1294 4344 1342 4389 et
1372 4335 1581 4404 Austro,
1612 4343 1661 4406 et
1684 4349 1766 4399 τε·

161 4423 396 4480 cumbent
426 4424 662 4495 in‘regno
694 4423 789 4481 Dei
816 4423 985 4497 (Luc.
1016 4443 1136 4496 xm,
1169 4427 1297 4498 29).

1871 3501 2011 3567 facta
2057 3513 2169 3552 sua.
2206 3496 2270 3550 Et
2301 3497 2438 3552 dedit
2469 3514 2606 3551 mare
2635 3505 2863 3550 mortuos
2885 3537 2898 3560 ,
2930 3497 3016 3563 qui
3046 3497 3099 3548 in
3149 3497 3262 3562 ipso
3287 3504 3429 3548 erant
3458 3509 3474 3546 :

1869 3598 1920 3643 et
1950 3592 2106 3662 inferi
2119 3590 2370 3644 dederunt
2398 3600 2648 3655 mortuos,
2670 3591 2756 3660 qui
2774 3606 2926 3660 penes
2948 3605 3000 3643 se
3023 3597 3164 3642 erant
3188 3588 3475 3656 (Apoc.xx,

1873 3683 1988 3752 12).
2022 3682 2099 3738 Ne
2122 3697 2253 3752 ergo
2273 3681 2492 3738 dubites
2521 3683 2981 3753 quemadmodum
3014 3680 3478 3750 resurgant,quor

1872 3775 2034 3831 inferi
2066 3783 2376 3842 revomunt,
2414 3790 2567 3830 mare
2597 3774 2856 3830 reddidit.

1951 3869 2074 3924 122.
2118 3870 2319 3939 Accipe
2348 3868 2513 3923 etiam
2545 3867 2765 3936 quando
2807 3867 3156 3936 promittatur
3175 3865 3350 3936 gratia
3396 3864 3479 3918 tu;

1873 3970 1998 4018 tura
2024 3962 2298 4033 iustorum
2326 3977 2340 4014 :
2370 3959 2439 4014 Et
2468 3958 2665 4023 audivi,
2710 3959 2906 4028 inquit,
2938 3975 3107 4013 vocent
3134 3975 3374 4028 magnam
3415 3957 3480 4011 de

1870 4056 2066 4110 throno
2097 4055 2350 4109 dicentem
2383 4069 2400 4107 :
2432 4051 2566 4106 Ecce
2593 4050 2974 4105 tabernaculum
3005 4048 3099 4104 Dei
3147 4068 3263 4104 cum
3311 4051 3476 4105 [tanti-

1870 4148 2049 4215 ‘nibus,
2081 4157 2128 4202 et
2149 4145 2398 4201 habitabit
2423 4144 2664 4216 cunilillis
2680 4162 2699 4210 ;
2729 4152 2776 4198 et
2799 4145 2898 4214 ipsi
2919 4143 3143 4216 populus
3166 4149 3283 4217 ejus
3308 4157 3479 4213 erant,

1870 4251 1928 4294 -ει
1955 4241 2064 4311 ipse
2093 4238 2237 4294 Deus
2276 4254 2392 4292 cum
2447 4236 2557 4292 illis
2603 4237 2700 4292 erit
2729 4236 2940 4290 illorum
2988 4235 3152 4290 Deus.
3203 4235 3266 4290 Et
3296 4236 3484 4290 delebit

1874 4347 2081 4386 omnem
2131 4331 2411 4404 lacrymam
2460 4329 2524 4384 de
2551 4329 2711 4383 oculis
2743 4343 2944 4392 eorum,
2986 4337 3030 4380 et
3061 4343 3198 4380 mors
3255 4343 3355 4380 non
3387 4328 3485 4382 erit

1875 4425 2128 4497 amplius,
2159 4440 2321 4496 neque
2342 4423 2533 4490 luctus,
2559 4437 2720 4492 neque
2745 4421 2962 4486 clamor,
2983 4437 3145 4492 neque
3170 4419 3320 4475 dolor
3350 4422 3487 4479 ultra

235 4517 359 4572 117.
401 4516 520 4580 Non
566 4519 711 4584 enim
764 4519 963 4590 exigua
1014 4520 1276 4576 mundum
1316 4536 1480 4577 suum
1516 4521 1770 4578 Christus
1795 4501 1851 4566 Ῑ)
1876 4517 2192 4589 eritMpoc.
2220 4533 2333 4582 ut.
2357 4518 2412 4584 3,
2443 4514 2524 4584 4)·

163 4608 282 4665 luce
331 4609 745 4680 complectitur;
799 4614 1242 4685 quandoquidem
1311 4631 1342 4668 a
1385 4631 1587 4670 summo
1641 4623 1768 4672 caelo

164 4705 390 4776 egressio
420 4704 553 4790 eius,
583 4716 630 4759 et
659 4723 903 4762 occursus
925 4711 1039 4780 ejus
1068 4724 1225 4779 usque
1253 4707 1321 4774 ad
1351 4725 1610 4770 summum
1631 4712 1772 4783 ejus:

166 4811 260 4852 nec
281 4805 356 4850 est
393 4798 554 4867 quise
574 4797 906 4864 abscondam
938 4802 1114 4863 calore
1142 4804 1260 4872 ejus
1289 4801 1465 4875 (Psal.
1496 4819 1650 4871 xvut,
1679 4803 1774 4875 7).

166 4886 370 4943 Omnes
399 4888 545 4944 enim
570 4889 838 4962 benignus
869 4893 1129 4962 illustrat,
1153 4910 1255 4953 nec
1285 4895 1526 4954 reintare
1556 4898 1733 4954 levem
1755 4938 1775 4965 ,

242 5099 268 5127 τι
311 5088 570 5172 Italiam.
597 5092 806 5172 edit._et
830 5093 1082 5165 plerique
1113 5110 1270 5172 msh;
1291 5107 1404 5172 vet.
1425 5099 1775 5158 autemedit.

171 5177 298 5219 cum
324 5162 446 5216 aliis
476 5176 632 5226 Inss.,
659 5162 1110 5221 anima—mereatur
1130 5183 1160 5219 α
1183 5167 1415 5222 Christo.

243 5232 269 5272 ι’
315 5232 475 5291 Rom.
507 5232 639 5288 edit.
665 5233 806 5303 sola,
834 5237 1120 5291 secundum
1148 5248 1387 5292 austrum
1411 5242 1519 5295 siti.
1547 5243 1615 5296 At
1637 5242 1780 5297 infra

173 5303 366 5385 eadem
410 5303 544 5385 edit.
587 5319 710 5360 cum
742 5315 854 5385 vet.
889 5323 954 5362 ae
983 5322 1124 5385 mss.
1149 5310 1397 5380 aliquot,
1443 5313 1604 5385 istius
1649 5315 1784 5382 ﬂatu

446 5375 538 5432 ubi
582 5391 718 5438 mss.
776 5378 964 5448 plures
1011 5375 1392 5453 patiensque,
1435 5383 1586 5439 istim
1639 5375 1779 5455 freto

176 5463 378 5502 manat.

252 5529 273 5592 ς
300 5517 502 5592 Omnes
529 5517 664 5576 edit.
698 5535 762 5580 ac
789 5521 1038 5592 plerique
1063 5539 1221 5591 ωδε..
1251 5523 1422 5582 Tertii
1443 5529 1784 5592 suscitantur,

175 5591 262 5674 qui
289 5589 352 5674 ab
381 5599 595 5674 austro:
624 5589 804 5664 magis
827 5589 1120 5652 concinne.
1147 5589 1362 5670 lténtig.
1391 5598 1514 5654 cod.
1535 5597 1698 5654 Cori).
1728 5589 1787 5655 et

177 5662 405 5729 Benign.
438 5663 578 5718 utin.
605 5662 884 5720 contextu.

249 5729 277 5770 ά
316 5733 475 5791 Rom.
501 5730 657 5804 edit.,
695 5733 759 5790 Et
783 5737 898 5793 ideo
929 5754 1012 5794 eos
1043 5740 1096 5796 in
1120 5738 1403 5813 Evangelia
1433 5739 1670 5798 Christus
1697 5742 1784 5796 in-

1966 4611 2178 4692 1167
2211 4611 2333 4667 1‘23.
2375 4610 2644 4680 Compara
2678 4625 2844 4676 nunc,
2868 4608 2915 4682 si
2948 4609 3148 4679 placet,
3174 4621 3334 4681 atque
3361 4625 3491 4687 cont

1887 4705 2056 4764 tendc
2092 4705 2258 4758 vitam
2303 4701 2444 4779 itane
2473 4716 2596 4760 cum
2627 4700 2722 4755 illa
2753 4699 2860 4756 vita
2885 4739 2900 4766 ,
2933 4700 3176 4772 etelige,
3209 4701 3252 4754 si
3295 4712 3486 4771 potes,

1886 4805 2212 4870 perpetuam
2260 4793 2506 4864 corporis
2565 4792 2731 4847 vitam
2793 4791 2846 4846 in
2909 4791 3100 4847 labore
3144 4807 3495 4862 mumitaque

1890 4889 2193 4948 miserabili
2240 4895 2510 4944 tantarum
2557 4887 3046 4942 commutationum
3074 4929 3088 4953 ,
3139 4896 3499 4968 votorumque

1893 5098 2041 5153 uitat.
2069 5095 2137 5151 Et
2163 5094 2325 5162 inl‘ra,
2348 5108 2522 5149 vocent
2543 5091 2816 5147 invitantis
2845 5093 2899 5146 in
2929 5093 3154 5152 C-anticis
3181 5099 3502 5162 canticorum

1891 5185 2142 5242 agnosce.
2190 5161 2522 5242 vetantem
2571 5164 2702 5218 edit.
2737 5173 2792 5217 et
2820 5165 3179 5242 cunetinmss.
3218 5161 3500 5242 ltOiliSCUlll

1891 5235 2126 5366 factitant,
2156 5240 2260 5295 nisi
2290 5237 2438 5311 quod
2465 5249 2566 5307 pro
2587 5249 2827 5308 agnosce,
2858 5235 2912 5289 in
2935 5235 3255 5306 quibusdam
3286 5241 3502 5314 legitur,

1892 5329 1967 5366 au
2005 5329 2045 5366 ι.

1892 5329 2024 5367 auat
2033 5350 2045 5364 .

1976 5393 2000 5454 ἦ
2043 5382 2172 5454 Mss.
2207 5382 2428 5454 aliquot,
2461 5390 2507 5436 et
2529 5381 2597 5435 ad
2622 5379 2884 5454 fructum;
2912 5377 3095 5454 minus
3124 5385 3427 5439 commode.

1982 5453 2003 5491 ί
2037 5451 2309 5524 Plerique
2331 5469 2499 5518 mss.,
2549 5451 2740 5506 mortui
2785 5451 3030 5524 descripti
3081 5452 3132 5506 in
3176 5455 3360 5518 libris;
3412 5457 3507 5512 alii

1905 5527 2157 5581 nonnulli
2184 5522 2216 5592 ,“
2241 5541 2304 5581 ac
2334 5535 2450 5581 vet.
2493 5524 2652 5598 edit.,
2684 5522 2874 5598 mortui
2911 5522 2978 5598 de
3004 5525 3208 5598 scriptis
3233 5527 3283 5598 in
3327 5525 3505 5598 libris;

1902 5612 2118 5670 graec,
2149 5599 2204 5672 ἔῃ
2227 5597 2709 5672 τῶτζγεγραμμέξςον
2738 5595 2788 5648 ἐν
2813 5601 2920 5672 Eoi;
2947 5593 3362 5672 ﬁtﬁiﬁgﬂitod
3397 5593 3508 5655 cie?

1909 5665 2103 5740 ganter
2123 5668 2257 5742 edit.
2312 5665 2466 5742 R’onii'.
2497 5665 2564 5742 ea
2616 5667 2772 5742 Vers.
2813 5665 2970 5735 Vulg.
3004 5665 3275 5736 reddidit,
3328 5686 3392 5725 ea:
3430 5672 3508 5727 liis

1902 5739 2025 5805 eum
2048 5739 2237 5807 scripta
2259 5748 2401 5792 erant
2418 5739 2470 5791 in
2497 5739 2661 5793 libris.
2745 5739 2750 5742 ’
3140 5741 3142 5743 ’
