4092 6190
588 168 720 226 1551

1912 154 2155 213 SANCTI
2197 149 2522 210 AMBliOSll

3841 137 3972 198 135i

587 283 774 347 taedio,
810 279 1028 336 fastidio
1056 279 1417 350 voluptatum.
1465 275 1658 330 Nonne
1684 273 1731 330 si
1760 273 1904 328 Deus
1930 272 2034 328 ista
2059 285 2186 342 per-
2215 275 2262 331 Α
2295 269 2554 324 telertur!
2589 282 2713 323 cum
2739 262 3010 337 expetitur
3036 262 3322 320 morientis
3347 261 3562 327 exitus,
3597 270 3675 318 et
3709 260 3972 318 evitata:

590 390 815 446 petuare
845 373 994 436 velit,
1021 372 1112 426 illa
1145 368 1456 442 deligeres?
1483 367 1617 424 Nam
1642 367 1688 423 si
1720 381 1815 437 per
1845 381 1906 422 se
1932 365 2046 435 ipsa
2080 364 2191 418 vita

589 466 844 540 fugienda
869 473 975 531 est,
1001 473 1058 521 ut
1078 468 1150 520 sit
1175 463 1549 520 molestiarum
1574 459 1723 532 fuga,
1747 460 1964 530 requies
1992 471 2190 513 mrum-

593 573 822 623 narum;
853 567 1059 628 quanto
1089 556 1262 628 magis
1289 570 1354 611 ea
1383 553 1603 625 requies
1630 561 1713 608 est
1746 549 2051 620 expetenda
2069 589 2083 614 ,
2107 547 2192 605 cui

592 651 789 707 futura:
833 649 1253 706 resurrectionis
1292 647 1548 717 voluptas
1593 655 1853 716 perpetua
1893 641 2191 707 succedet;

595 745 684 799 ubi
717 744 862 800 nulla
909 742 1199 799 criminum
1249 740 1422 797 series
1445 779 1461 805 ,
1496 738 1646 794 nulla
1676 736 1933 794 illecebra
1963 734 2192 792 delicto-

596 837 755 892 rum?

674 929 797 986 124.
837 929 971 998 Quis
1001 929 1055 986 in
1087 929 1279 985 dolore
1307 937 1416 983 tam
1447 927 1678 998 patiens,
1707 924 1800 995 qui
1828 938 1933 978 non
1964 929 2192 976 mortem

597 1023 759 1081 oret?
791 1026 915 1094 quis
942 1025 994 1078 in
1025 1021 1346 1077 inﬁrmitate
1378 1029 1485 1075 tam
1516 1027 1796 1081 constans,
1823 1026 1879 1071 ut
1907 1030 2014 1070 non
2047 1019 2200 1082 optet

603 1118 744 1174 mori
774 1132 835 1174 se
870 1118 1051 1188 potius
1072 1157 1088 1185 ,
1119 1130 1282 1187 quam
1309 1113 1545 1170 debilem
1578 1112 1792 1168 vivere?
1820 1109 1944 1180 quis
1974 1110 2026 1163 in
2059 1122 2196 1162 mte-

601 1229 726 1270 rore
757 1223 866 1268 tam
896 1212 1072 1278 fortis,
1101 1221 1160 1267 ut
1185 1226 1294 1267 non
1321 1209 1598 1266 desideret
1623 1223 1690 1264 eo
1711 1221 1772 1262 se
1801 1205 1886 1261 vel
1914 1200 2200 1259 moriendo

603 1307 862 1378 defungi?
893 1305 1048 1372 Quod
1080 1305 1125 1360 si
1159 1304 1264 1376 ipsi
1297 1303 1456 1359 nobis
1484 1302 1615 1358 dum
1646 1300 1880 1356 vivimus
1901 1339 1916 1363 ,
1939 1294 2200 1365 displice-

607 1417 749 1470 mus,
773 1416 899 1457 cum
923 1398 1157 1455 vivendo
1181 1399 1344 1455 ﬁnem
1366 1397 1672 1468 prtestitum
1696 1409 1820 1451 esse
1845 1391 2198 1453 noverimus;

605 1501 810 1562 quanto
837 1491 1072 1562 amplius
1103 1492 1230 1546 vita;
1268 1504 1373 1546 nos
1405 1488 1634 1544 taederet
1659 1485 1840 1550 istius,
1872 1485 1917 1540 si
1947 1482 2064 1538 sine
2097 1481 2202 1536 ﬁue

605 1585 825 1641 futuros
865 1584 1022 1640 nobis
1067 1583 1284 1638 labores
1323 1581 1484 1651 hujus
1521 1579 1771 1650 corporis
1809 1572 2202 1632 cernerenius?

2296 361 2532 418 formido
2559 359 2811 416 viventis.

2368 459 2493 514 126.
2537 455 2647 515 Sed
2679 465 2798 512 esto
2823 496 2838 523 ,
2868 454 2997 510 huic
3022 454 3149 510 vitae
3174 454 3512 510 resurrectio
3561 450 3972 524 praeferatur.

2303 553 2518 625 1168
2545 549 2718 618 Quid,
2764 547 3071 619 philosophi
3123 547 3224 618 ipsi
3270 562 3443 618 genus
3489 556 3638 618 post
3703 557 3968 601 mortem

2296 641 2518 713 aliquod
2547 649 2892 710 repererunt,
2921 653 3039 710 quo.
3061 653 3162 694 nos
3191 640 3269 694 uti
3300 639 3496 708 magis,
3531 653 3737 709 quam
3772 651 3968 693 resur-

2295 751 2425 809 gere
2472 732 2805 792 delectabit?
2832 733 2902 789 Et
2943 732 3022 788 illi
3069 732 3289 803 quidem
3333 733 3426 803 qui
3459 732 3682 788 dicunt
3733 733 3966 787 animas

2298 827 2638 886 immortales
2683 842 2842 894 esse,
2876 841 2986 881 non
3034 823 3170 881 satis
3221 825 3467 881 mulcere
3513 839 3608 880 me
3678 835 3959 894 possunt,

2298 939 2422 980 cum
2452 937 2551 994 pro
2579 929 2732 993 parte
2765 935 2852 976 me
2884 918 3181 975 redimunt.
3227 917 3362 972 Nam
3393 932 3518 987 qua:
3566 924 3794 987 potest
3843 932 3960 972 esse

2298 1019 2496 1088 gratia,
2526 1017 2619 1072 ubi
2649 1031 2757 1071 non
2791 1023 2936 1070 totus
2963 1013 3156 1069 evasi?
3179 1028 3302 1083 qme
3328 1012 3458 1077 vita,
3492 1012 3540 1067 si
3573 1011 3636 1066 in
3673 1027 3787 1068 me
3821 1027 3957 1082 Opus

2304 1110 2398 1166 Dei
2421 1107 2674 1166 occidat?
2701 1123 2823 1180 qua:
2849 1107 3089 1178 justitia,
3121 1117 3142 1144 ο
3176 1105 3221 1160 si
3247 1115 3454 1160 natura:
3481 1103 3612 1160 linis
3648 1119 3838 1160 mors
3871 1104 3952 1164 sit,

2300 1203 2509 1260 erranti
2536 1204 2758 1272 justove
2800 1200 3144 1257 communis?
3176 1214 3296 1270 quae
3337 1199 3543 1255 veritas
3567 1239 3582 1264 ,
3637 1208 3712 1254 ut
3751 1195 3786 1234 ἀ
3830 1200 3952 1268 quia

2302 1298 2418 1366 ipsa
2446 1312 2506 1352 se
2537 1304 2775 1362 moveat,
2803 1304 2861 1350 et
2883 1309 3103 1364 semper
3133 1301 3419 1348 moveatur
3443 1292 3667 1358 anima,
3702 1291 3951 1347 immor-

2303 1393 2427 1447 talis
2451 1406 2575 1447 esse
2601 1388 2892 1446 credatur?
2917 1387 3071 1456 Quod
3096 1386 3326 1442 nobisin
3349 1401 3589 1457 corpore
3617 1402 3947 1442 commune

2307 1502 2428 1542 cum
2480 1485 2703 1551 bestiis,
2733 1492 2860 1538 ante
2906 1496 3104 1553 corpus
3153 1480 3281 1552 quid
3328 1490 3552 1548 geratur
3601 1479 3945 1536 incertum;

2305 1592 2406 1634 nec
2456 1593 2524 1632 ex
2567 1575 2859 1632 contrariis
2903 1573 3194 1645 colligatur
3243 1572 3462 1639 veritas,
3513 1571 3617 1629 sed
3672 1573 3944 1629 destrua-

605 1677 740 1744 Quis
783 1685 870 1731 est
909 1676 1075 1746 igitur
1110 1674 1202 1744 qui
1247 1688 1308 1728 se
1343 1673 1476 1727 velit
1514 1669 1708 1726 mortis
1757 1667 2068 1724 exsortem?
2101 1665 2208 1719 Aut
2237 1669 2284 1729 B
2313 1682 2417 1729 ιυιι,

607 1771 734 1842 quid
761 1770 983 1842 gravius
1006 1767 1416 1824 immortalitate
1439 1763 1770 1820 miserabili?
1799 1762 1863 1818 Si
1881 1762 1934 1816 in
1953 1761 2051 1814 hac
2078 1760 2204 1824 vita,

609 1862 806 1931 inquit,
834 1861 889 1914 in
919 1859 1125 1914 Christo
1155 1867 1356 1912 tantum
1399 1865 1665 1928 sperantes
1693 1871 1870 1910 sumus
1891 1896 1906 1922 ,
1936 1851 2204 1908 miserabi-

609 1953 762 2008 liores
787 1968 968 2006 sumus
992 1950 1230 2006 omnibus
1259 1949 1554 2004 hominibus
1583 1949 1626 2019 (Ι
1665 1948 1785 2004 Cor.
1817 1964 1907 2016 xv,
1939 1945 2067 2017 19);
2101 1953 2225 2000 non

607 2045 752 2116 quod
781 2043 836 2100 in
862 2043 1087 2099 Christo
1113 2057 1338 2114 Sperare
1362 2042 1434 2097 sit
1455 2044 1740 2108 miserum,
1761 2041 1858 2098 sed
1889 2041 2013 2111 quia
2043 2038 2206 2098 Chri-

610 2146 731 2194 stus
759 2136 1110 2208 sperantibus
1137 2135 1193 2190 in
1221 2150 1282 2191 se
1312 2136 1479 2190 vitam
1529 2136 1761 2192 alteram
1793 2136 2207 2206 praeparaverit.

609 2230 738 2287 Haec
765 2230 908 2286 enim
942 2238 1166 2300 peccato
1212 2227 1448 2284 obnoxia
1489 2237 1608 2295 est,
1643 2228 1734 2283 illa
1766 2229 1992 2299 praemio
2024 2244 2207 2286 reser—

610 2331 754 2379 vata.

683 2415 808 2472 124.
839 2415 991 2486 ipsos
1013 2429 1208 2470 cursus
1229 2414 1430 2471 breves
1453 2424 1768 2471 nostrarum
1791 2423 2015 2472 :etatum
2038 2431 2211 2487 quan-

613 2518 726 2564 tum
757 2507 1005 2563 videmus
1041 2506 1199 2563 nobis
1244 2506 1442 2562 aﬁ'erre
1480 2505 1802 2562 fastidium?
1834 2507 1974 2563 Puer
2002 2507 2215 2563 adoles-

609 2601 849 2656 centiam
883 2597 1200 2664 desiderat,
1243 2597 1564 2654 adolescens
1611 2613 1786 2654 annos
1832 2597 1937 2654 sibi
1985 2598 2214 2668 majoris

615 2689 840 2748 metitur
862 2690 1062 2757 atatis,
1088 2689 1311 2760 juvenis
1336 2689 1606 2744 beneﬁcio
1631 2689 1732 2744 aevi
1761 2688 2010 2744 ﬂorentis
2033 2690 2215 2760 ingra-

615 2795 724 2848 tus,
758 2784 986 2840 senilem
1016 2781 1490 2838 honoriﬁcentiam
1525 2781 1885 2852 concupiscit.
1928 2779 2006 2837 Ita
2038 2782 2217 2837 omni-

617 2879 718 2934 bus
745 2894 812 2934 ex
853 2886 1045 2933 natura
1078 2877 1230 2931 venit
1259 2885 1284 2912 ει
1323 2875 1464 2930 velle
1513 2876 1749 2940 mutari;
1781 2877 1907 2944 quia
1955 2876 2072 2946 ejus
2116 2891 2215 2930 nos

615 2971 761 3042 quod
783 2985 996 3036 sumus,
1021 2969 1270 3041 pmnitet.
1298 2969 1542 3040 Denique
1569 2970 1733 3026 etiam
1762 2971 1878 3040 ipsa
1904 2979 2028 3041 post
2055 2983 2213 3024 usum

2381 1764 2508 1820 127.
2551 1765 2634 1819 An
2656 1779 2785 1820 vero
2809 1763 3023 1819 illorum
3053 1762 3326 1818 sententia
3353 1761 3555 1832 placet,
3570 1765 3678 1832 qui
3713 1771 3938 1816 nostras

2308 1857 2541 1923 animas,
2577 1855 2670 1910 ubi
2707 1869 2770 1910 ex
2801 1854 2905 1910 hoc
2941 1869 3175 1923 corpore
3202 1853 3616 1924 emigraverint,
3655 1863 3684 1890 ε
3726 1854 3786 1909 in
3819 1869 3937 1909 cor-

2309 1966 2441 2024 pora
2487 1952 2765 2014 ferarum,
2817 1948 3200 2016 variorumque
3259 1946 3620 2001 animantium
3687 1948 3939 2001 transire

2311 2042 2787 2100 commemorant?
2827 2040 2898 2096 At
2938 2051 3090 2096 certe
3117 2039 3234 2096 haec
3261 2039 3458 2096 circeis
3487 2038 3936 2096 medicamento-

2312 2153 2430 2193 rum
2463 2136 2740 2193 illecebris
2763 2135 3064 2204 composita
3087 2148 3212 2189 esse
3235 2132 3472 2188 ludibria
3500 2141 3808 2203 poetarum
3843 2133 3937 2203 ipsi

2313 2229 2624 2301 philosophi
2653 2227 2928 2284 disserere
2974 2227 3154 2282 solent
3179 2245 3191 2279 :
3216 2241 3315 2282 nec
3360 2235 3472 2281 tam
3515 2227 3645 2281 illos
3674 2228 3781 2297 qui
3819 2241 3937 2296 per-

2315 2322 2460 2392 pessi
2503 2321 2606 2376 ista
2648 2321 2994 2387 simulentur,
3027 2335 3188 2390 quam
3235 2333 3428 2374 sensus
3462 2333 3655 2375 eorum
3693 2321 3796 2391 qui
3839 2321 3934 2374 ista

2314 2415 2722 2482 conﬁnxerint,
2756 2413 2776 2452 τ
2812 2413 2960 2470 velut
3004 2413 3186 2468 circeo
3214 2413 3408 2482 poculo
3452 2411 3645 2469 ferunt
3690 2413 3750 2468 in
3786 2416 3933 2468 varia

2316 2509 2616 2565 bestiarum
2671 2516 2915 2563 monstra
2965 2520 3282 2563 conversos.
3336 2506 3478 2574 Quid
3517 2508 3665 2563 enim
3708 2517 3826 2562 tam
3869 2509 3935 2562 si-

2317 2602 2444 2657 mile
2487 2600 2744 2672 prodigii,
2789 2616 2952 2671 quam
3000 2600 3254 2656 homines
3295 2600 3526 2656 credere
3571 2601 3626 2655 in
3676 2601 3932 2657 habitum

2318 2694 2557 2752 ferarum
2589 2694 2832 2763 potuisse
2862 2692 3102 2748 mutari?
3145 2693 3360 2762 Quanto
3403 2693 3632 2762 majoris
3673 2702 3771 2749 est
3811 2709 3935 2764 pro-

2319 2785 2448 2857 digii
2491 2785 2933 2858 gubernatricem
2997 2784 3238 2840 hominis
3296 2785 3574 2851 animam,
3626 2784 3933 2842 adversam

2320 2879 2561 2935 humano
2587 2879 2775 2949 generi
2811 2879 3110 2936 bestiarum
3143 2879 3422 2949 suscipere
3451 2887 3727 2946 naturam,
3759 2895 3932 2950 capa-

2317 2987 2544 3043 eemque
2575 2971 2802 3027 rationis
2825 2971 2894 3026 ad
2919 2970 3291 3026 irrationabile
3316 2971 3517 3025 animal
3547 2984 3712 3039 posse
3747 2981 3932 3028 trans-

616 3071 740 3118 vota
787 3060 1006 3116 fastidio
1035 3070 1162 3115 sunt
1192 3069 1288 3115 :et
1324 3076 1445 3129 qua:
1481 3063 1678 3117 mereri
1726 3061 2059 3132 optavimus,
2085 3075 2209 3117 cum
2239 3059 2285 3122 C
2318 3064 2395 3119 ire
2423 3105 2436 3130 ,
2468 3078 2629 3134 quam
2655 3064 2907 3135 corporis
2936 3063 3148 3134 efﬁgies
3193 3077 3317 3118 esse
3367 3060 3638 3118 mutatas?
3673 3061 3794 3118 Vos
3828 3065 3927 3134 ipsi

617 3153 1009 3218 meruerimus,
1037 3153 1373 3209 abdicamus.

693 3244 819 3300 125.
862 3245 1022 3301 Unde
1071 3259 1178 3299 non
1229 3243 1505 3301 immerito
1547 3246 1712 3301 etiam
1746 3248 1916 3302 sancti
1950 3248 2051 3303 viri
2086 3263 2212 3318 pro-

617 3340 892 3410 longatum
940 3336 1238 3393 incolatum
1285 3350 1441 3391 suum
1492 3352 1640 3408 saepe
1686 3337 1978 3394 doluerunt
2029 3339 2212 3413 (Psal.

620 3445 770 3498 cxtx,
805 3427 858 3500 5)
899 3445 912 3483 :
942 3427 1115 3483 doluit
1139 3427 1344 3494 David,
1374 3427 1547 3483 doluit
1571 3428 1838 3485 .lcremias
1869 3429 2084 3502 (larem.
2123 3449 2214 3496 xx,

624 3523 746 3594 i7),
781 3523 956 3579 doluit
985 3520 1135 3578 Elias
1181 3521 1270 3594 (Ill
1302 3522 1432 3594 Reg.
1466 3537 1594 3591 nx,
1623 3523 1701 3594 «1).
1734 3522 1761 3561 δ
1788 3523 1847 3580 Si
1873 3526 2218 3595 sapientibus

618 3615 862 3672 creditur
882 3656 897 3682 ,
937 3625 992 3671 et
1024 3614 1078 3670 hi
1109 3615 1163 3669 in
1192 3615 1388 3686 quibus
1426 3614 1644 3673 divinus
1685 3616 1922 3688 Spiritus
1954 3617 2216 3688 loqueba-

620 3720 730 3778 tur,
763 3709 830 3766 ad
857 3709 1084 3766 meliora
1113 3709 1484 3781 properabant
1521 3727 1533 3762 :
1574 3710 1619 3764 si
1658 3709 1991 3782 reliquorum
2016 3711 2219 3782 judicia

619 3803 968 3859 sciscitantur
992 3843 1007 3866 ,
1038 3810 1098 3857 ut
1127 3816 1525 3873 cognoscamus
1574 3817 1767 3860 omnes
1795 3804 1845 3858 in
1879 3819 2041 3860 unam
2089 3821 2222 3860 con-

623 3897 809 3952 venire
835 3895 1198 3962 sententiam;
1231 3896 1419 3965 quanti
1471 3907 1706 3952 mortem
1754 3899 1997 3964 maerori,
2034 3896 2221 3968 quanti

622 3997 855 4043 mortem
885 3986 1164 4044 formidini
1211 3989 1609 4058 praetulerunt?
1633 3989 1944 4060 judicautes
1972 3992 2222 4050 videlicet

620 4080 927 4151 graviorem
955 4091 1163 4136 metum
1193 4082 1389 4138 mortis
1419 4097 1563 4149 esse,
1586 4097 1745 4153 quam
1779 4094 2034 4141 mortem.
2067 4087 2221 4144 Adeo

622 4172 736 4230 suis
765 4173 928 4231 malis
966 4191 1115 4232 mors
1155 4191 1263 4231 non
1291 4177 1551 4243 timetur,
1580 4177 1676 4233 sed
1708 4179 1830 4235 vitae
1861 4181 2101 4236 miseriis
2126 4199 2220 4237 an-

2321 3155 2438 3212 ilth
2465 3157 2747 3212 destruitis
2773 3198 2789 3224 ,
2819 3157 2912 3228 qui
2942 3156 3175 3212 docetis.
3209 3155 3344 3211 Nam
3379 3155 3604 3227 magicis
3650 3156 3928 3212 incantata

2321 3249 2652 3306 carminibus
2704 3258 3038 3321 portentosae
3089 3249 3252 3320 hujus
3303 3248 3684 3306 conversionis
3726 3265 3926 3321 genera

2326 3341 2649 3398 tradidistis.

2397 3437 2520 3493 128.
2558 3437 2774 3493 Ludunt
2823 3438 2939 3494 haec
2988 3447 3164 3508 poeta:
3188 3480 3203 3507 ,
3235 3438 3654 3510 reprehendunt
3685 3439 3927 3510 philoso-

2323 3530 2415 3601 phi
2461 3547 2474 3583 :
2517 3540 2572 3585 et
2609 3546 2732 3602 qua:
2772 3541 2965 3601 putant
2995 3533 3118 3587 licta
3147 3532 3216 3587 de
3247 3533 3594 3601 viventibus,
3624 3532 3746 3590 haec
3781 3535 3922 3590 arbi-

2326 3632 2540 3680 trantur
2560 3640 2684 3681 vera
2707 3625 2776 3681 de
2798 3626 3048 3682 mortuis.
3073 3626 3157 3682 llli
3179 3637 3360 3682 autem
3383 3628 3475 3697 qui
3501 3629 3600 3683 ista
3628 3628 3920 3693 ﬁnxerunt,

2329 3735 2433 3774 non
2465 3735 2616 3774 suam
2646 3720 2877 3788 probare
2919 3719 3157 3776 fabulam
3184 3763 3199 3787 ,
3229 3721 3324 3776 sed
3357 3721 3815 3792 philosophorum
3845 3741 3918 3780 εις

2330 3828 2483 3867 rores
2513 3810 2744 3868 irridere
2770 3812 3060 3868 voluerunt
3085 3829 3098 3866 :
3123 3813 3214 3883 qui
3248 3822 3438 3883 putant
3463 3814 3609 3885 quod
3633 3815 3725 3870 illa
3747 3818 3920 3872 anima

2325 3924 2449 3979 quae
2479 3907 2594 3964 miti
2643 3906 2944 3977 humilique
2987 3907 3274 3979 proposito
3299 3908 3641 3964 iracundiam
3673 3911 3915 3976 vincere,

2330 4000 2646 4070 patientiam
2673 4014 2978 4068 assumere,
3007 4014 3205 4056 cruore
3234 3999 3513 4056 abstinere
3543 4012 3916 4066 consueverat,

2327 4094 2520 4149 eadem
2553 4091 2810 4160 frementi
2843 4100 2990 4148 motu
3021 4091 3199 4148 leonis
3222 4092 3466 4156 incensa,
3497 4092 3590 4148 ira:
3617 4091 3915 4163 impatiens,

2329 4185 2535 4242 effrena
2583 4185 2772 4254 rabie,
2801 4184 2955 4242 sitire
3000 4184 3355 4256 sanguinem,
3395 4183 3712 4255 caademque
3760 4189 3918 4256 pos»it

698 4347 723 4376 ⁸
763 4339 1146 4411 lrrepseratin
1169 4352 1311 4411 mss.
1361 4336 1674 4402 nonnullos,
1705 4347 1758 4393 et
1789 4338 1916 4411 inde
1947 4339 1998 4392 in
2026 4353 2223 4411 omnes
2247 4341 2301 4402 D
2327 4339 2490 4393 videri
2529 4339 2682 4403 dicis,
2715 4354 2832 4411 quae
2855 4348 2947 4392 aut
2968 4337 3140 4392 beatos
3169 4354 3261 4392 nos
3281 4337 3476 4411 efﬁciet
3499 4339 3686 4393 animis
3716 4357 3916 4396 inunca-

623 4411 756 4467 cdit.
801 4423 1038 4481 sequens
1081 4408 1317 4481 lacinia:
1347 4415 1530 4481 contra
1569 4417 1733 4481 sertas
1771 4409 2221 4481 philosophorum,

623 4483 711 4552 qui
756 4481 834 4535 vel
881 4480 1109 4552 animum
1153 4479 1320 4552 solam
1365 4479 1578 4552 durore_
1612 4478 1788 4552 dicato!
1816 4489 1949 4552 ipost
1978 4478 2225 4550 corporis

624 4548 860 4624 mortem,
901 4551 979 4605 oet
1015 4548 1429 4624 persptpuxaoaty
1459 4549 1692 4604 credant.
1719 4548 2223 4624 Sjcd'prreterquam

622 4622 770 4696 quod
796 4622 849 4678 in
879 4619 1214 4696 mssﬁmulto
1259 4619 1506 4696 pluribus
1548 4635 1614 4696 _ac
1642 4619 1961 4696 _p0tioribus
2001 4619 2111 4677 non
2152 4624 2227 4677 in-

625 4690 886 4760 venitur,
933 4694 1049 4764 ipsa
1093 4690 1270 4764 series
1329 4690 1594 4746 orationis
1641 4692 1745 4747 hoc
1793 4704 2223 4749 assutamentum

623 4773 813 4837 aperte
860 4762 1085 4839 respuit.
1134 4762 1548 4839 Consequertter
1579 4773 1760 4818 autem
1803 4781 1936 4839 pro,
1963 4765 2086 4839 quia
2112 4768 2228 4839 ejus

625 4832 721 4892 nos
751 4837 902 4909 quod
939 4832 1147 4909 sumus,
1192 4832 1369 4909 codex
1415 4833 1628 4890 Thuan.
1677 4832 1916 4905 praefert,
1951 4832 2073 4907 quia
2117 4832 2228 4909 e'jus

623 4907 760 4979 quod
769 4905 993 4979 scimus.
1019 4905 1138 4961 Non
1161 4905 1297 4979 satis
1327 4913 1495 4979 recte.

699 4978 726 5018 δ
766 4978 895 5034 Mss.
929 4979 1178 5048 aliquot:
1212 4975 1273 5031 Si
1307 4977 1580 5048 sapientes
1618 4977 1902 5032 creduntur
1936 4986 1985 5032 et
2026 4978 2149 5032 hi...
2184 4979 2228 5033 si

626 5049 942 5122 reliquorum
953 5047 1528 5122 judicio_suscitomur;
1562 5065 1719 5114 unus,
1749 5049 2084 5122 suscitentur.

703 5118 873 5175 c'Per
898 5118 1108 5175 natura:
1153 5118 1316 5172 ﬁnem
1349 5119 1592 5188 intellige
1627 5120 1914 5187 compositi
1964 5121 2231 5175 naturalis

625 5189 1066 5257 dissolutionem,
1099 5205 1205 5244 non
1233 5201 1418 5245 autem
1446 5192 1732 5245 ambarum
1763 5190 1963 5260 quibus
1987 5200 2223 5254 constat,

627 5264 865 5332 partium
913 5263 1228 5325 interitum;
1255 5260 1708 5332 quandoquidem
1749 5262 1801 5314 iu
1848 5277 1946 5316 eos
1985 5261 2230 5331 philoso-

629 5331 769 5402 phos
798 5332 1071 5403 disputat,
1113 5347 1144 5386 a
1173 5331 1370 5401 quibus
1399 5331 1597 5403 animae
1624 5332 2009 5387 immortalitas
2037 5334 2233 5388 admit-

629 5402 897 5470 tebatur,
933 5403 1038 5457 hoc
1083 5409 1209 5466 est,
1255 5403 1308 5456 in
1352 5402 1680 5471 platouic0s.
1729 5403 1837 5458 Sed
1883 5404 2118 5458 maxime
2165 5405 2230 5458 ad

628 5473 949 5530 Ciceronem
990 5473 1206 5527 videtur
1257 5472 1538 5543 respicere
1564 5513 1578 5535 ,
1629 5474 1723 5543 qui
1766 5474 1928 5528 Tusc.
1981 5475 2234 5541 Quaest..t

638 5545 879 5615 explosis
908 5551 1186 5615 poetarum
1215 5543 1283 5598 de
1311 5541 1592 5614 suppliciis
1623 5541 1920 5615 inferorum
1957 5559 2235 5599 commen-

642 5613 729 5674 tis;
763 5627 995 5670 mortem
1044 5613 1338 5669 timendam
1382 5613 1503 5670 eSse
1535 5615 1737 5669 nemini
1780 5614 1882 5670 hoc
1923 5615 2235 5670 dilemmate

639 5686 846 5756 colligit
870 5703 884 5739 ;
911 5686 1180 5752 Quomodo
1209 5685 1372 5756 igitur
1391 5725 1408 5752 ,
1439 5693 1530 5738 aut
1559 5699 1653 5738 cur
1679 5694 1894 5742 mortem
1923 5682 2118 5739 malum
2149 5685 2239 5740 tibi

2333 4411 2490 4475 tibus,
2517 4420 2609 4465 aut
2639 4410 2743 4464 non
2775 4411 2994 4464 miseros
3023 4425 3180 4463 sensu
3207 4418 3438 4463 carentes
3457 4410 3482 4462 .9

2400 4479 2427 4519 ά
2463 4485 2854 4552 Argumentum
2903 4480 3035 4552 illud
3075 4489 3349 4552 tamquam
3397 4479 3690 4552 probandae
3719 4484 3918 4538 anima-

2330 4570 2450 4608 rum
2493 4550 2896 4608 immortalitati
2942 4550 3382 4608 efﬁcacissimum
3415 4550 3570 4606 Plato
3596 4553 3835 4608 venditat
3869 4557 3914 4609 in

2329 4623 2626 4680 Plizedone.
2652 4624 2794 4678 unde
2820 4622 2923 4677 hoc
2953 4623 3129 4680 ipsum
3158 4621 3350 4679 Cicero
3378 4623 3431 4678 in
3465 4638 3522 4677 vr
3548 4639 3701 4678 suum
3731 4624 3830 4679 lib.
3855 4627 3914 4680 de

2393 4625 2626 4687 undone,
2652 4624 2794 4678 unde
2820 4622 2923 4677 hoc
2953 4623 3129 4687 ipsum
3158 4621 3350 4679 Cicero
3378 4623 3431 4678 in
3465 4638 3522 4677 vr
3548 4639 3701 4678 suum
3731 4624 3830 4679 lib.
3855 4627 3914 4681 de

2333 4638 2626 4687 Ptizeuone,
2652 4638 2794 4678 unae
2820 4638 2923 4677 noc
2953 4638 3129 4692 ipsum
3158 4638 3350 4679 Cicero
3378 4638 3431 4678 tn
3465 4638 3522 4677 vr
3548 4639 3701 4678 suum
3731 4638 3830 4679 nn.
3855 4638 3912 4681 ue

2333 4695 2564 4764 Republ.
2619 4695 2942 4764 translatum
2994 4709 3023 4748 a
3080 4708 3143 4750 se
3187 4703 3582 4764 commemorat
3627 4694 3842 4751 'l‘uscul.
3881 4714 3912 4751 ι.

2331 4763 2562 4821 Sanctus
2588 4779 2807 4836 quoque
2830 4763 3161 4836 Athanasius
3183 4763 3326 4820 idem
3352 4765 3486 4819 illud
3513 4765 3570 4820 in
3596 4765 3743 4823 Orat.
3775 4777 3911 4824 cont.

2332 4836 2477 4892 ldola
2511 4834 2769 4907 proponit
2795 4845 2957 4906 atque
2986 4834 3244 4907 explicat.

2407 4915 2431 4942 υ
2473 4906 2715 4964 Ιιθιιωιιε
2761 4908 2860 4965 lib.
2905 4922 2942 4960 ιι
2985 4906 3347 4978 ειάγέι-Ιίιξιθε.
3399 4922 3518 4978 cap.
3561 4908 3651 4974 59,
3691 4909 3910 4978 primum

2331 4989 2610 5035 auctorem
2655 4979 2822 5050 hujus
2849 4977 3055 5050 erroris
3081 4976 3375 5050 Platonem
3415 4977 3566 5050 facit:
3588 4976 3909 5050 Eli—quidem

2337 5052 2522 5131 negari
2572 5048 2767 5131 nequit.
2811 5048 2955 5104 hunc
3003 5048 3383 5118 pliiloSOphum
3438 5049 3489 5102 in
3539 5048 3836 5114 Phaedone,
3866 5055 3910 5106 in

2337 5120 2582 5172 Tunmo.
2635 5127 2692 5172 et
2737 5120 2836 5172 lib.
2883 5135 2913 5172 x
2964 5119 3031 5172 de
3078 5118 3312 5172 Renubl.
3339 5127 3586 5172 secutum
3628 5135 3742 5172 esse
3786 5123 3910 5172 hanc

2334 5119 2541 5175 TilmBO
2567 5160 2582 5184 ,
2635 5127 2692 5175 et
2737 5120 2836 5177 lib.
2883 5135 2913 5175 x
2964 5119 3031 5175 de
3078 5119 3312 5188 Republ.
3339 5127 3586 5174 secutum
3628 5135 3742 5177 esse
3786 5123 3911 5177 hanc

2333 5193 2646 5260 opinionem
2665 5233 2681 5257 ,
2709 5192 2805 5248 sed
2832 5192 2900 5245 ab
2929 5191 3051 5261 ipso
3076 5205 3196 5244 eam
3228 5201 3409 5245 ortum
3437 5190 3663 5261 duxisse
3682 5208 3798 5261 quae
3825 5209 3910 5248 su-

2336 5259 2427 5331 pra
2461 5263 2529 5318 ad
2561 5279 2710 5318 num.
2743 5264 2813 5319 55
2842 5259 3303 5323 observabamus,
3329 5276 3554 5332 prorsus
3581 5259 3846 5318 refellunt.

2413 5333 2430 5370 ί
2476 5333 2598 5388 Vet.
2646 5334 2804 5406 edit.,
2837 5333 2974 5406 uelut
3017 5333 3220 5406 Circeos
3265 5335 3516 5406 populos;
3547 5333 3734 5388 melius
3763 5335 3908 5390 Rm".

2335 5413 2391 5459 et
2420 5418 2597 5487 m_ss.n,
2635 5403 3504 5487 velutnfirceo‘poculo.nCelebris
3546 5418 3706 5487 porro
3745 5407 3909 5460 tabula

2336 5485 2420 5529 est
2445 5475 2514 5529 de
2539 5474 2729 5529 Circes
2758 5474 2887 5529 ﬁliae
2919 5472 3064 5531 Solis
3091 5473 3404 5540 veneﬁciis,
3435 5474 3505 5529 de
3529 5472 3636 5543 qua
3671 5475 3912 5532 Homerus

2338 5544 2535 5601 Odvss.
2569 5545 2640 5600 Μ.
2691 5544 2915 5600 Ovidius
2947 5545 3038 5601 lib.
3071 5561 3163 5600 ιιγ
3205 5544 3564 5601 Mctamornb.
3603 5543 3709 5600 fab.
3739 5548 3789 5601 1.
3819 5549 3908 5601 Au-

2490 5561 2535 5598 S.
2569 5561 2640 5599 Μ.
2691 5561 2915 5599 υγιαιιιε
2947 5561 3038 5599 ΙΙΙ).
3071 5561 3163 5599 ιιγ
3205 5561 3564 5599 metamornn.
3603 5561 3709 5599 lal).
3739 5561 3789 5599 L
3819 5561 3908 5599 Au-

2338 5548 2535 5626 Odyss.
2569 5548 2653 5627 Μ..
2691 5548 2915 5600 Ovidius
2947 5548 3163 5631 ἥδε-ην
3205 5548 3564 5668 Metamorgh.
3603 5548 3789 5628 fab),
3819 5549 3889 5605 Au

2336 5625 2587 5687 gusttnus
2621 5616 2716 5672 ltb.
2747 5631 2877 5671 xvm
2906 5616 2975 5672 de
2995 5617 3156 5673 Ctvtt.
3185 5616 3278 5672 Det
3299 5631 3418 5686 cap.
3451 5616 3476 5669 1
3525 5657 3541 5687 ,
3569 5625 3625 5672 et
3644 5618 3746 5675 alit.
