4092 6190
249 222 272 279 I
289 223 396 278 353

1151 227 1240 283 DE
1284 225 1592 282 EXCESSU
1639 224 1937 282 FRATRIS
1974 224 2084 282 SUI
2119 223 2374 281 SATYRI
2418 224 2545 281 LIB.
2592 225 2652 281 ll.

3421 225 3564 282 εδει

242 345 511 405 expetere
550 353 562 390 :
601 345 654 393 et
700 334 792 392 illa
838 351 958 406 quin
1001 337 1326 409 populorum
1377 337 1623 392 fremitus
1677 337 1858 392 varios
1885 339 1938 400 Λ
1966 337 2166 392 terreni
2193 338 2436 408 corporis
2461 337 2771 392 colluvione
2793 335 3106 401 discedere,
3134 347 3190 392 et
3215 337 3281 393 ad
3316 337 3403 394 illa
3430 355 3563 394 cun-

246 432 420 502 regali
468 430 702 500 quodam
753 432 985 487 consilio
1038 433 1415 503 temperabat,
1450 444 1499 488 et
1548 433 1856 488 rationabili

246 540 388 582 voce
419 525 732 589 mulcebat;
761 525 951 578 eadem
981 537 1041 578 se
1069 523 1212 580 inter
1253 524 1413 579 devia
1447 535 1608 593 atque
1637 523 1853 578 deserta

245 618 360 672 ritu
390 618 637 688 luporum
684 617 923 689 patiatur
955 617 1163 671 ululare
1196 634 1208 670 :
1238 626 1333 671 aut
1370 632 1494 687 qua:
1527 616 1726 685 injusto
1753 615 1856 670 sub

242 727 422 769 onere
451 728 697 785 gemens,
731 712 899 767 duros
927 710 1097 766 aratri
1145 711 1359 768 labores
1392 722 1586 779 questu
1629 707 1853 763 misera-

245 807 343 862 bili
395 805 703 877 ntugiebat;
759 811 948 862 eadem
995 816 1185 876 postea
1235 803 1290 860 itt
1341 805 1568 875 figuram
1618 800 1855 857 hominis

243 909 582 956 commutata
609 941 626 968 ,
659 910 684 938 ει
717 902 818 957 levi
851 915 1053 956 cornua
1082 907 1292 970 qnterat
1322 900 1373 952 itt
1406 896 1622 953 fronte:
1649 896 1733 951 vel
1766 895 1855 950 illa

241 1010 408 1068 quam
451 1003 719 1064 pratpetes
750 994 903 1064 prius
931 1009 1119 1064 penum
1164 1007 1339 1061 usque
1371 991 1435 1044 ad
1467 989 1574 1044 alia
1607 989 1729 1045 ρωΙί
1762 1002 1856 1056 per

242 1087 484 1141 sublime
525 1087 670 1142 aeris
718 1087 924 1142 alarum
971 1085 1213 1156 remigiis
1262 1083 1606 1143 evehebant;
1661 1079 1853 1135 eadem

250 1180 470 1254 ιιω
512 1188 697 1251 postea
749 1180 960 1235 volatus
1000 1181 1113 1250 jam
1169 1194 1278 1233 non
1328 1192 1458 1231 suos
1507 1175 1772 1244 requirat,
1801 1182 1858 1228 et

242 1287 306 1329 se
337 1273 558 1328 [inmani
593 1275 779 1329 doleat
807 1273 1057 1344 corporis
1097 1271 1374 1342 gravitate
1413 1269 1746 1341 pigrescere.

327 1363 452 1421 129.
502 1365 636 1421 llinc
667 1365 900 1422 fortasse
931 1375 986 1420 et
1031 1365 1180 1418 illum
1232 1363 1441 1417 Icarum
1493 1360 1854 1432 perdidiStis,

241 1459 392 1529 quod
445 1460 892 1529 persuasionibus
936 1457 1138 1512 veSIris
1187 1456 1439 1511 inductus
1490 1453 1854 1520 adolescens,

243 1550 404 1620 prius
435 1566 589 1605 avent
622 1565 682 1605 se
709 1548 878 1604 fuisse
909 1549 1142 1604 fortasse
1162 1546 1490 1602 crediderat.
1525 1545 1660 1599 llinc
1692 1545 1856 1597 etiam

246 1656 413 1698 senes
461 1644 712 1713 plerique
752 1643 965 1712 decepti
1009 1650 1154 1704 sunt,
1179 1639 1207 1679 δ
1239 1649 1296 1694 ιιι
1322 1638 1470 1710 gravi
1499 1641 1860 1692 itntnorercn-

1959 431 2082 486 cilia
2115 446 2354 500 superna
2397 431 2754 494 contendere,
2778 431 2878 485 etsi
2911 440 3222 486 sanctorum
3256 433 3325 485 sit
3367 447 3569 502 perve-

1959 523 2099 589 nire,
2130 523 2344 578 laudent
2374 523 2558 578 dicere
2591 523 2700 578 Deo
2728 524 2909 594 (quam
2941 523 3154 596 1170
3180 524 3566 579 citltatizautcs

1957 616 2081 672 illos
2109 617 2296 687 (Apoc.
2331 633 2446 682 xiv,
2467 619 2528 685 ‘2)
2562 617 2743 672 dicere
2773 617 3087 687 prophetica
3114 617 3348 672 lectione
3371 619 3562 692 (Apoc.

1962 725 2056 772 xv,
2089 710 2146 772 5,
2178 709 2236 777 4)
2265 711 2668 780 Comperimus:
2698 709 2833 778 Quia
2879 727 3066 783 magna
3107 710 3366 765 mirabilia
3404 727 3563 782 Opera

1957 811 2044 855 tua
2074 844 2088 868 ,
2128 800 2352 856 Domine
2399 802 2542 858 Deus
2591 805 2912 875 omnipotens
2956 820 2975 860 :
3005 807 3166 876 just
3211 815 3256 859 ct
3306 822 3437 860 rem?
3471 806 3567 860 viae

1960 903 2080 955 tam,
2110 891 2129 929 ί
2161 893 2279 948 Rex
2305 897 2535 966 gentium
2557 896 2576 949 .'
2607 895 2736 963 Quis
2781 913 2881 951 non
2912 897 3106 950 timebit
3135 907 3180 952 et
3215 898 3567 969 magniﬁcobit

1957 1003 2142 1041 nomen
2170 996 2353 1051 tuum;
2380 990 2504 1058 quia
2533 990 2674 1043 solas
2697 1000 2906 1044 sanctus
2931 1006 3006 1054 es,
3037 991 3161 1060 quia
3192 1006 3366 1044 armes
3395 999 3572 1061 gentes

1957 1079 2159 1133 venient
2213 1089 2260 1132 et
2304 1081 2593 1134 adorabunt
2639 1093 2758 1136 ante
2804 1091 2891 1148 te;
2932 1081 3117 1136 videre
3149 1098 3366 1153 quoque
3417 1093 3559 1149 tuas,
3620 1093 3625 1098 ‘

1956 1171 2084 1227 Jesu
2112 1216 2126 1237 ,
2158 1177 2393 1241 nuptias,
2439 1178 2492 1230 in
2539 1176 2735 1248 quibus
2777 1177 2845 1231 de
2896 1177 3126 1232 terrenis
3176 1177 3241 1231 ad
3291 1178 3562 1241 ctelcstia,

1958 1268 2374 1324 concinentibus
2404 1271 2643 1324 omnium
2672 1270 2883 1340 gaudiis
2906 1284 3104 1340 sponsa
3133 1269 3464 1336 deducitur;
3500 1271 3568 1324 ad

1959 1369 2008 1412 te
2036 1360 2171 1413 enim
2203 1363 2367 1414 omnis
2409 1379 2530 1416 caro
2574 1373 2734 1417 veniet
2766 1361 2940 1434 (Psal.
2988 1378 3140 1430 utv,
3185 1365 3276 1432 5),
3303 1363 3412 1431 jatn
3455 1379 3562 1418 non

1959 1454 2160 1505 su-culo
2192 1453 2424 1507 obnoxia
2451 1495 2467 1519 ,
2501 1454 2593 1508 sed
2626 1457 2843 1524 spiritui
2875 1456 3131 1524 copulata
3177 1474 3190 1510 :
3231 1455 3417 1510 videre
3450 1455 3567 1510 Ilia-

1960 1545 2135 1602 lamos
2163 1557 2388 1602 ornatos
2415 1549 2659 1619 byssino,
2689 1551 2850 1615 rosis,
2874 1550 3024 1616 liliis,
3045 1561 3098 1606 et
3131 1551 3370 1605 coronis.
3404 1560 3429 1596 κ
3462 1551 3568 1607 Ctt-

1956 1639 2047 1708 jus
2093 1643 2238 1695 enim
2284 1643 2512 1696 alterius
2557 1645 2636 1698 sic
2691 1653 2955 1698 ornantur
3003 1645 3249 1712 nttptim?
3292 1644 3574 1700 Otnantttr

244 1744 338 1791 tur
365 1736 568 1800 dolori,
601 1737 821 1808 cygneis
851 1735 992 1789 male
1013 1732 1220 1788 creduli
1257 1731 1474 1796 fabulis,
1509 1730 1633 1783 dtnn
1665 1735 1858 1797 putant
1889 1737 1936 1796 B
1962 1734 2107 1787 enim
2140 1735 2516 1790 confes~orom
2557 1737 2754 1803 livore,
2785 1746 3087 1808 martyrum
3120 1741 3407 1810 sanguine,
3441 1738 3570 1795 liliis

243 1827 483 1883 modulis
507 1843 568 1884 se
591 1826 879 1882 mulcenda
905 1826 1177 1881 flebilibus
1200 1825 1475 1879 albentem
1501 1820 1651 1876 utolli
1672 1823 1852 1891 pluma

247 1930 461 1976 mutare
486 1919 766 1975 canitiem.

325 2012 443 2068 130.
494 2011 619 2067 Hzec
668 2025 830 2080 quam
890 2008 1260 2066 incredibilia!
1321 2023 1484 2079 quam
1550 2004 1851 2061 deformia!

248 2107 470 2176 Quanto
504 2104 636 2160 illud
669 2114 754 2162 est
783 2105 1219 2162 convenientius.
1253 2112 1308 2155 ιιι
1335 2099 1528 2154 ert-das
1559 2097 1855 2154 secundum

250 2207 525 2263 naturain,
555 2197 749 2252 credas
791 2195 1088 2252 secundum
1127 2208 1286 2249 usum
1317 2193 1587 2248 fructuum
1631 2201 1854 2245 αιτιοι-(ιο

249 2307 393 2353 rmn.
424 2290 620 2346 credas
667 2290 971 2344 secundum
1017 2298 1298 2358 gestorum
1333 2285 1603 2353 t'xelttpla,
1636 2284 1857 2339 oracula

254 2385 675 2456 propin-tarum,
699 2382 860 2438 Cliris
889 2380 1151 2438 icorleste
1178 2376 1530 2448 promissum.
1561 2377 1701 2443 Quid
1731 2390 1860 2431 vero

255 2478 626 2550 priestantius,
655 2491 816 2546 quam
851 2486 907 2529 nt
935 2489 1074 2544 Optts
1117 2472 1214 2527 Dei
1251 2471 1386 2540 jndit
1404 2485 1464 2526 es
1497 2486 1603 2524 non
1637 2469 1816 2539 petire
1842 2509 1857 2534 ,

253 2582 310 2629 et
335 2569 634 2626 secttnduut
669 2567 956 2640 imaginem
1003 2575 1058 2622 et
1101 2563 1515 2619 similitudinem
1552 2562 1644 2616 Dei
1686 2563 1858 2615 laetos

257 2663 541 2720 transferri
563 2677 668 2718 nou
695 2661 922 2731 possein
941 2659 1151 2728 elligies
1174 2657 1500 2720 bestiarum;
1529 2669 1652 2710 cum
1677 2657 1860 2722 utique

257 2758 324 2813 ad
354 2756 768 2812 similitudinem
801 2754 894 2808 Dei
944 2767 1050 2806 non
1096 2749 1343 2819 corporis
1372 2750 1444 2801 sit
1479 2747 1679 2818 imago,
1707 2756 1729 2784 ο
1764 2743 1859 2800 sed

259 2849 520 2920 Spiritus?
560 2847 693 2902 Nam
739 2842 1196 2914 quemadmodum
1248 2840 1448 2904 Itomo,
1490 2844 1575 2894 cui
1614 2837 1859 2908 SlllleCla

257 2954 381 2998 sunt
425 2941 777 2995 animantium
807 2953 1011 3010 genera
1058 2947 1381 2991 umerorum
1411 2975 1425 2999 ,
1460 2933 1511 2986 iit
1543 2931 1854 3002 sultjevtutu

259 3035 361 3091 sibi
395 3033 593 3089 animal
635 3034 858 3090 meliore
889 3031 974 3086 sui
1004 3042 1156 3102 parte
1185 3028 1486 3101 demigret?
1513 3027 1630 3083 Non
1662 3028 1862 3096 pititur

1961 1827 2258 1896 virginum,
2285 1831 2509 1881 coronis
2531 1829 2695 1884 etiam
2723 1830 3106 1884 sacerdotum?

2038 1917 2159 1973 155.
2209 1918 2321 1972 lloc
2351 1920 2454 1975 sibi
2489 1935 2600 1988 pra:
2625 1921 2846 1975 caeteris
2881 1921 3046 1976 llavid
3093 1932 3313 1978 sanctus
3339 1925 3569 1994 optavit,

1963 2018 2019 2061 ιιι
2049 2011 2164 2064 hinc
2191 2020 2465 2078 spectaret
2505 2021 2560 2064 ct
2604 2021 2874 2067 cerneret.
2924 2012 3175 2082 Denique
3217 2015 3295 2068 ait
3338 2035 3351 2068 :
3398 2014 3571 2070 linunt

1961 2101 2117 2170 petivi
2146 2120 2176 2155 α
2202 2099 2444 2167 Domino,
2464 2102 2600 2157 hanc
2626 2105 2883 2174 requiram
2908 2121 2928 2170 ;
2958 2114 3012 2158 ut
3039 2105 3317 2160 inhabilem
3338 2108 3392 2161 in
3419 2107 3572 2162 domo

1962 2191 2177 2246 Domini
2217 2211 2393 2249 omnes
2432 2195 2542 2248 dies
2573 2196 2688 2250 ritw
2715 2212 2870 2263 uteie,
2908 2205 2958 2249 et
3002 2197 3203 2252 videam
3251 2199 3569 2269 voluptatem

1963 2285 2178 2342 Domini
2206 2287 2329 2357 (Ρι.
2356 2306 2516 2353 XXVI,
2543 2289 2598 2348 4.
2618 2290 2700 2359 5).

2038 2381 2160 2436 154.
2201 2381 2363 2436 Juvat
2411 2381 2516 2437 ltoc
2559 2383 2819 2448 credere,
2853 2396 3076 2449 sperare
3119 2381 3259 2437 delet
3281 2393 3352 2438 tat
3384 2393 3571 2440 :certe

1962 2491 2072 2530 non
2116 2475 2418 2530 credidisse
2467 2491 2622 2546 pmttu
2676 2486 2779 2542 est,
2810 2492 3069 2546 sperasse
3116 2480 3306 2547 gratia.
3339 2481 3492 2546 Quod
3523 2479 3571 2534 si

1964 2567 2016 2623 in
2053 2568 2155 2623 ltoc
2194 2585 2345 2630 erro,
2381 2571 2504 2638 quia
2553 2570 2763 2640 augt-lis
2809 2589 2837 2623 ιι
2863 2585 2894 2624 e
2941 2580 3062 2640 past
3108 2582 3336 2626 mortem
3371 2572 3570 2628 sociari

1965 2661 2146 2725 malo,
2191 2678 2351 2730 quam
2404 2663 2632 2726 bestiis;
2681 2663 2916 2718 libenter
2966 2665 3017 2716 itt
3058 2665 3159 2719 ltoc
3196 2680 3356 2729 crto,
3398 2682 3574 2735 tit-que

1963 2768 2221 2824 umquam
2256 2755 2358 2811 liac
2399 2771 2486 2810 tne
2531 2756 2813 2826 opinione,
2859 2756 2990 2811 dum
3023 2756 3176 2824 vivo,
3212 2758 3449 2814 fraudari
3478 2776 3572 2830 pa-

1967 2849 2091 2902 liztr.

2040 2939 2162 2996 155.
2204 2941 2343 3010 Quid
2376 2941 2525 2997 enim
2556 2942 2684 2998 tnilti
2717 2957 2966 3013 superest
2993 2945 3200 3011 solatii,
3231 2961 3394 3016 quam
3425 2944 3570 3013 quod

1966 3046 2055 3086 me
2083 3033 2247 3087 citius
2272 3033 2340 3087 ad
2373 3042 2448 3100 te,
2483 3033 2675 3100 frater,
2711 3050 2871 3105 spe-ro
2901 3046 3208 3100 \‘Culttl'ttllt,
3241 3053 3338 3091 nec
3367 3038 3576 3099 diates-

259 3129 363 3186 ltoc
411 3142 628 3198 natura,
659 3141 715 3185 et
762 3129 809 3186 si
861 3136 1140 3200 pateretur
1179 3137 1392 3190 natura,
1426 3140 1532 3179 tton
1585 3131 1861 3194 pateretur
1887 3133 1932 3197 ο
1965 3141 2059 3181 sus
2083 3128 2156 3181 tui
2187 3127 2329 3183 inter
2358 3144 2457 3183 nos
2501 3130 2656 3200 longa
2701 3130 2932 3185 divortia
2968 3134 3116 3197 fore;
3151 3136 3363 3201 tuisque
3408 3131 3578 3187 inter-

297 3225 454 3280 ralia.

361 3241 371 3274 Ι
441 3265 454 3278 ο

259 3241 352 3372 gr:
501 3314 528 3354 δ
557 3315 667 3371 Sed
699 3313 888 3369 videro
916 3312 1044 3384 quid
1075 3326 1171 3366 vos
1200 3311 1270 3366 de
1294 3309 1473 3375 vobis,
1494 3319 1708 3380 gentes,
1739 3311 1860 3380 Opi-

259 3411 443 3468 niunis
476 3409 758 3473 ltalteatis;
791 3422 967 3475 neque
1009 3406 1157 3459 enim
1191 3403 1386 3457 mirutn
1433 3403 1597 3456 debet
1644 3405 1858 3470 videri,

260 3501 400 3574 quod
427 3499 650 3556 creditis
673 3515 770 3552 vos
791 3499 845 3552 itt
879 3498 1080 3552 bestias
1110 3509 1267 3566 posse
1298 3495 1518 3553 mutari,
1540 3496 1628 3564 qui
1662 3495 1862 3550 bestias

258 3597 516 3652 adoratis.
554 3595 664 3659 Ego
691 3603 872 3649 tamen
906 3593 1087 3646 malim
1119 3589 1187 3643 de
1219 3599 1404 3642 vestro
1434 3590 1631 3643 merito
1662 3589 1858 3644 melius

251 3690 549 3764 judicetis;
575 3697 760 3744 utnon
795 3688 934 3742 inter
962 3693 1137 3741 cattus
1167 3683 1426 3746 ferarum,
1462 3683 1554 3738 sed
1588 3683 1731 3738 inter
1757 3697 1854 3738 an-

257 3783 503 3857 gelorum
533 3783 810 3840 consmtia
840 3795 938 3836 vos
967 3791 990 3817 ο
1021 3778 1262 3835 credatis
1294 3777 1528 3832 futuros.

336 3876 458 3932 152.
501 3875 674 3931 llabet
712 3875 923 3929 animus
949 3887 1015 3928 ex
1047 3871 1150 3926 ltoc
1175 3869 1287 3940 jam
1315 3869 1438 3923 vitae
1484 3867 1731 3925 anfractu
1757 3911 1770 3937 ,
1804 3880 1858 3927 et

331 4025 356 4052 ἰ
397 4013 540 4079 Levi,
573 4013 648 4067 ait
676 4011 944 4074 Nannius,
973 4010 1059 4065 cui
1095 4002 1430 4064 contrarium
1461 4013 1548 4060 est
1575 4021 1851 4077 asperum.

261 4087 406 4156 Virg.
439 4085 508 4141 de
538 4084 704 4141 Prteti
736 4085 983 4139 lilialtus:

351 4167 412 4218 Et
430 4179 561 4228 saepe
584 4166 636 4216 lu
661 4163 758 4213 levi
783 4163 1039 4227 quaesisset
1063 4171 1242 4210 cornua
1266 4159 1446 4211 fronte.

329 4252 356 4291 δ
395 4251 600 4307 Omnes
626 4250 761 4304 edit.
801 4264 865 4305 ac
896 4265 1028 4304 tuss.
1071 4249 1349 4322 nonnulli,
1391 4259 1447 4304 ut
1487 4247 1633 4322 grari
1673 4249 1854 4301 immo-

257 4334 435 4378 rentur
464 4323 672 4384 dolori;
698 4322 875 4375 «ιιιο...
908 4331 1234 4374 morerentur
1253 4320 1464 4385 dolore;
1491 4320 1686 4391 reliqui
1719 4335 1851 4372 cuu-

255 4396 491 4456 ciuntus,
523 4404 580 4448 ιιι
609 4409 708 4448 nos
737 4393 789 4447 itt
823 4401 991 4448 testu.
1029 4393 1198 4448 Porro
1241 4409 1335 4457 νισι·
1374 4409 1612 4463 cygni-us
1643 4391 1855 4463 fabulas

947 4439 1322 4538 Pltaetltoniis
1351 4439 1743 4534 c‘t'tlnrsaug'uiteei
1769 4461 1854 4538 sui
1879 4439 1933 4500 D
1962 4465 2113 4538 νιέῑέυο
2146 4448 2236 4538 ιφ]
2264 4439 2476 4538 ἰνιιξειυξ
2521 4460 2653 4506 etm-

256 4553 439 4595 casutn
489 4532 958 4592 dolore—Confecﬁ
999 4539 1419 4590 conitersionutn
1470 4537 1523 4591 itt
1563 4532 1724 4588 avem
1771 4532 1858 4587 ιιιιί

256 4610 511 4667 uotuinis.
543 4609 612 4663 de
641 4625 744 4677 qua
769 4609 891 4662 vide
912 4607 1088 4662 Ovtdii
1121 4607 1215 4661 lib.
1253 4624 1287 4662 tt
1322 4608 1709 4676 Metanmrplt.,
1741 4604 1851 4659 fab.

255 4683 310 4739 4.
343 4699 448 4736 tton
481 4695 638 4734 sc-cus
668 4696 731 4734 ac
756 4681 824 4735 de
852 4679 989 4735 Icari
1023 4694 1151 4734 casu
1181 4679 1278 4735 lib.
1310 4693 1405 4734 vni
1437 4680 1684 4751 ejusdem
1718 4692 1853 4747 cpe-

254 4752 351 4815 ris,
383 4753 488 4807 fab.
523 4753 577 4808 5.

330 4834 351 4862 ε
396 4825 470 4878 lta
500 4834 607 4876 vet.
637 4821 770 4877 edit.
813 4836 876 4876 ac
905 4836 1035 4876 mss.
1081 4822 1507 4889 frequentissimi
1549 4839 1561 4875 :

256 4893 387 4951 edit.
423 4905 474 4948 et
497 4893 716 4962 quidam
749 4893 838 4946 alii
875 4908 1033 4957 mss.,
1061 4893 1150 4947 sed
1177 4895 1329 4947 ratio.

328 4963 353 5002 ἀ
397 4959 555 5019 Rom.
589 4966 720 5016 edit.
755 4973 809 5018 et
839 4968 990 5030 pauci
1034 4981 1193 5024 mss..
1225 4965 1331 5019 Sed
1359 4963 1538 5028 video;
1569 4971 1681 5017 vel.
1717 4959 1852 5017 edit.

255 5051 378 5162 ἓιιιιι
417 5050 549 5091 tuss.
585 5036 744 5106 leuge
788 5035 1038 5106 plurimis
1083 5047 1139 5090 et
1178 5035 1599 5105 probatissitnis,
1647 5032 1754 5088 Sed
1783 5033 1855 5085 vi-

292 5126 398 5162 ero.

292 5126 398 5164 ιντο.

330 5191 352 5218 ι’
393 5179 515 5234 Vct.
549 5176 705 5244 edit.,
737 5178 960 5234 credatis
985 5182 1210 5248 futuros,
1239 5188 1286 5231 et
1311 5176 1513 5229 animo:
1541 5192 1603 5230 ex
1629 5175 1726 5248 hoc
1738 5177 1854 5247 jam

256 5252 371 5307 vita:
401 5252 714 5318 anfractu...
748 5246 1076 5304 contendere.
1113 5247 1182 5302 Et
1210 5249 1285 5301 sic
1311 5258 1612 5318 sanctorum
1642 5246 1706 5300 sit
1738 5246 1854 5314 per-

255 5325 455 5385 venire;
500 5317 658 5374 Rom.
688 5321 819 5376 edit.
851 5321 1094 5376 ultimam
1139 5327 1280 5374 hanc
1306 5329 1513 5388 partem
1541 5317 1808 5388 iugulavit
1835 5333 1848 5370 :

1604 4830 1659 4876 at
1690 4819 1853 4875 Rom.

1967 3222 2308 3277 cessiontbus
2338 3222 2471 3276 tntlti
2523 3223 2624 3278 ltoc
2659 3238 2817 3293 posse
2844 3223 3122 3287 conferti.
3153 3235 3211 3278 ιιι
3235 3225 3398 3280 citius
3427 3225 3573 3279 desi-

1965 3315 2248 3371 derauteut
2281 3317 2354 3370 ttti
2388 3317 2647 3374 adtmces.
2687 3319 2821 3386 Quis
2851 3319 2995 3374 enim
3027 3330 3134 3386 (νει,
3176 3320 3268 3390 qui
3316 3337 3422 3374 non
3471 3321 3572 3375 sibi

1965 3409 2163 3464 debeat
2192 3411 2331 3464 istud
2364 3420 2556 3482 optare
2597 3429 2708 3482 pta:
2753 3419 3003 3478 cal-teris;
3033 3425 3087 3468 ut
3115 3417 3448 3485 corruptibile
3475 3419 3570 3470 Itoc

1962 3504 2146 3558 induat
2175 3504 2596 3573 incorruptelam,
2639 3516 2686 3559 et
2716 3508 2933 3562 mortale
2967 3509 3064 3561 lioc
3091 3508 3272 3563 induat
3305 3510 3574 3562 immorta-

1964 3594 2156 3651 litatem
2181 3594 2228 3664 (Ι
2255 3592 2378 3649 Cor.
2412 3611 2505 3659 xv,
2534 3596 2662 3664 55)?
2703 3607 2761 3651 ut
2793 3597 2886 3664 qui
2926 3614 3067 3653 nunc
3111 3597 3274 3652 morti
3319 3603 3573 3668 Corporis

1962 3685 2256 3757 fragilitate
2281 3689 2688 3743 succumbimus
2709 3729 2724 3751 ,
2754 3686 2782 3724 ιι
2814 3704 2976 3759 supra
3004 3700 3253 3745 naturam
3280 3691 3392 3757 siti,
3425 3706 3570 3746 ιιιοιο

1966 3786 2073 3835 teni
2098 3779 2210 3848 jam
2241 3781 2434 3836 timere
2466 3793 2822 3852 nequeamus.

1961 4025 2096 4064 mss.
2129 4025 2260 4064 vero
2287 4020 2532 4067 nostram
2564 4013 2852 4067 lectionem
2882 4028 3097 4068 summo
3141 4027 3412 4072 consensu
3455 4028 3564 4072 sta.

1962 4081 2179 4160 biltunt,
2210 4081 2311 4138 nisi
2340 4085 2484 4154 quod
2519 4085 2702 4156 legunt
2731 4087 2976 4140 nonnulli
3002 4127 3016 4150 ,
3048 4087 3118 4140 ad
3167 4104 3394 4160 superna
3437 4106 3562 4144 con-

1960 4152 2223 4208 accudere.

2039 4231 2060 4272 ί
2104 4234 2260 4289 Ιιοιιι.
2295 4233 2427 4290 edit.
2458 4251 2525 4292 ex
2555 4235 2716 4307 Vulg.
2747 4237 3030 4306 versione,
3063 4238 3173 4292 Rea:
3203 4245 3511 4296 circulorum
3543 4261 3560 4296 :

1961 4319 2154 4382 omnes
2199 4317 2397 4382 autem
2433 4323 2563 4363 mss.
2616 4325 2678 4361 ac
2729 4318 2837 4368 vi-t.
2891 4311 3063 4371 edit.,
3124 4309 3238 4366 Rex
3283 4315 3562 4382 gentium;

1963 4376 2234 4454 Grtece,‘6
2264 4379 2505 4448 βασιλεὺς
2548 4388 2649 4437 τῶν
2693 4383 2848 4454 ἁγίων
2870 4423 2883 4442 ,
2918 4382 3030 4438 lira:
3067 4376 3380 4438 sanctorum.
3417 4376 3560 4440 tuna

2705 4471 2768 4507 ac
2822 4456 3006 4522 plures
3046 4472 3177 4508 mss.
3199 4497 3214 4520 ,
3246 4458 3415 4509 videre
3437 4473 3563 4527 quo-

1957 4537 2122 4596 que...
2151 4519 2325 4596 videre
2355 4523 2642 4596 thalamos;
2689 4519 2954 4596 tussinott
2986 4527 3142 4596 pauci
3173 4528 3374 4581 ιιεοΙιριιι
3404 4519 3559 4581 υἷι-ου

1959 4592 2154 4662 biqne.
2190 4591 2387 4646 videro.
2439 4595 2554 4648 Non
2597 4595 2730 4648 satis
2775 4608 2956 4657 recte;
2987 4591 3255 4653 inlinitita
3287 4614 3431 4652 enim
3466 4599 3559 4653 illa

1957 4665 2192 4734 pendent
2218 4678 2249 4717 e
2269 4666 2536 4731 superiori
2551 4666 2998 4729 orattOneJialtet
3018 4670 3224 4724 oninms
3243 4686 3306 4724 ea;
3327 4671 3557 4734 Itoc,etc.

2031 4755 2055 4791 ις
2095 4743 2299 4824 _0ntues
2340 4746 2474 4799 edit.
2521 4760 2584 4797 ae
2629 4747 2873 4824 plet-ique
2920 4763 3074 4807 tuss.,
3107 4747 3198 4824 Sic
3240 4752 3372 4802 enim
3400 4754 3560 4824 cujus

1957 4815 2169 4870 alterius
2211 4825 2464 4887 ornantur
2509 4831 2704 4887 nuptae
2743 4819 3099 4886 Confessorum
3150 4821 3349 4886 livore;
3398 4815 3556 4876 lto'nt.

1958 4888 2090 4940 edit.
2119 4928 2135 4951 ,
2168 4885 2594 4952 lnbore:.'tptins
2645 4903 2776 4940 vt-ro
2823 4897 2943 4942 (³οι1.
2991 4889 3224 4954 Turun.,
3273 4885 3458 4945 Germ.
3504 4904 3561 4949 et

1961 4956 2107 5032 Vict:
2153 4967 2210 5010 ut
2243 4960 2292 5009 iit
2321 4969 2601 5032 coitu-mu.
2633 4958 2882 5014 Livorcin
2928 4977 3094 5030 porro
3123 4961 3208 5016 liic
3249 4963 3401 5032 ponit
3431 4968 3560 5017 Atii-

1963 5027 2178 5082 brusius
2205 5045 2302 5096 pro
2332 5031 2516 5085 colore
2547 5033 2810 5089 violaceo.
2839 5027 2998 5095 quem
3026 5027 3404 5088 confessi-runt
3434 5050 3557 5100 pro-

1960 5102 2137 5224 gsit:ttt
2163 5100 2401 5224 ὥείῖέιιι
2431 5102 2524 5157 lib.
2556 5117 2631 5156 vn
2662 5102 2905 5172 Exposit.
2940 5106 2994 5158 ιιι
3018 5103 3218 5160 Lucam
3247 5120 3396 5172 nutu.
3431 5105 3558 5170 128,

2034 5189 2156 5224 11011
2224 5189 2235 5222 Ι
2348 5210 2362 5224 ο

1958 5185 2362 5225 aUIIHIIIUIHIUS.

1959 5328 1978 5373 ι
2033 5245 2060 5284 ιι
2100 5249 2231 5377 altis.
2278 5264 2383 5306 non
2434 5252 2620 5322 pauci,
2674 5269 2835 5323 supra
2882 5263 3125 5310 naturam
3160 5256 3263 5324 sit,
3312 5267 3368 5311 ut
3417 5275 3558 5314 mor-

1977 5335 2129 5377 ent.e
2195 5361 2208 5376 .

1977 5335 2078 5389 ent,
2099 5335 2208 5378 etc.

1615 5567 2187 5612 ω.

699 5835 977 5904 Panos.
1024 5831 1197 5900 XVI.

2961 5837 3038 5904 53
