4092 6190
562 226 705 287 1551
781 312 791 322 .
1916 217 2163 279 ωηατ-ι

2304 214 2529 277 ιιιοειι
3766 206 3920 269 ιω

559 387 3743 425 ww

595 591 714 677 IN
792 578 1448 674 CONSOLAT.
1524 578 1688 667 DE
1760 574 2122 665 OBITU
2198 564 3046 661 VALENTINIANI
3119 557 3883 653 ADMONITIO.

631 1026 693 1083 in
722 1023 1005 1096 procinctu
1034 1027 1154 1077 erat
1180 1015 1593 1076 Valentinianus
1614 1012 1820 1087 junior,
1851 1017 1912 1067 ut
1931 1018 1964 1067 e
1987 1006 2181 1067 Galliis
2206 1008 2261 1063 in
2289 1005 2497 1062 Italiam
2516 1047 2530 1072 ,
2561 1016 2672 1076 quo
2696 1016 2820 1060 eum
2853 1002 3207 1059 barbaron
3235 998 3598 1072 inruptionem
3631 998 3923 1055 minitan-

557 1121 694 1175 tium
725 1094 903 1173 ineius
931 1114 1182 1183 vocabat,
1214 1119 1604 1176 reverteretur,
1637 1122 1761 1165 cum
1793 1120 1825 1163 e
1853 1104 1993 1161 vivis
2014 1100 2334 1174 Arbogastis
2354 1100 2572 1157 comitis
2601 1094 2791 1155 fraude
2820 1097 3070 1154 sublatus
3098 1096 3193 1152 fuit
3227 1096 3407 1153 idibus
3435 1094 3601 1151 maiis
3624 1094 3771 1150 anni
3802 1094 3920 1151 399

557 1214 612 1269 in
643 1212 827 1284 vigilia
851 1210 991 1267 sacri
1014 1210 1384 1266 Pentecostes.
1408 1205 1565 1262 Illius
1599 1217 1797 1274 corpus
1817 1216 1925 1257 non
1955 1198 2026 1254 ita
2051 1196 2224 1252 multo
2246 1195 2621 1269 postrelatum
2649 1201 2733 1250 est
2758 1192 3147 1259 Mediolanum,
3177 1192 3361 1264 ibique
3392 1191 3694 1262 tantisper,
3718 1190 3916 1263 quoad

554 1302 853 1363 Theodosii
884 1302 1139 1361 mandata
1166 1301 1236 1358 de
1265 1299 1545 1372 sepultura
1577 1294 1696 1368 ejus
1733 1294 2138 1365 acciperentur,
2169 1289 2224 1345 in
2263 1288 2468 1359 palatio
2494 1301 2595 1343 suo
2624 1294 2919 1343 servatum.
2957 1285 3157 1340 Allatis
3187 1284 3402 1341 demum
3442 1284 3512 1340 ab
3547 1284 3915 1355 imperatore

553 1402 625 1461 de
646 1402 751 1459 hoc
777 1402 997 1469 litteris,
1031 1397 1402 1457 Valentiniani
1426 1392 1727 1469 parentalia
1756 1390 2036 1448 celebrata
2066 1396 2212 1453 sunt,
2242 1386 2295 1441 in
2326 1386 2525 1455 quibus
2553 1381 2874 1439 Ambrosius
2905 1378 3207 1451 principem
3237 1377 3391 1433 illum
3419 1390 3565 1433 anno
3597 1378 3795 1434 {etatis
3831 1380 3913 1434 vi-

551 1495 765 1569 gesimo
788 1510 857 1551 ex
881 1494 1112 1566 imperio
1136 1502 1191 1549 et
1219 1493 1329 1549 vita
1355 1498 1569 1561 raptum
1593 1484 1847 1558 sequenti
1872 1483 2121 1540 oratione
2152 1483 2475 1552 prosecutus
2502 1480 2605 1533 est.

625 1590 686 1646 in
713 1600 799 1658 ea,
833 1564 1031 1662 quib—us
1060 1585 1240 1645 causis
1263 1584 1329 1641 ad
1360 1580 1655 1640 dicendum
1682 1579 2069 1642 adduceretur,
2104 1574 2333 1631 strictim
2366 1571 2617 1642 exposito
2659 1568 2680 1644 (
2705 1564 2868 1625 Num.
2904 1567 2927 1623 i
2954 1566 2976 1639 )
3003 1612 3017 1636 ,
3062 1565 3503 1625 Valentinianum
3543 1566 3783 1622 venisse
3827 1565 3910 1621 ait

549 1676 574 1753 (
604 1680 760 1738 Num.
782 1680 819 1737 2
839 1660 889 1751 ),
935 1681 1033 1737 sed
1070 1679 1313 1735 onmium
1349 1676 1436 1749 qui
1476 1686 1738 1746 tamquam
1769 1679 2034 1741 parentem
2065 1668 2328 1739 publicum
2357 1666 2377 1739 (
2402 1662 2569 1721 Nunt.
2599 1662 2673 1736 5)
2706 1679 2829 1753 eum
2857 1663 3135 1736 lugebant,
3169 1662 3429 1735 lacrymis
3459 1660 3899 1716 circumfusum.

550 1752 763 1828 Deinde
792 1764 985 1845 (Nam.
1015 1771 1048 1826 3
1073 1779 1123 1824 et
1147 1770 1282 1839 seq.)
1313 1768 1381 1823 ab
1400 1764 1639 1822 Jeremia
1664 1763 1891 1819 threnos
1921 1767 2219 1827 mutuatus,
2247 1770 2305 1813 ut
2329 1758 2631 1829 principem
2657 1752 2877 1824 defleat,
2908 1756 3001 1826 qui
3030 1754 3384 1812 consiliorum
3408 1754 3736 1811 maturitate
3768 1768 3901 1810 cum

546 1865 935 1922 adolescentiae
961 1864 1096 1919 ﬂore
1123 1863 1175 1916 in
1206 1876 1265 1917 se
1306 1861 1593 1930 conjuncta
1616 1900 1630 1924 ,
1663 1858 1828 1912 etiam
1868 1855 2129 1910 barbaros
2160 1854 2213 1910 in
2244 1854 2329 1909 sui
2360 1850 2770 1909 venerationem
2803 1857 3143 1921 pertraxerat
3167 1892 3182 1915 ,
3222 1848 3423 1905 asserit
3454 1848 3627 1903 totius
3659 1848 3899 1920 quidem

546 1957 716 2015 Italia:
740 1957 944 2014 luctum
967 1972 1088 2013 esse
1109 1966 1489 2021 communem;
1523 1951 1591 2008 ad
1620 1948 1921 2008 Ecclesiam
1953 1958 2134 2004 tamen
2160 1947 2506 2019 potissimum
2525 1954 2777 2017 spectare
2803 1943 2992 2016 (Num.
3026 1945 3057 2000 5
3078 1954 3128 1999 et
3154 1943 3235 2013 6),
3256 1941 3459 2014 quippe
3480 1952 3605 2012 qua:
3633 1940 3898 1997 Gratiani

546 2064 611 2108 ac
648 2048 1009 2109 Valentiniani
1038 2050 1192 2106 obitu
1220 2049 1273 2104 in
1305 2055 1596 2117 utramque
1621 2042 1898 2100 maxillam
1929 2055 2190 2113 percussa
2219 2050 2385 2097 esset.
2419 2038 2551 2095 Post
2580 2039 2669 2095 illa
2695 2081 2710 2107 ,
2743 2038 2831 2095 ubi
2858 2037 3191 2110 patefactum
3219 2045 3306 2093 est
3334 2051 3497 2109 quam
3527 2036 3640 2092 rari
3670 2039 3728 2091 in
3758 2037 3899 2093 ado—

542 2140 809 2201 lescentia
838 2145 923 2201 vel
954 2158 1175 2216 prorsus
1205 2151 1235 2197 a
1262 2141 1409 2198 vitiis
1429 2152 1489 2196 se
1512 2138 1853 2202 contineant,
1879 2136 1965 2195 vel
1999 2136 2268 2192 maturius
2292 2135 2518 2191 redeant
2544 2133 2611 2189 ad
2638 2133 2839 2190 bonam
2868 2134 3103 2205 frugem,
3134 2129 3373 2189 ostendit
3402 2128 3591 2203 (Nam.
3619 2131 3654 2186 9
3675 2143 3731 2186 et
3751 2131 3893 2202 seq.)

546 2238 800 2295 eumdem
834 2236 1274 2295 Valentinianum
1299 2235 1429 2308 jugo
1461 2234 1676 2289 Domini
1703 2232 1905 2289 collum
1936 2226 2247 2287 subdidisse
2276 2229 2457 2285 adhuc
2481 2228 2771 2301 juvenem;
2801 2236 2857 2284 et
2886 2226 2931 2284 si
2965 2226 3159 2284 fuisset
3183 2227 3238 2283 in
3269 2225 3387 2298 ejus
3425 2226 3707 2294 moribus,
3743 2224 3890 2298 quod

542 2335 887 2392 obtrectandi
919 2335 1098 2389 locum
1126 2334 1423 2404 praeberet,
1455 2328 1561 2386 hoc
1588 2339 1694 2384 tam
1722 2326 1892 2384 celeri
1921 2324 2306 2383 emendatione
2336 2321 2576 2378 deletum
2600 2334 2724 2379 esse
2748 2324 2765 2395 (
2789 2318 2950 2376 Num.
2986 2319 3055 2376 14
3084 2330 3131 2377 et
3152 2337 3259 2393 seq.
3287 2319 3339 2392 ),
3379 2328 3439 2376 ut
3465 2335 3559 2376 ora
3598 2319 3891 2375 maledicis

544 2426 1016 2501 opprimerentur.
1048 2422 1183 2481 Tum
1205 2416 1273 2479 ad
1306 2424 1534 2477 virtutes
1560 2418 1723 2491 hujus
1752 2418 2014 2489 principis
2044 2416 2210 2474 verba
2228 2420 2583 2480 convertens,
2615 2412 2735 2485 ejus
2761 2413 3043 2484 pietatem,
3067 2411 3225 2484 cujus
3254 2412 3473 2468 virtutis
3501 2410 3886 2483 pulcherrima

544 2524 798 2592 exempla
830 2522 885 2577 in
914 2520 1152 2577 medium
1185 2515 1418 2590 profert,
1446 2514 1664 2587 egregie
1694 2510 1877 2569 laudat
1906 2511 2095 2585 (Num.
2130 2510 2198 2580 18
2228 2516 2279 2565 et
2305 2506 2459 2581 καφ).
2495 2504 2628 2564 lluic
2652 2504 2892 2563 annectit
2918 2504 3111 2578 (Num.
3143 2504 3213 2562 21
3242 2514 3290 2561 et
3313 2504 3450 2577 seq.)
3484 2518 3738 2561 amorem
3765 2503 3891 2576 ejus

543 2626 671 2687 erga
703 2613 949 2687 populos,
975 2625 1113 2683 quos
1142 2624 1245 2666 nec
1270 2620 1502 2664 onerare
1529 2607 1682 2662 novis
1708 2602 1928 2660 tributis
1951 2601 2129 2658 induci
2160 2610 2394 2672 poterat,
2420 2608 2476 2657 et
2506 2614 2536 2656 a
2557 2598 2805 2655 barbaris
2835 2597 3132 2655 defendere
3158 2610 3282 2655 cum
3313 2596 3550 2655 evidenti
3577 2599 3708 2655 vita
3743 2599 3891 2669 peri-

545 2686 670 2766 cuiu
708 2686 932 2780 paratus
960 2714 1101 2762 erat.
1134 2702 1250 2760 lltic
1276 2703 1361 2758 vir
1400 2709 1622 2757 sanctus
1667 2698 1905 2753 animum
1942 2692 2300 2753 Valentiniani
2333 2697 2384 2749 in
2411 2708 2472 2751 se
2501 2702 2809 2749 memorans
2835 2686 3027 2767 (Num.
3058 2692 3131 2747 23
3161 2702 3208 2748 et
3241 2692 3406 2767 seq.),
3440 2702 3765 2765 quantoque
3792 2707 3886 2749 ar-

541 2805 675 2860 dore
704 2802 800 2859 abs
829 2818 890 2859 se
919 2799 1213 2873 baptizari,
1247 2806 1304 2854 et
1329 2796 1473 2868 apud
1504 2792 1867 2864 Arbogastem
1896 2807 1955 2848 se
1986 2791 2124 2846 vade
2148 2790 2230 2845 uti
2263 2789 2605 2861 exoptavcrit
2627 2832 2642 2857 ,
2674 2787 2955 2861 eleganter
2979 2788 3282 2861 explicans,
3314 2789 3644 2846 tenerrimos
3674 2791 3889 2847 amoris

541 2913 607 2953 ac
634 2896 843 2953 doloris
880 2895 966 2951 sui
1003 2904 1183 2950 motus
1213 2904 1504 2960 erumpere
1530 2887 1760 2958 patitur;
1792 2895 1851 2940 ut
1875 2899 1997 2954 qua:
2028 2885 2080 2938 in
2125 2883 2351 2954 gratiam
2380 2881 2500 2954 ejus
2530 2882 2792 2956 principis
2818 2924 2833 2951 ,
2864 2898 2892 2937 a
2926 2898 3034 2955 quo
3062 2883 3307 2955 parentis
3354 2882 3476 2940 loco
3518 2884 3886 2957 diligebatur,

538 2996 665 3045 vota
694 2996 750 3045 et
774 2985 999 3043 consilia
1030 2998 1126 3040 sua
1159 2981 1395 3048 fuerant,
1418 2979 1595 3049 palam
1626 2978 1847 3032 faceret.
1886 2975 1958 3029 De
1988 2972 2115 3029 hinc
2142 2978 2341 3045 quanta
2369 2970 2749 3039 benevolentia
2777 2974 3003 3043 amicos,
3033 2985 3231 3045 quanta
3280 2974 3548 3033 charitate
3588 2991 3888 3048 germanas

539 3098 669 3140 suas
697 3082 996 3152 imperator
1024 3076 1346 3146 complexus
1376 3071 1563 3138 fuerit,
1588 3072 1724 3126 scite
1752 3067 2048 3139 amplificat
2074 3064 2262 3140 (Num.
2282 3067 2355 3125 35
2378 3076 2426 3123 et
2443 3065 2600 3140 seq.).
2636 3068 2705 3123 Et
2734 3068 2983 3125 oratione
3013 3069 3079 3126 ad
3112 3064 3209 3125 has
3232 3084 3497 3127 conversa
3530 3071 3654 3142 quis
3686 3081 3888 3129 tenen-
3990 3072 3991 3133 ἲ

539 3177 643 3233 dus
670 3176 737 3231 sit
768 3175 821 3230 in
848 3173 1079 3244 lugenda
1106 3169 1290 3225 fratris
1322 3176 1499 3224 morte
1529 3166 1598 3221 ab
1631 3166 1714 3221 eis
1743 3164 1937 3220 modus
1960 3203 1975 3227 ,
2003 3162 2206 3220 docere
2247 3161 2560 3234 aggreditur
2591 3160 2781 3233 (Num.
2812 3160 2876 3218 4i
2908 3174 2955 3219 et
2981 3158 3150 3237 seq.);
3186 3161 3431 3236 illudque
3472 3165 3607 3221 lenit
3646 3160 3889 3239 diligeno

540 3273 647 3327 tius
677 3268 868 3341 (Num.
903 3265 967 3322 51
1012 3272 1059 3321 et
1103 3260 1263 3335 seq.),
1296 3261 1441 3335 quod
1486 3262 1538 3316 iu
1568 3272 1634 3315 co
1664 3260 1838 3330 magis
1869 3254 2146 3313 deﬂebant
2172 3299 2187 3325 ,
2218 3258 2396 3329 ipsum
2446 3257 2703 3313 videlicet
2746 3267 3037 3330 antequam
3079 3258 3349 3330 baptismo
3395 3259 3744 3329 initiaretur,
3774 3262 3885 3316 vita

541 3364 879 3421 defunctum.
915 3360 999 3417 Ab
1038 3373 1102 3415 ea
1149 3346 1527 3413 consolatione
1569 3350 1636 3408 ad
1676 3364 1867 3421 preces
1918 3350 2063 3405 venit
2093 3390 2107 3414 ,
2141 3359 2305 3422 atque
2351 3348 2553 3406 obnixe
2581 3348 2821 3405 divinam
2853 3349 3203 3406 clementiam
3224 3391 3240 3419 ,
3273 3362 3340 3407 ne
3369 3346 3823 3408 Valentinianum
3854 3371 3887 3409 a

540 3454 803 3514 Gratiano
849 3448 1058 3525 sejungi
1087 3448 1289 3514 vellet,
1324 3458 1487 3501 orans
1513 3453 1568 3500 et
1597 3442 1895 3498 obsecrans
1918 3481 1934 3508 ,
1963 3440 2243 3497 auditores
2273 3455 2403 3495 suos
2432 3451 2489 3495 ut
2516 3439 2659 3496 votis
2685 3440 3070 3498 communibus
3113 3442 3332 3514 utrique
3366 3442 3535 3498 Deum
3575 3442 3883 3514 placarent,

543 3549 866 3605 exhortatur
893 3540 1084 3618 (Num.
1115 3538 1184 3596 δι
1217 3548 1265 3595 et
1292 3536 1449 3609 seq.).
1484 3537 1616 3593 Post
1648 3548 1770 3606 qua
1799 3535 2084 3590 amborum
2117 3535 2275 3591 dotes
2308 3534 2501 3605 majori
2531 3535 2828 3605 Splendore
2852 3534 3256 3604 illustratnrus,
3286 3536 3395 3594 illis
3423 3537 3663 3611 applicat
3691 3540 3887 3597 Can’i-

542 3653 731 3696 eorum
760 3636 914 3694 locos
944 3634 1173 3707 aliquot,
1206 3630 1301 3688 sed
1332 3638 1538 3686 tantam
1566 3628 1877 3684 cautionem
1899 3626 2330 3698 religionemque
2356 3624 2520 3682 isthic
2552 3624 2779 3683 adhibet
2810 3624 3003 3700 (Nunt.
3027 3627 3097 3686 58
3118 3640 3166 3684 et
3195 3631 3352 3704 δίῳ),
3379 3638 3436 3687 ιιι
3458 3646 3677 3688 omnem
3703 3632 3887 3689 υσθυ-

542 3714 715 3792 sionis
744 3743 837 3789 aut
864 3728 1153 3788 calumnia:
1182 3742 1374 3783 ansam
1402 3722 1683 3796 praecidat.
1716 3721 1799 3779 Ad
1826 3733 2133 3779 extremum
2182 3723 2270 3779 ubi
2315 3732 2604 3794 persancte
2628 3733 2974 3782 contestatus
3004 3737 3090 3783 est
3118 3728 3319 3784 nullam
3350 3726 3452 3787 sibi
3481 3746 3744 3801 umquam
3786 3747 3889 3788 nec

542 3829 599 3884 in
647 3826 899 3898 precibus
946 3839 1046 3879 nec
1082 3823 1135 3877 in
1177 3817 1464 3876 sacrificiis
1505 3818 1772 3887 obrepere
1816 3824 1978 3888 posse
2014 3814 2346 3871 oblivionem
2379 3816 2570 3871 horum
2597 3817 2943 3891 principum,
2974 3834 3165 3875 rursus
3203 3821 3383 3877 dolori
3426 3822 3577 3879 frena
3611 3823 3887 3896 permittit

544 3919 740 3993 (Num.
774 3922 840 3976 '77
869 3928 917 3975 et
946 3914 1082 3989 seq.)
1108 3933 1122 3971 :
1146 3914 1243 3970 sed
1271 3913 1357 3969 hic
1385 3926 1601 3983 quoque
1628 3910 1696 3965 ad
1728 3910 1899 3966 Deum
1929 3907 2254 3979 confugiens
2279 3950 2293 3974 ,
2327 3908 2397 3965 ab
2420 3922 2487 3964 eo
2511 3906 2772 3982 efﬂagitat
2804 3908 2997 3984 (Num.
3024 3908 3116 3985 8i)
3140 3954 3156 3981 ,
3197 3930 3264 3971 ne
3290 3930 3350 3971 se
3376 3914 3443 3972 ab
3473 3914 3583 3973 iliis
3615 3916 3672 3972 in
3701 3918 3886 3974 futuro

544 4030 664 4072 sevo
690 4014 833 4069 sinat
859 4008 1118 4073 distrahi,
1146 4017 1204 4063 at
1235 4008 1583 4063 immaturam
1609 4004 1831 4065 illorum
1856 4010 2093 4059 mortem
2119 4001 2434 4063 ωθιιιιῑοσίε
2461 4003 2838 4061 “monitio”!
2864 4004 3012 4063 ἀί)υο
3041 4018 3382 4079 minuim-

618 4106 703 4160 Ex
729 4104 832 4159 hac
860 4101 1110 4159 oratione
1138 4098 1286 4155 haud
1316 4112 1463 4168 a-gre
1487 4096 1873 4166 cognoscimus
1903 4108 2024 4150 eam
2054 4102 2168 4149 tum
2200 4095 2465 4164 temporis
2495 4094 2738 4151 habitam
2770 4112 2914 4163 esse,
2946 4113 3068 4152 cum
3104 4099 3494 4158 Valentiniano
3512 4103 3660 4177 justa
3692 4106 3882 4163 seire.

544 4211 758 4272 rentur.
804 4195 962 4264 Quod
1007 4190 1202 4250 autem-
1238 4192 1304 4247 ad
1346 4206 1580 4257 annum,
1610 4198 1666 4245 et
1705 4189 1883 4256 diem,
1908 4186 2106 4258 quibus
2140 4187 2396 4243 humatus
2423 4197 2535 4255 est,
2561 4200 2750 4247 eorum
2781 4190 3027 4249 definitio
3060 4211 3125 4250 ex
3158 4196 3286 4253 anni
3327 4213 3387 4253 ac
3426 4198 3558 4267 diei,
3593 4216 3706 4273 quo
3739 4203 3881 4260 idem

543 4292 802 4365 princeps
840 4294 1064 4347 necatus
1095 4284 1239 4357 fuit,
1267 4283 1581 4356 cognitione
1609 4283 1836 4337 omnino
1862 4279 2086 4354 pendet.
2117 4283 2189 4343 At
2221 4296 2349 4337 vero
2384 4282 2437 4337 in
2476 4282 2544 4338 iis
2574 4286 2881 4347 statuendis
2919 4300 3026 4344 non
3073 4292 3247 4348 semel
3291 4302 3480 4363 peccat
3525 4294 3886 4357 Marcellinus

542 4397 764 4448 comes;
797 4378 877 4438 sic
902 4378 1050 4439 enim
1090 4374 1282 4435 scribit
1306 4374 1363 4434 in
1393 4373 1666 4439 Citronico
1691 4389 1705 4428 :
1730 4371 1954 4427 Taliane
1982 4382 2030 4427 et
2059 4370 2377 4443 Symmacho
2414 4390 2550 4431 coss.
2587 4372 2908 4433 Theodosius
2938 4380 3068 4450 imp.
3103 4378 3270 4438 Italia
3299 4384 3552 4442 decedens
3574 4424 3588 4452 ,
3623 4383 3887 4445 Constan-

544 4476 821 4550 tinopotim
841 4471 1110 4529 remeauit.
1136 4468 1541 4523 Valentinianus
1568 4467 1698 4534 imp.
1731 4464 1877 4535 apud
1914 4463 2172 4519 Viennam
2200 4463 2322 4521 dolo
2348 4467 2654 4541 Arbogastis
2683 4474 3047 4542 strangulatus
3070 4476 3271 4529 interiit
3299 4477 3477 4535 idibus
3508 4477 3739 4535 Martiis.
3771 4481 3883 4540 Sed

540 4568 753 4651 primus
788 4565 905 4638 ejus
934 4566 988 4621 in
1020 4562 1125 4620 hoc
1168 4576 1325 4618 error
1355 4571 1468 4626 est,
1501 4556 1649 4628 quod
1680 4552 1909 4611 Tatiano
1939 4567 1993 4611 et
2027 4558 2359 4628 Symmacho
2388 4574 2531 4616 coss.
2566 4562 2704 4617 hanc
2746 4576 2934 4621 necem
2963 4567 3135 4637 ponit.
3168 4567 3390 4625 Constat
3422 4569 3693 4641 siquidem
3736 4591 3884 4633 anno

541 4670 682 4734 591,
712 4680 824 4739 quo
850 4678 974 4720 eam
1003 4661 1329 4732 dignitatem
1355 4656 1433 4710 illi
1457 4662 1745 4726 gesserunt
1771 4692 1786 4718 ,
1817 4652 2187 4710 Theodosium
2218 4653 2401 4715 idibus
2421 4652 2627 4728 Aprilis
2657 4654 2837 4717 adhuc
2870 4658 3041 4716 fuisse
3071 4659 3398 4730 Mediolani,
3430 4663 3681 4735 Aquileia
3724 4683 3879 4736 vero,

542 4778 649 4836 quo
678 4764 856 4835 ipsum
885 4758 1180 4814 comitatus
1221 4762 1339 4810 erat
1367 4749 1786 4807 Valentinianus
1807 4792 1820 4816 ,
1853 4758 2044 4805 mente
2070 4749 2216 4806 .lulio
2245 4751 2485 4807 nondmn
2517 4751 2739 4809 abiisse.
2779 4754 2979 4811 iterum
3012 4765 3193 4813 autem
3225 4758 3576 4815 Marcellinus
3604 4761 3658 4814 in
3691 4776 3761 4818 eo
3797 4778 3890 4819 er-

543 4869 648 4929 rat,
683 4856 828 4931 quod
875 4849 1192 4924 Arbogastls
1230 4847 1409 4904 scelus
1439 4842 1733 4921 contigisse
1763 4844 1837 4901 ait
1866 4844 2040 4900 idibus
2072 4842 2319 4911 Martiis;
2341 4846 2449 4902 hoc
2476 4848 2620 4903 enim
2654 4858 2866 4919 tempus
2909 4866 3032 4907 cum
3074 4852 3139 4906 iis
3166 4895 3178 4917 ,
3211 4868 3332 4922 qua:
3360 4853 3687 4909 Ambrosius
3711 4857 3879 4927 epist.

543 4956 614 5013 53
641 4953 836 5027 (Num.
870 4952 928 5020 ὅ)
955 4948 1024 5006 de
1052 4944 1328 5002 caloribus
1370 4938 1573 5005 gestit-is
1608 4940 1802 5008 habet,
1836 4956 2143 5011 congruere
2169 4941 2483 5012 neutiquam
2532 4943 2724 5012 possit.
2758 4943 2889 5011 inde
2918 4955 3004 5002 est
3035 4947 3179 5019 quod
3211 4948 3281 5004 ab
3312 4947 3541 5006 eruditis
3588 4949 3887 5021 Epiphsnii

542 5046 833 5121 prmfertur
864 5041 1189 5106 auctoritas,
1220 5035 1470 5092 eamdem
1504 5049 1695 5119 necent
1726 5035 1906 5090 idibus
1936 5034 2060 5091 Maii
2090 5035 2325 5091 Arcadio
2353 5038 2654 5094 secundum
2694 5045 2751 5094 et
2781 5040 2978 5097 Rufino
3011 5042 3246 5112 primum
3286 5059 3434 5100 coss.
3468 5043 3651 5114 pridie
3680 5045 3887 5103 Ponte.

540 5150 723 5199 costes
753 5144 1021 5211 patratam
1045 5146 1167 5191 esse
1204 5128 1573 5188 asseverantis
1600 5122 1705 5201 (De
1736 5126 1974 5183 Mensur.
2010 5138 2057 5183 et
2102 5126 2273 5185 Pond.
2307 5147 2450 5186 nunt.
2483 5130 2600 5203 9.0),
2632 5132 2738 5188 hoc
2762 5144 2867 5200 esr,
2900 5143 2960 5189 ut
2987 5144 3115 5190 ante
3136 5136 3249 5205 jam
3278 5136 3537 5204 diximus,
3570 5151 3721 5195 anno
3748 5136 3881 5204 392,

540 5235 631 5292 die
658 5244 839 5291 autem
868 5230 991 5293 Maii
1024 5225 1112 5285 t5.
1156 5226 1501 5299 Quapropter
1529 5222 1574 5277 si
1606 5220 1744 5278 duos
1775 5236 1992 5277 menses
2012 5260 2028 5288 ,
2057 5220 2255 5293 quibus
2284 5218 2491 5278 iustam
2525 5234 2577 5283 cl
2606 5223 2827 5285 Graiam
2858 5224 3159 5291 fraternum
3193 5226 3412 5289 ﬂevisse
3440 5228 3725 5297 interitum
3758 5248 3886 5288 nar-

542 5336 625 5381 rat
663 5323 985 5378 Ambrosius
1031 5318 1221 5391 (Num.
1252 5315 1323 5371 49
1348 5324 1396 5370 et
1427 5310 1551 5385 50),
1598 5312 1886 5384 Epiphanii
1920 5330 2163 5377 ,ttttmet'q
2200 5315 2505 5384 adjeeeris,
2545 5318 2675 5377 hinc
2715 5320 2990 5391 intelliges
3029 5320 3193 5377 funus
3229 5322 3477 5391 ejusdem
3523 5322 3886 5394 imperatoris

538 5419 747 5473 interea
777 5414 907 5470 dum
931 5410 1225 5467 Theodosii
1256 5407 1571 5463 mandatum
1604 5415 2039 5478 exspectaretur,
2073 5424 2249 5480 usque
2276 5410 2342 5465 ad
2373 5410 2496 5466 idus
2526 5412 2655 5467 Julii
2688 5416 2892 5470 mensis
2920 5416 3195 5486 prolatum
3227 5433 3374 5474 esse.

615 5511 820 5568 Verum
854 5520 1034 5563 tamen
1060 5515 1113 5561 et
1144 5505 1197 5559 in
1224 5505 1328 5558 hac
1352 5501 1611 5571 opinione
1633 5499 1858 5555 dubium
1891 5500 2109 5570 aliquod
2137 5502 2263 5556 hinc
2292 5503 2438 5556 nasci
2464 5512 2658 5571 potest,
2684 5508 2829 5575 quod
2855 5507 3177 5563 Ambrosius
3209 5509 3338 5566 dum
3369 5511 3533 5581 epist.
3560 5521 3691 5568 ante
3715 5515 3880 5570 citata

546 5605 882 5675 sepulturam
910 5595 1276 5654 Valentiniani
1307 5591 1687 5648 maturandam
1732 5592 1918 5647 scribit
1946 5585 2129 5658 ,hanc
2157 5591 2276 5661 ejus
2318 5595 2395 5649 rei
2445 5590 2630 5650 afferat
2674 5611 2929 5666 causam;
2964 5617 3031 5658 ne
3073 5603 3321 5674 reliquias
3363 5605 3561 5659 mortui
3613 5606 3882 5677 principis

542 5699 719 5752 aestivo
747 5696 917 5749 calore
947 5690 1150 5763 penitus
1188 5688 1470 5752 solvantur.
1503 5685 1589 5739 υἱιτ
1616 5685 1755 5740 enim
1785 5684 2099 5755 superiorem
2126 5695 2357 5741 wstatem
2385 5686 2728 5759 transegimus
2752 5690 2941 5757 (Num.
2976 5695 3052 5764 5).
3090 5694 3393 5753 Fatendum
3424 5698 3645 5768 quidem
3677 5711 3764 5755 est
3801 5702 3882 5755 his

544 5791 744 5855 verbis,
778 5804 885 5844 non
918 5798 1025 5842 tam
1051 5781 1181 5841 Julii
1209 5780 1418 5842 mensis
1446 5776 1687 5839 medium
1712 5818 1727 5849 ,
1758 5792 1920 5852 quam
1949 5781 2195 5836 autumni
2230 5779 2443 5838 initium
2472 5782 2801 5856 significari,
2832 5787 2877 5843 si
2903 5803 2969 5853 ea
3000 5791 3303 5859 secundum
3332 5805 3685 5859 communem
3718 5808 3881 5851 usum
