4022 6192
314 343 448 400 1561

1301 347 1387 403 DE
1412 344 1635 405 ⁷0111⁸1⁸11
1679 347 2166 407 νΑιεΝτιΝιΑΝι
2192 350 2642 411 (Ιοκεοωτιο.

3474 353 3614 413 1561

310 457 437 515 hem
462 458 696 515 diversae
743 461 918 515 :t-tatis
956 470 1007 515 et
1036 477 1198 517 sexus
1245 461 1466 517 foveant
1506 462 1771 531 sapientia
1800 463 1907 534 spi-
1938 468 1989 525 Δ
2018 465 2244 523 habebit
2284 470 2631 538 superiorum
2662 470 3052 541 indulgentiam
3086 480 3460 542 peccatorum,
3490 487 3613 543 quae

309 550 487 616 ritali,
521 551 720 621 objecti
770 552 988 623 quidem
1021 554 1226 609 smcttlo
1253 553 1319 609 ad
1352 553 1604 623 injuriis,
1630 563 1655 592 ι
1678 555 1772 611 sed
1823 557 1908 611 itt-

310 649 464 698 terna
492 644 750 716 mysteria
783 646 1109 701 dividentes.
1139 647 1325 703 Plorat
1352 649 1407 703 in
1439 649 1746 720 virginibus
1772 652 1907 719 suis,

310 750 435 806 qum
457 749 587 791 sunt
616 736 756 791 sicut
787 735 924 803 lilia,
954 752 1004 793 et
1031 738 1140 793 lilia
1165 739 1381 812 myirba
1409 741 1586 810 plena,
1612 742 1907 798 candorem

309 829 669 900 integritatis,
698 839 755 885 et
797 830 1139 887 mortiﬁcata:
1162 836 1463 906 corporalis
1496 835 1769 892 illecebra:
1793 838 1913 909 glo-

307 922 448 976 riam
489 925 864 992 praeferentes.

384 1012 439 1069 8.
466 1014 522 1067 lu
554 1016 640 1075 bis
666 1030 800 1087 ergo
827 1015 951 1079 ﬂet.
999 1019 1141 1073 sicut
1167 1018 1431 1087 scriptum
1468 1032 1548 1076 est
1587 1037 1601 1075 :
1636 1022 1747 1077 Vite
1777 1022 1908 1077 Sion

309 1109 512 1182 lugent,
541 1111 833 1164 sacerdotes
867 1111 983 1182 ejus
1030 1112 1391 1186 ingemiscant.
1428 1114 1651 1185 virgines
1677 1117 1790 1181 ejus
1817 1116 1908 1169 ab-

309 1202 500 1265 ductcc,
531 1214 576 1259 et
594 1205 712 1271 ipsa
735 1206 1036 1274 indignatur
1054 1206 1193 1260 intra
1223 1224 1277 1261 se
1296 1207 1514 1275 ('l'ltren.
1546 1223 1582 1275 t,
1609 1207 1683 1277 Δ).
1722 1208 1791 1264 Et
1821 1211 1904 1263 in-

312 1304 395 1350 tra
423 1310 483 1351 se
522 1296 740 1367 quidem
771 1297 1118 1369 indignatur,
1162 1298 1226 1351 ad
1254 1297 1694 1354 Valentinianum
1722 1311 1903 1356 autem

306 1387 440 1445 dicit
472 1407 486 1446 :
511 1390 787 1446 Assumatn
813 1399 883 1457 te,
911 1403 958 1445 et
986 1392 1231 1445 inducam
1254 1392 1307 1446 in
1330 1391 1541 1446 domum
1572 1393 1753 1447 ntatris
1780 1409 1907 1448 mea:

305 1491 359 1537 et
383 1483 439 1536 in
462 1495 713 1538 secretum
743 1487 859 1558 ejus
878 1501 995 1553 qute
1018 1487 1254 1557 concepit
1284 1504 1381 1541 me.
1424 1487 1609 1542 l’otum
1650 1488 1742 1542 tibi
1770 1488 1905 1543 dabo

305 1592 339 1630 a
366 1576 486 1631 vino
514 1578 722 1646 operosi
752 1578 1000 1652 unguenti
1027 1576 1206 1647 (Cant.
1236 1594 1351 1647 vnt,
1372 1579 1454 1650 ‘2),
1491 1579 1593 1635 bne
1609 1590 1716 1642 est.
1747 1581 1903 1636 multi

306 1670 513 1740 operis,
544 1667 754 1726 bmulti
798 1672 985 1728 odoris
1035 1686 1318 1739 unguento
1364 1692 1391 1728 a
1441 1675 1586 1729 lluxu
1637 1676 1901 1730 malorum

301 1770 658 1833 grauatorum
688 1779 929 1820 meorum
952 1782 967 1830 ;
993 1776 1047 1820 ut
1080 1766 1228 1821 bibat
1270 1766 1454 1823 vinum
1485 1768 1627 1838 quod
1661 1768 1905 1823 lapilli-at

300 1867 402 1909 cor
433 1855 669 1911 nominis
700 1854 877 1925 (Psal.
905 1873 1022 1922 cut,
1056 1858 1172 1922 151,
1206 1869 1262 1914 et
1291 1861 1493 1914 deﬂuat
1534 1861 1585 1914 in
1619 1877 1741 1915 eum
1781 1875 1899 1915 ma-
1935 1848 1981 1908 Β

303 1944 480 2002 lorum
509 1959 861 2019 granatorutn
886 1951 1089 2015 ﬂuxus,
1109 1951 1161 2004 in
1191 1952 1385 2022 quibus
1415 1954 1619 2008 utullus
1647 1966 1699 2008 el
1721 1953 1903 2008 diver-

302 2052 399 2092 sus
419 2049 504 2095 est
534 2038 766 2096 fructus.
796 2041 991 2097 Sermo
1031 2042 1176 2096 enim
1202 2044 1498 2097 multorum
1529 2059 1811 2106 sensuum,
1845 2054 1902 2100 et

298 2130 374 2186 de
403 2132 638 2187 diversis
659 2131 957 2203 Scripturis
984 2134 1269 2189 abundans
1290 2177 1305 2198 .
1334 2151 1514 2191 sermo
1544 2138 1897 2201 angelorum,

301 2238 487 2279 sermo
515 2226 890 2292 apostolorum
922 2240 985 2281 ac
1009 2228 1420 2296 propinet-rum,
1446 2242 1585 2296 quos
1611 2244 1721 2282 uno
1752 2229 1902 2284 velut

300 2315 454 2370 corio
487 2316 728 2371 Ecclesia
752 2326 941 2372 sancta
965 2319 1369 2390 complectitur,
1402 2320 1671 2375 malorum
1721 2321 1899 2376 ﬂuxus

299 2418 386 2465 est
415 2418 786 2479 granatorutn.

370 2503 423 2559 9.
454 2500 656 2558 VIdt'lls
690 2504 807 2560 Ita-c
824 2502 1239 2560 Valentinianus
1259 2507 1486 2578 integr»
1509 2506 1665 2578 plena
1682 2508 1894 2578 gratim,

299 2597 633 2667 respondet:
668 2596 1049 2654 Misericordiae
1099 2599 1308 2654 Domini
1354 2599 1496 2667 quod
1543 2619 1646 2655 non
1696 2602 1895 2669 defeci-

296 2704 443 2754 mus;
477 2689 599 2757 qnia
642 2705 745 2744 non
791 2702 910 2745 sunt
956 2702 1324 2746 consummata:
1362 2694 1716 2748 miserationes
1759 2697 1893 2766 ejus.

295 2778 584 2836 Renooabit
629 2781 750 2836 illas
778 2784 911 2838 sicut
942 2787 1035 2838 tum
1074 2786 1327 2839 matutina
1375 2783 1594 2856 (Tltreu.
1640 2801 1740 2852 111,
1778 2785 1892 2858 19).

296 2872 453 2928 Multi
482 2889 605 2929 sunt
632 2877 871 2947 gemitus
893 2880 1035 2946 mei,
1068 2889 1121 2933 et
1148 2895 1245 2933 cor
1271 2896 1449 2935 meum
1500 2881 1715 2936 delt-cit.
1764 2881 1897 2937 Sors

298 2985 409 3024 mea
429 2967 707 3035 Dominus,
735 2973 887 3037 dixi;
914 2973 1031 3028 ideo
1052 2974 1315 3028 sustinebo
1337 2991 1473 3028 eum.
1499 2974 1678 3029 Bonus
1701 2988 1772 3029 est
1789 2974 1896 3030 Da-

296 3061 469 3115 minus
497 3063 867 3118 sustinentibus
889 3082 1025 3130 eum,
1055 3067 1244 3119 animle
1266 3083 1382 3136 qua?
1399 3070 1585 3136 qutcrit
1613 3084 1748 3122 eum.
1782 3067 1891 3122 Bo-

297 3168 419 3207 num
440 3163 517 3207 est
549 3170 757 3222 sperare
804 3156 860 3210 in
901 3158 1131 3211 salutare
1162 3155 1371 3212 Domini
1417 3157 1624 3213 Bonum
1665 3172 1739 3214 est
1780 3162 1891 3215 viro

296 3261 413 3300 cum
455 3249 735 3318 portaverit
746 3249 938 3319 jugnm
971 3265 1124 3320 grove
1151 3251 1202 3303 iu
1235 3254 1511 3323 juuentute
1539 3270 1632 3306 sua
1662 3270 1681 3306 :
1702 3254 1894 3309 sedebit

297 3337 649 3407 singulariter.
684 3348 733 3392 et
757 3338 964 3405 silebit;
987 3341 1108 3410 quia
1144 3342 1262 3395 tulit
1292 3347 1472 3411 fagum
1516 3361 1670 3413 grave
1701 3343 1893 3415 (Ibid.,

296 3430 368 3485 111
386 3441 437 3484 et
464 3448 551 3499 seq
579 3431 622 3496 ).
654 3431 721 3487 Et
749 3431 842 3487 ille
861 3432 1080 3501 quidem
1104 3448 1162 3488 se
1190 3449 1406 3489 suarum
1424 3440 1686 3491 virtutum
1715 3454 1894 3494 remu-

297 3526 579 3579 neratione
604 3524 846 3590 solatur;
880 3539 947 3581 eo
977 3526 1120 3595 quod
1153 3526 1206 3580 in
1230 3526 1509 3596 iuventute
1546 3543 1642 3584 sua
1679 3530 1893 3585 labores

296 3614 604 3681 absorbuit,
648 3615 888 3686 pericula
926 3618 1092 3672 multa
1142 3618 1421 3681 toleravit;
1460 3620 1649 3690 jugum
1704 3623 1896 3677 maluit

296 3718 500 3780 gravec
533 3709 929 3763 cmettdatioris
960 3710 1246 3778 propositi,
1281 3726 1442 3779 quant
1475 3711 1640 3766 tnolle
1673 3713 1801 3767 illttd
1829 3729 1895 3769 ac

297 3802 515 3873 plenum
546 3797 572 3837 ά
595 3799 936 3867 deliciarum,
970 3802 1151 3855 vivida
1179 3804 1378 3855 tuentis
1406 3803 1625 3857 cervice
1651 3815 1890 3870 portare.

367 3892 457 3949 10.
488 3892 683 3947 Beatus
730 3893 1004 3960 planequi
1053 3894 1138 3948 vel
1185 3894 1238 3946 in
1282 3903 1571 3948 senectute
1604 3899 1895 3953 ecorrexit

298 4001 561 4052 errorem,
618 3987 808 4041 beatus
848 3986 945 4056 qui
992 3986 1076 4039 vel
1104 3986 1208 4042 sub
1257 3984 1368 4040 ictu
1412 3990 1607 4041 mortis
1648 3991 1890 4045 animum

297 4077 493 4133 avertit
528 4092 558 4131 a
589 4077 754 4133 vitiis.
783 4075 929 4131 Beati
958 4078 1102 4133 enim
1129 4094 1345 4148 quonon
1370 4089 1504 4131 tecta
1525 4089 1644 4133 sunt
1680 4092 1891 4148 precata

297 4169 473 4243 (Psal.
506 4185 656 4234 xxxt,
693 4173 768 4238 l);
798 4171 921 4239 quia
950 4171 1211 4240 srriptutn
1238 4183 1317 4226 e~t
1348 4188 1361 4223 :
1395 4169 1583 4225 Desine
1604 4190 1635 4226 a
1661 4174 1817 4239 malo,
1845 4186 1894 4230 et

298 4266 381 4334 {ac
401 4263 614 4327 bonum,
632 4272 679 4316 et
706 4262 939 4317 inhabita
955 4264 1009 4317 in
1030 4263 1280 4317 sterulum
1300 4264 1477 4318 surculi
1493 4262 1669 4334 (Paul.
1698 4283 1891 4330 sum,

299 4354 413 4429 15).
437 4355 776 4426 Quicumque
805 4371 936 4425 ergo
962 4357 1172 4430 n77
1216 4356 1448 4412 desierit
1473 4374 1503 4411 a
1529 4360 1765 4426 peccatis
1791 4403 1807 4427 ,
1839 4372 1896 4417 et

2013 558 2177 615 fuerit
2202 559 2289 614 Vt'l
2318 560 2614 629 pmttitendi
2646 562 2927 618 confessus
2946 562 3164 625 aﬂ'ecltt.
3191 564 3276 619 vel
3303 563 3612 635 corrigendi

2013 661 2299 707 aversatus
2328 654 2567 724 ingenio.
2595 654 2702 711 Sed
2735 654 2861 710 buic
2884 672 3006 711 cum
3037 656 3284 726 plurimis
3314 656 3489 711 venite
3522 670 3610 712 so-

2011 748 2185 803 cielas
2232 747 2634 817 emerendte;f
2697 748 2917 819 plttrimi
2979 750 3124 805 enim
3182 759 3307 805 Sunt
3350 749 3441 819 qui
3489 764 3550 803 se
3578 765 3611 804 a

2013 841 2249 912 peccatis
2293 848 2349 895 et
2382 839 2594 894 lubrico
2634 840 2936 908 iuventutis
2964 839 3018 895 in
3050 850 3332 896 senectute
3350 853 3608 896 revocare

2010 943 2347 1005 potuerunt:
2379 948 2534 987 tarus
2578 942 2760 988 autem
2791 933 2882 1002 qui
2931 932 2984 987 in
3015 933 3300 1003 iuuentute
3332 948 3496 1004 grave
3522 932 3609 1001 ju-

2008 1039 2137 1094 gum
2166 1023 2308 1078 seria
2325 1023 2622 1079 Sobrietate
2636 1025 2956 1094 portaverit.
2990 1024 3101 1078 lloc
3122 1036 3205 1079 est
3234 1025 3363 1077 illud
3389 1024 3604 1095 jugum,

2009 1115 2077 1171 de
2098 1131 2205 1184 quo
2226 1116 2491 1170 Dominus
2518 1117 2570 1170 111
2604 1117 2898 1186 Evmgclio
2926 1116 3000 1169 ait
3031 1113 3243 1170 :Venite
3270 1115 3340 1168 ad
3364 1130 3465 1179 me,
3497 1130 3610 1168 om—

2007 1225 2098 1262 nes
2120 1210 2209 1271 qui
2235 1207 2482 1262 laboratis
2503 1218 2550 1261 et
2580 1208 2784 1262 onerati
2815 1209 2968 1269 estis.
3011 1218 3059 1262 et
3100 1224 3193 1279 ego
3227 1223 3315 1261 vos
3340 1207 3608 1275 reﬁciam;

2009 1302 2175 1357 tollite
2207 1304 2393 1373 jugum
2431 1318 2601 1355 meum
2638 1318 2792 1371 super
2813 1317 2902 1356 vos
2926 1299 3146 1374 (Matth.
3176 1315 3251 1364 XI,
3285 1298 3376 1364 28,
3406 1298 3521 1370 29).
3548 1299 3607 1354 Si

2006 1395 2129 1467 quis
2156 1410 2286 1466 ergo
2311 1403 2606 1457 antequam
2640 1394 2791 1464 gravi
2823 1401 3085 1449 oneretur
3111 1401 3455 1462 peccatorum
3487 1404 3607 1444 sar-

2006 1486 2154 1551 cina,
2188 1486 2369 1541 tulerit
2395 1486 2588 1556 jugum
2619 1489 2672 1539 itt
2700 1485 3032 1556 juventttte,
3073 1482 3425 1554 singulariter
3450 1479 3607 1536 sede-

2007 1579 2129 1633 bit:
2165 1593 2272 1633 nou
2320 1593 2443 1633 cum
2491 1579 2741 1648 plurimis
2779 1577 3178 1641 conferendus,
3218 1575 3316 1632 sed
3354 1589 3477 1631 cum
3510 1574 3604 1628 illo

2005 1674 2100 1743 qni
2134 1683 2313 1742 potest
2360 1673 2588 1729 dicere:
2623 1674 2882 1742 Quoniam
2928 1685 2985 1728 tu
3032 1674 3368 1745 singulariter
3416 1673 3472 1726 in
3515 1688 3605 1744 spe

2005 1769 2315 1823 constituisti
2347 1766 2626 1840 11111(Ρδα1.
2655 1780 2731 1829 tv,
2767 1766 2879 1837 10).

2081 1863 2168 1917 il.
2203 1861 2308 1915 Sed
2338 1863 2477 1916 forte
2504 1858 2697 1914 dicas:
2732 1858 3016 1927 Quomodo
3051 1858 3241 1929 jugum
3273 1871 3436 1923 grave
3476 1854 3609 1910 dicit

2007 1955 2333 2016 llierentias,
2360 1969 2482 2007 cum
2515 1952 2568 2007 itt
2600 1953 2899 2021 Evangelia
2930 1949 3197 2005 Dominus
3228 1948 3427 2003 dixerit
3453 1967 3467 2002 ;
3497 1945 3605 2001 lu-

2004 2067 2125 2123 gunt
2174 2064 2345 2103 meum
2393 2064 2550 2101 suare
2593 2056 2640 2100 et
2677 2063 2810 2100 onus
2839 2062 3003 2098 meum
3036 2046 3143 2098 lere
3170 2054 3245 2097 est
3271 2041 3486 2117 (Matth.
3524 2055 3603 2108 xt,

2001 2142 2096 2211 29)
2119 2141 2143 2194 ἲ
2170 2145 2247 2195 Ac
2272 2141 2448 2210 primo
2479 2140 2648 2195 disce.
2674 2139 2796 2208 qttia
2829 2146 2854 2182 8
2877 2135 3101 2191 Grutcns
3133 2137 3323 2205 jugum
3366 2144 3603 2187 tantutnv

2004 2232 2165 2289 modo
2178 2235 2382 2303 pthlllt,
2400 2247 2506 2284 non
2521 2229 2726 2283 addidit
2742 2227 3126 2299 grave.’l‘amen
3142 2225 3339 2280 etillud
3353 2225 3445 2277 adt
3459 2235 3600 2288 ertc,

2002 2326 2129 2396 quia
2156 2323 2342 2377 etsiita
2368 2330 2515 2375 esset
2539 2322 2592 2374 in
2612 2320 2843 2375 'l‘brenis
2867 2317 3084 2391 (Tltren.
3112 2316 3326 2387 ttt,2'l).
3344 2316 3397 2369 in
3418 2314 3603 2369 Evano

2001 2416 2144 2486 gelio
2175 2425 2357 2470 tamen
2387 2416 2566 2485 iugum
2595 2428 2751 2466 suave
2775 2410 2937 2475 dixit,
2969 2419 3025 2464 et
3045 2423 3177 2462 onus
3206 2409 3332 2471 leve,
3374 2423 3481 2460 non
3505 2405 3600 2475 ju-

2000 2523 2128 2578 gum
2159 2506 2297 2562 leve.
2331 2505 2522 2560 Potest
2549 2504 2692 2557 enim
2716 2518 2885 2574 grave
2912 2504 3099 2572 jugutn
3137 2499 3297 2555 Verbi
3328 2513 3475 2563 esse,
3503 2496 3602 2553 sed

2001 2616 2169 2656 suave
2194 2615 2210 2652 :
2241 2614 2408 2669 grave
2451 2595 2791 2651 adolescenti
2818 2636 2832 2656 ,
2855 2609 3023 2665 grave
3048 2592 3260 2664 juveni,
3283 2590 3440 2660 cujus
3470 2601 3603 2644 tetas

2000 2702 2087 2748 est
2113 2690 2491 2755 ﬂorulentior;
2548 2700 2607 2743 ttt
2656 2688 2795 2741 nolit
2842 2691 2974 2757 jogo
3007 2685 3167 2740 Verbi
3203 2681 3597 2754 Snbjitiendam

1999 2786 2168 2842 animi
2198 2802 2291 2856 pra
2310 2784 2445 2840 bere
2483 2783 2775 2839 cervicem.
2809 2780 2998 2836 Potest
3024 2790 3080 2835 et
3109 2794 3274 2849 grave
3320 2777 3479 2833 Verbi
3508 2778 3598 2847 ju-

2000 2898 2128 2953 gum
2159 2877 2185 2917 δ
2218 2880 2391 2934 videri
2419 2891 2644 2949 propter
2668 2890 2838 2931 onera
2862 2874 3190 2945 disciplinae,
3221 2873 3596 2926 austeritatem

1998 2974 2377 3035 correctionis,
2413 2971 2628 3042 pondus
2659 2967 3007 3024 abstinentiae
3033 3010 3048 3032 ,
3082 2966 3597 3032 restrictionetnque

1998 3067 2268 3131 lascivim;
2293 3080 2466 3120 suave
2494 3073 2672 3119 tamen
2703 3077 2827 3116 esse
2850 3060 3026 3115 fructu
3053 3060 3263 3130 gratiae,
3296 3073 3395 3127 Spe
3418 3071 3601 3111 remu-

1998 3158 2306 3214 nerationis
2348 3166 2573 3210 ueterum
2596 3195 2610 3219 ,
2648 3153 2885 3220 purioris
2922 3151 3277 3206 conscientia:
3306 3150 3597 3204 suavitate.

1922 3232 1967 3295 C
2001 3251 2206 3308 Tamen
2241 3249 2428 3319 jugqu
2464 3246 2625 3301 Verbi
2658 3260 2821 3299 suave
2867 3244 3047 3307 dixit,
3076 3257 3216 3297 onus
3266 3239 3598 3296 obedientiac

2001 3345 2156 3409 leve;
2190 3342 2443 3411 tptoniam
2469 3340 2517 3393 ei
2565 3339 2656 3408 qtti
2700 3339 2888 3408 jugutu
2917 3336 3079 3393 Verbi
3115 3336 3337 3405 patienti
3379 3335 3599 3390 cervice

2000 3437 2328 3507 susceperit,
2355 3433 2661 3505 disciplina!
2681 3447 2822 3487 onus
2849 3447 3017 3501 grave
3045 3446 3170 3487 esse
3194 3447 3300 3486 nott
3333 3430 3557 3499 poterit.

2074 3532 2162 3587 1:2.
2190 3530 2294 3599 Qui
2327 3542 2461 3599 ergo
2493 3526 2729 3581 tulerita
2756 3525 3047 3596 juventute
3073 3523 3277 3591 iugum,
3311 3522 3597 3591 singulari-

2000 3631 2085 3680 tcr'
2111 3623 2345 3686 sedebit,
2374 3628 2431 3674 et
2459 3618 2639 3675 siltbit
2661 3659 2676 3682 ,
2707 3617 2950 3671 revelata
2980 3614 3081 3669 sibi
3117 3614 3361 3684 gaudens
3394 3614 3598 3669 divinat

2001 3711 2461 3770 remunerationis
2492 3722 2694 3763 acterna
2726 3707 3007 3778 mysteria.
3037 3704 3145 3760 Aut
3172 3714 3320 3760 certe
3371 3704 3594 3770 silebit,

2001 3822 2107 3862 non
2140 3818 2277 3874 opus
2315 3803 2523 3857 babens
2552 3802 2911 3856 chttsatione
2940 3798 3174 3867 peccati,
3202 3797 3345 3867 quod
3385 3807 3594 3853 matura

1997 3897 2343 3955 confessione
2375 3894 2659 3961 pru'venit,
2694 3902 2747 3947 ct
2789 3904 3020 3962 propera
3048 3889 3391 3945 correctione
3420 3891 3594 3959 depo-

1997 3993 2126 4047 suit.
2160 3988 2278 4044 Non
2305 3988 2451 4044 enim
2479 3985 2682 4041 dicitur
2709 3985 2833 4040 huic
2867 4003 2880 4039 :
2911 3984 3041 4050 Qum
3089 3984 3144 4053 in
3185 3986 3447 4053 iuventute
3494 4001 3597 4039 non

2003 4080 2348 4151 congregasti,
2371 4079 2626 4148 quomodo
2652 4078 2876 4132 invenies
2902 4078 2955 4130 in
2982 4087 3240 4131 senectute
3271 4075 3443 4149 (Eccl.
3470 4093 3600 4144 xxv,

2003 4174 2107 4247 5)?
2140 4175 2327 4230 Potest
2354 4181 2535 4228 autem
2567 4180 2622 4226 et
2662 4171 2742 4227 sic
2784 4169 3036 4240 intelligi.
3070 4171 3325 4240 quoniam
3353 4171 3444 4240 qui
3484 4172 3600 4226 cito

2004 4265 2302 4337 portaverit
2324 4263 2512 4333 jugum
2545 4261 2730 4326 Verbi,
2759 4260 2862 4316 ltoe
2884 4271 2988 4323 cst,
3009 4277 3037 4312 a
3058 4261 3372 4330 jnventute,
3402 4276 3511 4315 non
3539 4278 3602 4317 se

2006 4356 2257 4412 miscebit
2283 4370 2406 4410 cum
2435 4354 2753 4424 juvenibus,
2784 4352 2880 4407 scd
2915 4351 3130 4407 sedi-bit
3155 4366 3404 4406 seorsum
3433 4362 3488 4405 et
3519 4350 3598 4407 si-

300 4447 463 4505 l’uerit
512 4448 580 4505 ad
630 4448 855 4505 meliora
902 4449 955 4504 in
989 4465 1331 4521 quacumque
1369 4464 1677 4507 conversus
1707 4460 1891 4519 aetate,
1919 4433 1974 4493 Ῑ)
2002 4453 2166 4520 lebit;
2195 4450 2372 4507 donec
2411 4450 2576 4520 plena
2628 4465 2687 4504 se
2720 4448 3055 4521 perfectione
3081 4445 3298 4502 virtutis
3342 4443 3598 4511 οῐυάίοιο

370 4643 396 4672 ι
425 4633 582 4689 Rom.
615 4630 749 4688 edit.
800 4632 934 4687 sola.
988 4632 1079 4685 sed
1131 4632 1269 4685 intus
1303 4630 1550 4700 mysteria
1579 4631 1886 4685 dividentes.

300 4704 562 4762 Observat
603 4714 783 4758 autem
816 4702 875 4756 P.
908 4702 1149 4757 Nannius
1174 4704 1503 4756 allusiooem
1531 4700 1651 4757 fieri
1682 4701 1893 4756 11111101*-

302 4777 456 4832 ticem
488 4791 585 4831 seu
615 4775 789 4829 cieum
840 4775 1106 4828 malorum
1147 4786 1497 4843 granatorum
1524 4812 1540 4838 ,
1570 4790 1680 4844 quo
1723 4786 1893 4844 grana

304 4849 447 4902 intus
476 4846 814 4900 dividuntur.

368 4917 397 4957 ι)
427 4918 515 4971 Sic
560 4930 753 4970 omnes
803 4929 935 4969 mss.
971 4930 1000 4968 a
1033 4914 1231 4983 quibus
1263 4924 1374 4970 vet.
1417 4913 1552 4969 edit.
1582 4929 1649 4969 eo
1681 4923 1897 4970 tantum

304 4988 592 5059 recedunt,
637 4985 779 5055 quod
823 5001 920 5055 pro
960 4996 1261 5059 unguento,
1306 4986 1491 5054 legunt
1531 4987 1818 5059 unguenti:
1846 4999 1903 5041 at

305 5058 459 5113 110111.
490 5060 623 5112 edit.
653 5068 939 5122 utramque
965 5055 1153 5111 vocent
1184 5065 1406 5109 cettsmt
1442 5055 1863 5110 exclttdendattt.

378 5140 398 5167 ε
439 5129 589 5186 [111113
640 5146 766 5186 1ης..
792 5126 1170 5181 emendationis
1220 5127 1518 5197 prepositi;
1562 5128 1723 5191 alios,
1768 5128 1898 5181 emi-

303 5200 548 5270 nentioris
578 5200 858 5270 propositi.

377 5269 403 5309 ἀ
436 5270 556 5327 Vel.
582 5266 728 5325 edit.
761 5284 982 5325 actnss.
1036 5268 1300 5325 nonnulli.
1355 5266 1657 5322 deliciarum
1711 5270 1907 5323 inuidia

304 5344 513 5410 mentis;
558 5341 715 5395 Rom.
752 5342 885 5394 edit.
909 5384 922 5404 ,
977 5341 1285 5394 deliciarum
1330 5339 1683 5394 invitamentis
1712 5357 1731 5393 :
1766 5356 1900 5395 mss.

303 5423 480 5469 autem
514 5429 709 5471 magno
731 5428 982 5465 numero.
1009 5420 1067 5463 ιιι
1090 5413 1144 5464 111
1169 5422 1453 5474 contextu,
1484 5412 1671 5481 paucis
1697 5427 1904 5477 excep-

304 5485 390 5548 tis,
427 5486 514 5537 ubi
545 5484 763 5550 legitur,
795 5482 1098 5536 divitiarum
1127 5482 1311 5534 mundi
1334 5484 1517 5536 mentis
1540 5483 1760 5548 cervice,
1788 5492 1897 5537 etc.

376 5568 399 5595 ε
431 5556 568 5609 (Ind.
603 5559 766 5624 Reg”
793 5554 1026 5608 surrexit
1053 5555 1117 5624 ab
1143 5568 1339 5624 errore.

380 5625 397 5665 τ
433 5626 634 5681 liii-ero
666 5622 717 5678 in
743 5624 899 5679 Orat.
931 5639 1031 5690 pro
1062 5623 1133 5678 bl.
1166 5622 1336 5677 Cadio
1363 5640 1377 5677 :
1410 5622 1483 5678 Ac
1509 5625 1732 5678 multi...
1765 5640 1904 5677 sum-

304 5699 371 5752 mi
403 5699 661 5760 homines,
692 5708 738 5749 et
769 5696 1048 5749 clarissimi
1084 5696 1219 5747 cives
1250 5697 1459 5755 fuerunt
1479 5737 1496 5756 ,
1541 5712 1759 5755 tutorum
1789 5710 1904 5748 cum

303 5769 662 5826 adolescentia:
689 5768 1000 5837 cupiditates
1019 5763 1422 5837 deferbuissent,
1447 5768 1652 5821 eximite
1674 5767 1905 5831 virtutes,

307 5842 508 5912 [inuata
528 5845 642 5915 jam
665 5836 834 5907 a'tate,
852 5836 1183 5894 emtiterrtnt.
1211 5836 1294 5893 Ad
1306 5853 1427 5908 quae
1446 5839 1608 5893 verba
1628 5844 1908 5909 spectasse

1999 4631 2342 4687 Ambrosium
2367 4644 2474 4685 non
2502 4642 2707 4686 temere
2734 4629 2966 4684 dixeris.

2071 4702 2233 4756 BNon
2281 4718 2346 4755 ex
2401 4706 2504 4753 hoc
2550 4703 2669 4756 suln
2720 4701 2872 4762 IOCU,
2931 4701 3025 4756 sed
3058 4713 3137 4771 ex
3180 4699 3305 4755 aliis
3353 4699 3604 4771 pluribus

1999 4788 2331 4844 cognoscere
2358 4781 2444 4826 est
2472 4772 2813 4844 Ambrosium
2840 4774 3017 4844 varias
3048 4769 3367 4844 εει-1111111111
3388 4787 3596 4827 verstoo

2001 4840 2099 4900 nes
2119 4844 2406 4897 consulere
2427 4845 2668 4896 s'tlitum.
2688 4840 2847 4896 Certe.
2871 4842 3090 4911 quidem
3113 4842 3343 4896 habetur
3366 4852 3597 4909 tantum,

2003 4916 2147 4983 apud
2176 4930 2306 4969 ιιι.
2336 4911 2551 4990 ’ᾼναθον
2575 4913 2722 4990 map;
2748 4912 2864 4990 ὄτοεγ
2893 4911 2995 4990 ἄρῃ
3188 4952 3211 4990 ,_
3236 4922 3343 4968 etc.
3376 4913 3471 4967 sed
3501 4930 3599 4990 vo:-

2006 4976 2127 5042 cetn
2156 4976 2619 5055 gruueadt'tnttont
2642 4976 2797 5051 v'uigo
2825 4976 3007 5055 Pati-es
3028 4976 3237 5055 Latini.
3269 4996 3325 5038 ut
3360 4993 3482 5054 pttta
3515 4984 3607 5040 lli.

2011 5053 2182 5112 larius
2214 5057 2406 5111 Euarr.
2443 5055 2496 5108 in
2524 5058 2660 5123 psal.
2692 5070 2879 5111 cxvnt.
2909 5054 3008 5108 litt.
3042 5053 3197 5119 Betlt,
3230 5062 3287 5108 et
3309 5053 3602 5110 Cassiodo-

2013 5145 2106 5184 rus
2136 5130 2187 5180 in
2209 5129 2460 5181 eumdem
2479 5126 2615 5195 psal.
2635 5142 2778 5180 vers.
2808 5124 2928 5190 M7,
2957 5128 3100 5195 quod
3124 5127 3338 5180 vitlezur
3364 5125 3604 5182 inritatus

2011 5201 2083 5255 ab
2114 5197 2432 5267 Ambrosio,
2460 5212 2626 5251 sertn.
2660 5197 2695 5251 9
2724 5196 2774 5249 iu
2820 5197 2961 5249 hunc
3002 5202 3175 5267 ipsum
3203 5199 3368 5266 ps:il.,
3397 5199 3484 5250 ubi
3506 5213 3603 5252 ca-

2009 5271 2131 5326 dent
2158 5269 2344 5323 habet.
2363 5266 2612 5321 Nobilin~
2632 5266 3037 5322 distinctionem
3063 5267 3208 5337 inter
3230 5270 3608 5337 propheticum

2010 5342 2141 5395 illud
2190 5341 2378 5409 jttguttt
2426 5348 2591 5405 atque
2638 5339 3026 5405 Evangelieunt
3071 5338 3142 5394 ab
3185 5336 3476 5393 Atttltro:itt
3517 5338 3610 5394 bic

2011 5416 2345 5484 [impositam
2382 5410 2625 5484 referens
2655 5426 2670 5462 :
2706 5409 2976 5475 Quomodo
3004 5410 3182 5482 iugum
3212 5426 3435 5484 grave...
3461 5409 3613 5484 dise-

2007 5478 2076 5551 rit
2108 5480 2418 5551 Dominus:
2445 5478 2645 5551 Jugum
2684 5495 2855 5534 meum
2895 5478 3084 5546 suave,
3109 5478 3262 5535 etcf?
3293 5480 3569 5551 subiungit
3595 5498 3609 5535 :

2011 5550 2278 5617 Interpres
2314 5547 2630 5606 'l'heoda'ret.
2659 5568 2782 5621 quia
2807 5550 2941 5605 tollit
2965 5569 3117 5622 super
3151 5570 3206 5607 se
3229 5547 3406 5623 ipsum
3418 5547 3612 5624 jugutn

2007 5639 2179 5695 arere-

2084 5691 2109 5731 δ
2139 5692 2341 5765 Omnes
2370 5691 2504 5765 edit.
2528 5734 2544 5756 ,
2572 5693 2735 5747 rideri
2763 5709 2874 5764 pra:
2893 5693 3120 5765 pondere
3141 5694 3160 5758 ί
3179 5694 3231 5749 111
3258 5693 3389 5749 edit.
3425 5693 3609 5760 Rom.,

2013 5781 2120 5835 pne
2146 5762 2393 5845 eliditur)
2410 5763 2725 5845 dl8_€lpllnw,
2751 5762 3075 5834 austeritate,
3104 5776 3237 5832 etc.;
3262 5781 3456 5825 omnes
3476 5775 3616 5823 mss.

2013 5851 2044 5889 e
2074 5836 2373 5901 contrario,
2405 5836 2540 5892 utin
2568 5848 2824 5907 corpore.
