4022 6192
460 321 482 374 l
497 315 605 376 565

1806 298 2054 361 SANCTJ
2094 296 2422 363 ΔΜΒΒΟΞΙΙ

3645 295 3809 361 ιδδι

461 443 519 491 et
543 444 794 505 magnam
829 425 1046 502 n78
1074 422 1263 479 induat
1285 421 1469 478 animo
1490 417 1809 492 patientiam
1840 434 1852 472 :
1885 416 2064 473 dabit-
2090 420 2138 479 A
2167 413 2248 470 sic
2271 412 2414 468 istud
2441 410 2726 474 abstersit,
2759 418 2815 465 ιιι
2842 424 2909 465 ne
2935 408 3281 465 solemnibus
3313 407 3539 480 quidem
3575 408 3810 505 pr-inci-

467 540 576 596 que
604 518 931 594 percutienti
960 516 1239 573 maxillam
1271 528 1452 581 suam,
1481 513 1650 570 etiam
1681 510 1849 567 cordis
1879 518 1905 546 α
1935 524 2069 564 con-

471 626 721 672 temnens
732 610 1014 681 iniuriam;
1032 617 1084 665 ut
1100 605 1373 664 mandatis
1386 606 1720 675 obsequatur
1731 601 2067 660 ctelestibus.

536 707 626 763 15.
657 703 909 775 Magnum
936 710 1022 758 est
1052 701 1199 757 enim
1222 699 1311 755 vel
1330 698 1612 754 abstinere
1639 712 1671 752 a
1698 695 1850 751 vitiis
1875 694 2073 766 juven-

468 798 608 854 tutis
620 796 703 852 vel
718 808 838 851 eam
853 795 908 849 in
922 794 1043 863 ipso
1051 790 1356 863 juventutis
1372 788 1645 846 vestibulo
1661 786 2068 858 derelinquere,

469 897 636 959 atque
659 884 688 924 δ
711 884 780 942 ad
836 886 1047 940 seriora
1098 882 1383 947 converti;
1412 880 1638 936 lubrica:
1668 879 1813 935 enim
1855 886 1909 932 et
1946 893 2073 949 per-

470 974 1235 1051 plexmsuntvizejuventutis.
1270 974 1511 1045 Denique
1527 972 1785 1029 Salomon
1810 972 1920 1026 ait:
1950 968 2075 1024 Tria

465 1074 596 1130 mihi
626 1071 968 1145 impossibilia
991 1078 1112 1127 sunt
1139 1068 1452 1139 intelligere,
1474 1076 1520 1122 et
1542 1077 1782 1136 quartum
1808 1064 1947 1136 quod
1972 1079 2074 1119 non

469 1185 744 1241 cognosco.
777 1167 1008 1240 Vestigia
1036 1165 1230 1239 aquila:
1256 1163 1499 1231 volantis,
1530 1172 1577 1217 et
1604 1162 1715 1217 vias
1729 1162 1981 1233 serpentis
2022 1159 2076 1213 in

472 1272 640 1331 petra,
654 1270 703 1316 et
714 1260 922 1318 semitas
939 1260 1084 1315 navis
1096 1259 1416 1331 aavigantis,
1431 1256 1602 1310 etuias
1616 1255 1715 1309 viri
1734 1255 1789 1308 in
1794 1257 2078 1328 juventute

478 1353 667 1426 (Prov.
708 1368 845 1420 xxx,
876 1351 965 1419 18,
997 1350 1113 1421 l9).
1141 1347 1312 1413 David
1332 1358 1515 1405 autem
1533 1347 1610 1403 ait
1634 1363 1647 1400 :
1675 1345 2077 1416 Delictajuren-

480 1448 605 1503 tutis
622 1462 747 1503 mete
766 1455 820 1501 et
843 1446 1153 1518 ignorantia
1167 1459 1294 1500 mete
1313 1459 1379 1499 ne
1402 1441 1700 1498 memineris
1725 1440 1899 1511 (Psal.
1923 1454 2075 1505 xx1v,

482 1542 558 1614 7).
591 1541 815 1598 iuvenis
832 1540 979 1597 enim
1008 1553 1115 1595 non
1138 1538 1315 1594 solum
1337 1534 1633 1607 fragilitate
1656 1533 1881 1593 lubrica:
1903 1532 2082 1588 artatis

484 1632 811 1705 prolabitur,
840 1646 1028 1689 verum
1061 1631 1222 1687 etiam
1250 1626 1562 1701 ignorantia
1590 1624 1894 1683 caelestium
1922 1639 2081 1678 man-

481 1728 733 1781 datorum
775 1726 1095 1796 plerumque
1135 1721 1403 1793 delinquit
1435 1737 1449 1775 :
1483 1722 1592 1775 cito
1622 1726 1807 1775 autem
1839 1725 2082 1772 meretur

2173 520 2298 575 pum
2330 502 2624 569 natalibus,
2664 502 2748 556 vel
2795 500 3097 573 imperialis
3146 500 3376 555 honoris
3414 502 3592 571 gratia
3619 495 3649 536 ά
3682 501 3809 554 cir-

2172 612 2369 653 censes
2396 605 2613 669 putaret
2640 609 2765 651 esse
2795 593 3178 649 celebrandos.
3220 592 3461 649 Aiebant
3492 591 3670 664 aliqui
3713 591 3808 647 fe-

2172 706 2354 747 rarum
2394 704 2518 744 eum
2547 685 2937 743 venationibus
2966 684 3246 755 occupari,
3273 695 3438 757 atque
3465 683 3535 739 ab
3566 684 3806 739 actibus

2172 784 2412 857 publicis
2441 782 2804 837 intentionem
2839 779 2963 848 ejus
2987 778 3182 835 abduci
3215 795 3228 831 :
3273 791 3467 833 omnes
3495 776 3644 832 feras
3680 791 3806 833 uno

2175 886 2455 933 momento
2482 875 2646 945 jussit
2670 870 2930 928 interfici.

2250 970 2339 1027 16.
2385 969 2589 1025 Audire
2630 968 2685 1022 in
2732 966 3065 1022 consistorio
3090 974 3113 1001 ε
3146 964 3403 1036 negotia,
3437 971 3494 1019 et
3542 963 3805 1020 Danielis

2177 1064 2395 1135 spiritu,
2423 1063 2473 1117 in
2507 1061 2709 1134 quibus
2731 1058 3046 1115 dubitarent
3067 1072 3230 1115 senes
3253 1099 3268 1124 ,
3303 1057 3388 1112 vel
3418 1071 3673 1128 personae
3696 1059 3807 1112 ali-

2177 1157 2333 1229 cujus
2382 1156 2628 1211 contuitu
2675 1154 3035 1220 ducerentur,
3084 1165 3379 1221 congruam
3430 1165 3562 1206 vero
3600 1150 3807 1207 adole-

2178 1257 2422 1305 scentem
2446 1246 2665 1302 videres
2693 1244 3030 1313 seuilcmque
3061 1240 3206 1298 ferre
3227 1241 3583 1297 sententiam.
3607 1240 3809 1297 Jacta-

2180 1341 2310 1396 bant
2358 1340 2551 1408 invidi,
2609 1339 2754 1412 quod
2808 1345 3138 1409 praemature
3184 1335 3479 1406 prandium
3532 1344 3803 1405 peteret:

2180 1436 2349 1506 etepit
2381 1437 2456 1491 ita
2486 1435 2835 1506 frequentare
2862 1429 2881 1469 τ
2907 1432 3176 1502 jejunium
3198 1471 3212 1495 ,
3242 1440 3301 1485 ιιι
3325 1429 3650 1501 plerumque
3678 1431 3806 1502 ipse

2181 1529 2493 1599 impransus
2521 1524 2733 1600 1179
2761 1524 3073 1580 convivium
3106 1520 3355 1577 solemne
3403 1521 3517 1577 suis
3563 1517 3810 1577 Comiti-'-

2183 1623 2283 1677 bus
2309 1620 2598 1677 exhiberet
2628 1637 2642 1675 :
2674 1634 2783 1689 quo
2829 1627 2885 1673 et
2916 1615 3169 1688 religioni
3220 1628 3395 1671 sacrae
3445 1614 3809 1672 satisfaceret

2185 1724 2209 1763 Β
2249 1725 2304 1772 et
2326 1713 2592 1787 principis
2624 1712 2968 1773 humanitati.

481 1820 724 1881 veniam.
753 1818 846 1889 qui
875 1814 1565 1889 prtetenditignorantiam.
1597 1810 1871 1883 Propheta
1896 1810 2082 1882 itaque
2111 1809 2159 1870 Β
2258 1810 2350 1865 17.
2384 1808 2628 1865 Scenicae
2668 1806 2950 1878 cujusdam
3001 1804 3175 1860 forma
3216 1820 3281 1860 ac
3307 1804 3505 1860 decore
3534 1803 3808 1876 deperire

481 1911 618 1973 dicit
643 1929 656 1964 :
687 1909 888 1965 Delicta
903 1908 1192 1980 juventutis
1206 1922 1330 1962 mea:
1349 1917 1393 1961 et
1414 1904 1729 1978 ignorantite
1739 1921 1866 1958 mete
1885 1920 1949 1957 ne
1968 1921 2081 1959 me-

482 2003 715 2058 mineris.
745 2001 863 2057 Non
893 1999 1029 2056 dicit
1049 2015 1064 2054 :
1083 1999 1294 2056 Delicta
1317 1998 1619 2055 senectutis
1647 2011 1804 2062 mete,
1825 2005 1880 2052 et
1905 1997 2083 2052 scien-

478 2098 573 2152 tia:
632 2110 767 2150 nica:
826 2090 897 2150 ne
948 2091 1304 2159 memineris;
1353 2090 1448 2147 sed
1482 2092 1638 2162 quasi
1668 2088 1960 2163 propheta,
1991 2088 2086 2159 qtti

486 2188 598 2242 cito
619 2184 923 2241 correxerit
956 2191 1011 2239 et
1039 2181 1417 2239 emendaverit
1452 2181 1922 2252 vitinjuventutis,
1947 2186 2083 2234 aeta-

484 2290 595 2336 tem
627 2277 1107 2349 ignorantiamque
1132 2274 1440 2349 praetendit.

556 2375 582 2429 l
593 2376 646 2431 4.
671 2373 1088 2429 Valentinianus
1101 2386 1317 2447 quoque
1332 2371 1492 2427 etiam
1514 2371 1567 2425 in
1582 2369 1786 2426 delicto
1799 2369 2087 2440 Prophetas

480 2467 677 2524 similis
701 2469 777 2523 ait
800 2485 817 2523 :
845 2466 1049 2522 Delicta
1068 2466 1431 2524 adolescentia:
1455 2473 1504 2519 et
1529 2464 1838 2535 ignorantia:
1868 2480 1995 2518 mea:
2025 2479 2088 2517 ne

483 2560 801 2620 memineris.
828 2559 937 2613 Nec
962 2559 1141 2614 solum
1170 2558 1303 2614 dixit
1323 2599 1340 2623 .
1364 2558 1459 2615 sed
1494 2560 1659 2612 etiam
1689 2565 1818 2611 ante
1846 2557 2087 2611 correxit

482 2664 753 2715 errorem,
786 2664 950 2722 quam
983 2650 1222 2706 disceret
1260 2664 1383 2705 esse
1413 2650 1627 2719 lapsum
1670 2646 1903 2717 alicujus
1935 2662 2090 2702 erro-

482 2743 582 2801 ris.
609 2741 797 2813 Itaque
828 2741 970 2798 dicit
998 2759 1012 2796 :
1037 2740 1451 2799 Corrcctionem
1482 2739 1791 2811 juventutis
1831 2753 1967 2794 mea:
2022 2753 2090 2793 ne

485 2836 825 2892 memineris.
842 2834 1017 2891 Error
1038 2835 1091 2890 in
1109 2834 1358 2905 pluribus
1380 2843 1483 2898 est,
1504 2834 1559 2888 in
1584 2832 1771 2905 paucis
1791 2830 2085 2887 correctio.

561 2930 654 2986 15.
690 2930 757 2986 Ει
784 2929 911 3001 quid
952 2930 1065 3000 jam
1107 2928 1178 2983 dc
1228 2928 1352 2982 aliis
1380 2926 1591 2993 dicam,
1631 2926 1724 2996 qui
1770 2926 1933 2981 etiam
1962 2924 2091 2981 ludo

481 3024 792 3093 juventutis
819 3020 1513 3093 putaveritabstinendum,
1536 3019 1891 3076 resecandam
1914 3030 1935 3058 ο
1961 3028 2091 3073 asta-

490 3116 562 3168 tis
590 3113 890 3178 licentiam,
922 3112 1235 3167 severitatis
1276 3111 1506 3181 publicaa
1548 3111 1805 3167 duritiem
1841 3111 2088 3166 mollien-

490 3205 616 3259 dam
638 3245 654 3269 ,
702 3204 982 3259 leuitatem
1022 3206 1324 3261 senectutis
1354 3206 1404 3258 in
1429 3204 1625 3259 alienis
1654 3203 1815 3258 anuis
1838 3202 2092 3258 deleren-
2117 3203 2165 3267 C

490 3299 615 3353 dam
665 3298 714 3353 ei
744 3337 760 3362 ,
810 3298 900 3368 qui
941 3299 994 3351 in
1034 3298 1336 3368 periculum
1364 3298 1599 3353 convicti
1643 3297 1893 3354 criminis
1926 3311 2090 3352 voca-

488 3390 675 3445 retur?
699 3389 1005 3446 Ferebatur
1034 3388 1212 3460 primo
1243 3388 1387 3445 ludis
1412 3389 1757 3446 circensibus
1784 3387 2047 3445 delectari
2071 3405 2085 3443 :

559 3565 585 3593 ⁸
611 3554 815 3612 Omnes
843 3552 999 3620 edit.;
1038 3561 1306 3607 contentus
1343 3553 1575 3625 injuria;
1624 3567 1756 3609 mss.
1790 3553 2081 3621 nonnulli,

484 3636 722 3712 contenta
751 3626 980 3697 injuria,
1012 3624 1200 3697 plures
1245 3638 1308 3678 ac
1338 3624 1708 3695 probatiores,
1759 3634 2083 3682 contemnens

483 3715 859 3825 m1:7l?:i|88.
895 3782 1004 3824 uno
1032 3775 1089 3823 et
1114 3767 1292 3823 altero
1321 3776 1554 3838 excepto
1580 3809 1595 3835 ,
1631 3768 1718 3824 ubi
1762 3768 1993 3824 habetur
2018 3770 2087 3824 ad

485 3843 757 3913 superiora
787 3856 806 3894 :
835 3850 1027 3913 contra
1068 3855 1200 3913 vero
1241 3838 1372 3913 edit.
1406 3854 1600 3913 omnes
1623 3839 1878 3913 eti'ernnt,
1907 3840 1976 3895 ad
2004 3858 2091 3895 sa»

483 3909 655 3967 m'ora.
692 3912 823 3980 Quae
864 3910 1083 3981 quidem
1132 3909 1296 3966 lectio
1345 3911 1448 3967 etsi
1497 3911 1748 3966 usitatior
1799 3912 2082 3979 videatur,

485 3982 615 4057 licet
642 3993 825 4057 tamen
856 3980 1041 4037 dicere
1067 3981 1137 4057 ad
1159 3982 1358 4057 seriam
1374 3984 1457 4037 sin
1485 3982 1666 4057 minus
1688 3997 1791 4053 pro
1825 3983 1894 4057 aa
1923 3986 2085 4057 magis

483 4056 643 4122 seria,
660 4054 858 4110 saltem
890 4067 990 4123 pro
1015 4053 1085 4110 ad
1112 4054 1277 4125 magis
1294 4070 1435 4119 sera,
1460 4052 1706 4124 intelligo
1740 4054 1916 4108 studia
1944 4052 2085 4110 sene-

484 4127 662 4181 elutis.

559 4206 582 4237 θ
613 4195 741 4252 Mss.
769 4195 998 4269 aliquot,
1055 4196 1224 4269 aetatis
1270 4195 1522 4269 laetitiam.
1556 4192 1626 4250 Et
1655 4193 1742 4269 hic
1767 4196 1932 4251 etiam
1974 4211 2081 4252 non

485 4280 655 4338 pauca
681 4277 842 4333 sunt,
862 4266 995 4339 quas
1024 4267 1270 4324 alludere
1301 4268 1370 4324 ad
1400 4269 1619 4324 citatam
1642 4266 1931 4323 Ciceronis
1956 4282 2080 4323 ora-

484 4339 688 4395 tionem
712 4340 1110 4395 existimamus.

554 4410 582 4449 ίί
615 4411 695 4467 Ex
722 4411 827 4467 hoc
845 4411 966 4469 loco
984 4409 1419 4479 deprehenditur
1442 4408 1797 4479 Philostorgii
1819 4411 2081 4466 adversus

485 4481 633 4537 hune
675 4482 987 4551 principem,
1030 4479 1246 4551 iniquus
1292 4481 1536 4546 animus;
1585 4479 1631 4533 is
1674 4482 1819 4534 enim
1867 4481 1935 4535 de
1983 4481 2079 4536 illo

484 4567 652 4623 agens
676 4549 793 4609 ιιι).
829 4549 920 4617 ιίι,
976 4549 1048 4605 ita
1078 4549 1322 4622 loquitur
1352 4572 1364 4608 :
1394 4552 1525 4607 Cum
1569 4553 1707 4605 ursis
1742 4567 1803 4623 ac
1851 4551 2079 4608 leonibus

481 4622 745 4691 uteretur,
785 4638 982 4677 annum
1025 4638 1185 4693 agens
1232 4622 1552 4687 uicesimum,
1591 4623 1696 4676 vita
1732 4622 1892 4676 simul
1920 4633 2076 4692 atque

476 4696 722 4763 imperio,
768 4705 820 4750 et
864 4696 1094 4765 ferarum
1138 4695 1496 4750 venationibus
1546 4694 1777 4762 privatus
1824 4704 1919 4749 est.
1962 4694 2072 4751 Sed

478 4768 624 4832 quod
666 4764 982 4823 evidentius
1006 4766 1221 4836 signum
1260 4765 1665 4821 emendationis
1703 4765 1873 4821 edere
1898 4769 2075 4835 potuit

476 4836 915 4901 Valentinianus,
954 4850 1117 4908 quam
1144 4836 1289 4908 quod
1318 4837 1931 4908 solemnioribusetism
1959 4838 2075 4894 die-

476 4908 578 4963 bus
604 4908 919 4980 huiusmodi
940 4907 1267 4967 abstinuerit
1293 4908 1639 4980 spectaculis,
1660 4917 1717 4965 et
1736 4907 1885 4980 let-as
1904 4911 2070 4978 ipsas,

477 4994 612 5049 quas
642 4994 729 5052 ex,
752 4978 1479 5052 Africalremotiorihusque
1518 4979 1837 5052 regionibus
1880 4981 2074 5037 adduci

478 5048 830 5108 consuevisse
851 5050 905 5106 in
920 5048 1022 5122 lib.
1057 5066 1095 5106 ιι
1121 5048 1462 5122 Ol‘llciorufn,
1485 5048 1610 5122 cap;
1638 5050 1729 5119 21,
1762 5067 1914 5107 eum.
1945 5053 2073 5117 109,

472 5124 827 5194 Miservstum
851 5130 960 5194 est,
990 5120 1224 5178 interﬁci
1244 5123 1471 5194 jusserit
1496 5123 1520 5176 ἲ

548 5204 576 5230 ε
600 5192 764 5278 ἤιιιιι,ζ
797 5192 957 5278 edit?
990 5194 1205 5278 negotia
1232 5192 1389 5278 etjtnn
1432 5195 1487 5248 in
1503 5194 1792 5278 quibus?"
1812 5194 2070 5278 duceren-

476 5274 595 5333 tur,
628 5275 685 5318 ut
715 5262 954 5337 Daniebis
990 5262 1184 5337 spiritu
1217 5262 1595 5320 adolescentem
1626 5265 1829 5318 uideres
1858 5265 2073 5337 senilem

474 5339 612 5408 ferre
632 5336 942 5408 sententiain
968 5351 985 5408 ξ
1017 5336 1125 5391 vet.
1158 5343 1340 5391 autem
1375 5337 1508 5391 edit.
1530 5351 1595 5391 ac
1624 5349 1757 5390 mss.
1785 5336 2072 5394 nobiseum

473 5406 835 5471 conveniunt,
882 5406 986 5461 nisi
1024 5408 1175 5476 quod
1207 5408 1260 5462 in
1292 5408 1479 5477 paucis
1514 5416 1727 5462 tantum
1751 5423 1882 5462 mss.
1920 5409 2076 5466 iuve-

470 5482 621 5549 nitnr
649 5477 918 5549 particula
942 5494 1048 5547 que
1074 5488 1198 5549 post
1216 5479 1284 5536 «rei
1304 5477 1544 5534 senilem.

544 5548 566 5587 τ
595 5548 870 5619 Σιθῇιιπὶιιηι
900 5548 1148 5606 liocerat
1162 5551 1387 5619 quidem
1409 5549 1863 5610 ecclesiasticum,
1885 5558 2062 5606 etnon

468 5635 619 5674 mere
654 5622 1053 5687 voluntarium,
1100 5636 1221 5676 cum
1267 5622 1590 5691 subjiciatur
1639 5623 1774 5675 infra
1810 5639 1822 5676 :
1854 5621 1969 5689 Quo
2015 5633 2064 5678 et

456 5691 705 5773 religitnti
734 5705 897 5773 soch
937 5691 1297 5773 satisfaceret;
1325 5710 1431 5773 non
1470 5701 1650 5747 tamen
1671 5693 1914 5773 iiberum
1936 5702 2062 5773 erat

461 5761 781 5836 imperatori
805 5761 1048 5836 ejusdem
1070 5761 1269 5836 'jejunii
1309 5765 1501 5836 diebus
1528 5764 1774 5819 convivia
1827 5762 2058 5836 ducibus

456 5827 571 5879 suis
624 5826 855 5883 solemni
908 5826 1352 5890 more'e'xbiberi
1397 5834 1557 5890 solita
1614 5849 1724 5890 non
1768 5833 2049 5905 ριίεδθτος

2104 4594 2159 4655 D

2188 1901 2374 1956 Romae
2402 1900 2780 1955 adolescentes
2810 1898 3027 1956 nobiles
3056 1897 3412 1953 nuntiabatur
3440 1912 3454 1950 :
3483 1896 3651 1966 jussit
3679 1910 3805 1952 eam

2187 1997 2254 2053 ad
2281 1997 2602 2053 comitatum
2633 1994 2840 2051 venire.
2867 1993 3063 2049 Missus
3092 1993 3270 2064 pretio
3298 1992 3648 2061 depravatus,
3682 1991 3809 2047 sine

2188 2089 2429 2146 mandati
2472 2088 2670 2145 effectu
2718 2088 2914 2144 rediit:
2966 2086 3200 2143 alterum
3248 2085 3416 2151 misit,
3460 2100 3528 2141 ne
3555 2084 3808 2141 voluisse

2188 2181 2484 2239 emendare
2509 2181 2637 2237 vitia
2681 2180 3118 2246 adolescentum,
3153 2187 3211 2234 et
3240 2195 3343 2233 non
3380 2178 3622 2250 potuisse
3649 2178 3810 2235 vide—

2189 2286 2362 2332 retur.
2392 2274 2560 2330 Datus
2605 2282 2689 2330 est
2719 2271 3071 2329 obtrectandi
3111 2270 3384 2343 aliquibus
3407 2271 3559 2326 locus
3585 2289 3602 2339 ;
3629 2268 3809 2329 dedu-

2189 2376 2334 2425 ctam
2366 2376 2548 2424 tamen
2573 2382 2867 2438 numquam
2896 2364 2924 2404 ὶι
2956 2376 3049 2421 aut
3079 2366 3371 2437 spectavit,
3396 2375 3493 2420 aut
3515 2365 3671 2421 vidit.
3694 2366 3803 2421 Po-

2191 2472 2308 2519 stea
2337 2461 2521 2517 redire
2548 2461 2845 2532 praecepit;
2880 2469 2941 2515 ut
2973 2468 3029 2515 et
3066 2475 3257 2515 omnes
3286 2468 3653 2530 agnoscerent
3678 2455 3808 2514 irri-

2193 2565 2304 2612 tum
2323 2555 2442 2627 ejus
2462 2570 2570 2610 non
2591 2569 2716 2610 esse
2740 2553 3080 2620 mandatum,
3099 2564 3153 2610 et
3175 2553 3561 2611 adolescentes
3579 2551 3809 2608 doceret

2193 2650 2262 2703 ab
2292 2664 2483 2705 amore
2510 2648 2757 2704 mulieris
2788 2657 3099 2717 temperare
3121 2690 3134 2714 ,
3164 2663 3326 2719 quam
3360 2646 3477 2719 ipse
3505 2648 3597 2718 qui
3629 2647 3810 2717 potuit

2194 2743 2399 2799 habere
2429 2743 2480 2797 in
2524 2751 2811 2813 potestate,
2844 2740 3193 2815 despexerat.
3228 2740 3295 2797 Et
3325 2740 3444 2797 Ιιςιιε
3487 2740 3639 2806 fecit,
3678 2755 3804 2796 cum

2192 2831 2373 2889 adhuc
2401 2849 2510 2889 non
2544 2832 2774 2888 haberet
2796 2848 3024 2889 uxorem
3051 2874 3067 2899 ,
3100 2841 3156 2887 et
3186 2839 3366 2887 tamen
3400 2830 3685 2887 exhiberet
3718 2832 3802 2887 sui

2195 2936 2471 2998 tamquam
2506 2926 2719 2981 vinctus
2749 2926 3006 2996 coniugio
3033 2926 3362 2980 castitatem.
3394 2924 3528 2991 Quis
3560 2933 3668 2979 tam
3699 2924 3801 2977 du-

2193 3018 2373 3075 minus
2396 3019 2564 3085 servi,
2593 3033 2752 3089 quam
2786 3018 2879 3073 ille
2927 3022 3008 3074 sui
3055 3019 3303 3087 corporis
3337 3017 3479 3073 fuit?
3526 3017 3663 3086 Quis
3693 3030 3797 3072 tam

2193 3111 2424 3167 aliorum
2454 3111 2679 3178 arbiter,
2703 3126 2864 3182 quam
2897 3110 2986 3166 ille
3017 3124 3131 3164 sua:
3156 3126 3355 3165 censor
3384 3110 3602 3165 aetatis?

2268 3203 2357 3260 l8.
2389 3203 2527 3272 Quid
2552 3202 2620 3259 de
2650 3204 2850 3274 pietate
2872 3202 2991 3274 ejus
3020 3202 3256 3274 loquar?
3285 3206 3523 3273 quicum
3552 3203 3798 3259 homines

2199 3298 2363 3355 nobili
2419 3307 2570 3353 ortos
2607 3313 2841 3369 genere,
2896 3297 2910 3334 ί
2950 3307 3005 3352 et
3055 3296 3317 3369 locupleti
3358 3297 3648 3369 prosapia,
3678 3290 3797 3367 qua:

2197 3391 2304 3446 cito
2335 3406 2557 3446 movere
2590 3390 2847 3445 invidiam
2888 3390 3050 3453 solet,
3084 3389 3249 3461 regia:
3278 3389 3592 3459 cupiditatis
3633 3404 3796 3447 accu-

2196 3556 2430 3610 maxime
2495 3568 2617 3610 cum
2671 3554 2815 3608 inter
2866 3553 3088 3608 eosdem
3142 3554 3306 3608 duces
3350 3551 3564 3623 plurimi
3613 3554 3798 3611 adhuc

2192 3627 2463 3682 ethnicam
2489 3634 2848 3695 sequerentur
2874 3626 3215 3695 religionem.

2268 3707 2294 3743 κ
2325 3696 2452 3752 Mss.
2478 3714 2585 3753 non
2612 3696 2787 3767 pauci,
2815 3706 2862 3750 et
2885 3698 3124 3769 princeps
3152 3696 3335 3769 (unus,
3360 3705 3419 3769 et
3439 3711 3501 3750 ne
3525 3696 3769 3769 princeps

2195 3769 2555 3831 humanitatis,
2590 3765 2806 3823 scenica:
2845 3765 3072 3834 alicujus
3094 3765 3287 3838 forma,
3316 3776 3360 3820 et
3387 3766 3569 3821 decore
3589 3765 3796 3837 deperi-

2192 3851 2291 3910 ret.
2326 3840 2504 3896 Roma:
2534 3841 2833 3894 adolescens
2863 3839 3051 3893 nobilis
3079 3838 3436 3910 nuntiabatur,
3459 3839 3656 3910 jussit,
3682 3848 3788 3895 etc.

2189 3909 2364 3967 Minus
2394 3910 2704 3966 commode.
2742 3912 2929 3965 Exstat
2958 3925 3120 3980 porro
3148 3911 3201 3963 in
3228 3907 3367 3980 Cod.
3398 3907 3611 3965 Tlieod.
3643 3907 3733 3965 lex
3759 3911 3792 3965 5

2189 3983 2258 4038 de
2280 3983 2524 4040 Scenicis
2555 3982 2682 4037 anni
2703 3981 2827 4050 389,
2863 3979 2968 4053 qua
3003 3981 3254 4051 prohibet
3282 3979 3426 4053 idem
3475 3981 3563 4037 hic
3590 3981 3788 4038 Valeo.-

2190 4053 2855 4126 tinianusrThymelicam,
2906 4053 2958 4108 id
3001 4060 3088 4126 est
3116 4093 3132 4126 ,
3172 4052 3787 4126 scenicam‘mulierem,

2187 4141 2308 4196 qum
2336 4123 2626 4180 modos'et
2667 4124 2989 4196 saltationes
3035 4124 3162 4196 facit
3199 4124 3251 4196 in
3282 4123 3521 4196 thymele
3551 4141 3670 4194 qua:
3699 4140 3790 4181 or-

2188 4194 2423 4252 ehesme
2452 4212 2578 4264 pars
2610 4206 2747 4261 erat,
2780 4211 2843 4249 ea:
2873 4194 3011 4250 Urbe
3038 4195 3251 4265 abduci.
3283 4194 3433 4250 Hanc
3462 4195 3637 4265 legem
3664 4197 3788 4250 hor-

2188 4278 2299 4321 tatu
2332 4268 2604 4323 Ambrosii
2623 4268 2804 4322 datam
2825 4274 3071 4322 autumat
3093 4264 3460 4331 Godefredus,
3498 4282 3604 4324 nec
3645 4268 3786 4325 male

2185 4340 2251 4394 ad
2287 4340 2423 4392 hanc
2452 4339 2644 4395 referri
2679 4338 2981 4395 historiam.

2258 4409 2284 4447 ιι
2311 4413 2411 4463 Aut
2440 4412 2708 4477 spectavit,
2742 4424 2936 4480 nempe
2982 4409 3035 4463 in
3062 4422 3225 4465 scena
3257 4426 3269 4462 :
3310 4420 3403 4463 aut
3432 4410 3577 4477 uidit,
3607 4410 3786 4482 priva-

2186 4482 2280 4536 tim
2314 4482 2591 4537 videlicet.
2889 4509 2914 4532 κ

2264 4553 2277 4590 ί
2315 4552 2692 4635 Mss._aliqnot,
2733 4552 3039 4635 locupletes
3053 4551 3321 4635 prosapia.
3350 4551 3475 4635 .Scd
3523 4553 3623 4608 hoc
3662 4552 3782 4609 loco

2182 4625 2402 4693 gravius
2420 4623 2718 4679 discrimen
2749 4624 2802 4676 in
2824 4622 3176 4680 distinctione
3197 4622 3596 4685 membrorum.
3616 4638 3777 4695 quam

2183 4698 2237 4750 in
2264 4695 2506 4750 vocibus.
2528 4695 2741 4750 Etenim
2767 4709 2959 4750 omnes
2976 4695 3107 4752 edit.
3136 4696 3217 4749 sic
3242 4695 3633 4765 interpungunt
3652 4711 3779 4750 eon—

2181 4766 2487 4839 sequeutia,
2519 4782 2634 4833 quae
2662 4767 2764 4820 cito
2792 4781 2993 4822 morere
3019 4766 3266 4822 invidiam
3293 4766 3423 4821 solet
3446 4767 3777 4839 regitercupi-

2184 4837 2361 4892 ditatis
2386 4878 2401 4904 ,
2435 4847 2706 4891 accusator
2735 4846 2957 4910 urgeret,
2986 4847 3091 4910 etc.
3116 4855 3129 4891 :
3162 4852 3294 4910 mss.
3328 4852 3460 4893 vero
3481 4838 3556 4910 ita
3583 4837 3776 4910 distin-

2176 4918 2375 4977 guunt,
2404 4924 2518 4975 qua:
2543 4910 2647 4962 cito
2676 4908 2875 4980 "me
2913 4908 3340 4980 invidiamsolel,
3382 4909 3538 4980 regia:
3573 4908 3774 4978 cupidi-

2186 4982 2306 5036 tatis
2346 4989 2616 5034 accusator
2662 4979 2896 5047 urgeret,
2943 4987 3054 5035 etc.
3084 4979 3323 5036 Evidens
3365 4979 3498 5035 sane
3518 4990 3609 5036 est
3634 4981 3774 5039 hunc

2186 5052 2429 5107 ultimum
2450 5066 2669 5107 sensum
2702 5051 2872 5105 multo
2902 5063 3190 5122 prtestare;
3221 5051 3272 5105 in
3299 5051 3469 5122 priori
3496 5054 3643 5108 enim
3665 5052 3769 5108 cri-

2174 5140 2303 5178 tuen
2335 5124 2450 5178 sive
2496 5122 2861 5177 accusationis
2900 5132 3064 5192 caput
3094 5139 3201 5178 nou
3245 5122 3589 5191 exprimitur,
3616 5138 3775 5179 secus

2176 5210 2307 5249 vero
2330 5195 2382 5248 in
2415 5192 2728 5264 posteriori,
2757 5193 3011 5247 nimirum
3035 5194 3308 5249 accusatio
3340 5195 3495 5264 reng
3520 5193 3773 5264 cupidita-

2175 5268 2264 5329 lis,
2302 5268 2405 5319 hoc
2443 5275 2546 5321 est.
2578 5264 2813 5319 allectati
2844 5264 3025 5319 throni
3058 5281 3122 5319 ac
3158 5265 3294 5333 regii
3330 5264 3589 5318 annonis.
3616 5266 3770 5331 Quod

2180 5351 2342 5406 porro
2374 5338 2603 5406 negabat
2634 5335 2932 5403 imperat-0r
2955 5350 3238 5403 passurum
3272 5349 3332 5390 se
3363 5351 3507 5399 esse,
3538 5346 3596 5391 ιιι
3616 5337 3769 5405 quid-

2177 5423 2338 5476 quam
2369 5417 2653 5463 cruentum
2679 5406 2859 5460 diebus
2885 5407 3078 5459 sanctis
3101 5416 3437 5471 stuttm'elur,
3464 5418 3617 5462 extra
3647 5423 3770 5462 con-

2179 5480 2499 5534 troversiam
2526 5486 2610 5532 est
2632 5477 2912 5543 paschales
2935 5476 3094 5532 ferias
3117 5476 3516 5547 hicdesignari,
3535 5493 3656 5548 qum
3675 5478 3772 5541 hoc

2180 5551 2400 5605 nomine
2455 5554 2677 5616 propter
2728 5547 2849 5603 festi
2884 5549 3304 5615 prmeellentiam
3340 5547 3767 5617 appellalrmttir.

2178 5618 2502 5676 Ambrosius
2540 5622 2610 5671 de
2637 5618 2746 5673 illis
2779 5620 2848 5672 ita
2899 5619 3158 5688 loquitur,
3189 5620 3351 5686 epist.
3382 5621 3474 5685 ἑο,
3516 5635 3669 5675 nutu.
3698 5620 3728 5675 6
3755 5638 3768 5675 :

2174 5691 2361 5762 Itaque
2380 5690 2572 5762 soractis
2602 5688 2781 5744 diebus
2809 5688 3145 5762 hebdomadis
3174 5690 3393 5762 ultimm.
3422 5693 3610 5761 quibus
3638 5691 3770 5748 sole-

2169 5760 2291 5817 bant
2317 5761 2605 5817 debitorum
2628 5763 2796 5817 laxari
2827 5760 3065 5824 uincula,
3113 5770 3223 5815 etc.
3264 5760 3551 5819 Veneratio
3590 5773 3763 5818 autem

2167 5836 2362 5890 horum
2386 5833 2600 5891 dierum
2633 5833 2723 5891 hic
2754 5833 2808 5890 in
2835 5830 3218 5890 Valentiniano
3257 5844 3377 5890 erat
3422 5847 3489 5890 eo
3532 5833 3770 5892 laudabi-
