4022 6192
192 368 349 430 1365
680 374 681 377 “
1226 365 1315 422 DE
1353 362 1559 423 OBITU
1599 360 1831 419 VALEN

1948 359 2095 419 'lAHI
2130 358 2585 418 CONSOLATIO.
3402 358 3544 417 ιδθθ

191 501 359 545 sator
380 498 653 560 urgeret,
679 489 967 561 prtefcetus
988 488 1288 554 insisteret,
1313 484 1596 555 respondit
1616 492 1676 539 ut
1702 483 1835 539 nihil
1865 489 1919 550 Α
1943 483 2064 539 est?
2089 482 2398 549 Prcterita,
2422 483 2755 555 inquit,'non
2781 493 2989 555 queunt
3014 484 3259 553 solvere,
3287 496 3425 549 nova
3450 500 3547 555 po-

193 592 516 639 cruentum
572 583 787 639 sanctis-
815 581 1119 654 praesertim
1150 579 1347 636 diebus
1390 588 1741 634 statueretur.
1775 577 1841 634 Et
1946 586 2128 632 terunt
2156 576 2475 631 sustinere?
2510 587 2530 615 ο
2564 576 2648 632 Ex
2678 576 2783 632 hoc
2817 578 3038 633 laudant
3066 578 3358 648 provinciae
3375 577 3545 634 Julia—

194 692 332 733 cum
367 687 504 747 post
535 678 755 748 aliquot
783 676 901 731 dies
928 674 1265 732 accusatoris
1296 674 1568 743 legeretur
1599 670 1838 734 libellus,
1947 683 2116 751 num:
2144 679 2193 724 et
2227 668 2317 724 ille
2346 667 2563 739 quidem
2615 670 2667 723 in
2711 670 2936 726 robusta
2982 679 3166 738 aetate,
3194 671 3303 727 ista
3328 672 3383 727 in
3412 686 3544 742 pro-

194 746 562 827 caiumniam
594 780 621 809 ει
642 746 1049 841 pronuntiavit,
1082 773 1394 823 accusatum
1436 764 1633 830 libere,
1664 762 1842 818 donec
1945 746 2105 817 cesso
2126 762 2558 827 adolescentiae;
2590 762 2680 818 ilio
2703 764 2931 833 plurima
2966 766 3191 837 reperit,
3218 764 3546 822 etexbausit

195 864 533 935 praefectus
566 872 949 935 cognosceret,
978 863 1274 919 observare
1296 860 1481 932 jussit.
1510 857 1697 929 Neque
1716 864 1843 913 ante
1945 855 2167 922 omnia;
2198 857 2300 912 iste
2331 856 2468 915 nihil
2498 856 2726 922 invenit,
2755 866 2811 912 et
2835 858 3088 913 omnibus
3118 857 3430 915 abundavit.

195 969 300 1016 aut
332 968 545 1031 postea
574 959 865 1030 quisquam
900 959 1035 1013 tanti
1073 955 1323 1013 criminis
1348 954 1450 1013 sub
1491 953 1844 1009 adolescente
2018 950 2112 1005 22.
2160 950 2387 1007 Audivit
2426 954 2481 1007 in
2511 951 2891 1024 Transalpinis
2936 954 3184 1025 partibus
3218 958 3447 1026 positus,
3478 956 3546 1011 ad

210 1053 582 1123 imperatore
629 1050 944 1107 formidavit
991 1049 1270 1105 invidiam.
1300 1048 1440 1103 Risit
1480 1046 1840 1111 adolescens,
1947 1044 2116 1100 Italiae
2164 1044 2302 1099 fines
2349 1044 2613 1100 barbaros
2653 1046 3099 1117 propinquasse:
3153 1048 3423 1104 sollicitus
3476 1064 3545 1103 ne

198 1145 360 1217 quod
393 1143 626 1201 robusti
655 1154 901 1199 metuunt
922 1143 1304 1213 imperatores.
1946 1138 2133 1194 alieno
2163 1138 2321 1195 hoste
2347 1154 2505 1194 suum
2537 1155 2766 1211 regnum
2796 1151 3184 1207 attentaretur.
3210 1141 3401 1199 venire
3431 1158 3552 1214 pro

280 1239 378 1294 19.
417 1238 651 1295 Miserat
682 1250 907 1310 propter
948 1236 1319 1307 recuperanda
1352 1234 1675 1305 templorum
1694 1235 1839 1303 jura,
1948 1232 2195 1302 perabat,
2226 1236 2455 1300 cupiens
2484 1231 2772 1289 dimittere
2814 1232 3091 1291 Gallicana
3130 1236 3243 1290 otia
3269 1279 3282 1303 ,
3314 1245 3372 1293 et
3396 1238 3545 1308 peri-

198 1332 228 1370 ι)
258 1331 726 1387 sacerdmiorum
758 1330 984 1402 profana
1014 1330 1318 1401 privilegia,
1353 1329 1533 1385 cultus
1563 1341 1839 1383 sacrorum
1946 1326 2065 1382 cula
2094 1338 2278 1382 nostra
2312 1327 2614 1398 suscipere.
2958 1328 2964 1333 ’

198 1440 477 1490 suorum,
504 1424 685 1480 Roma
710 1426 951 1495 legatos;
984 1432 1059 1488 et,
1085 1422 1228 1495 quod
1250 1432 1333 1478 est
1354 1422 1595 1492 gravius,
1619 1427 1843 1476 senatus
2019 1420 2111 1477 25.
2142 1421 2270 1478 iitec
2312 1421 2447 1476 mibi
2492 1436 2620 1477 cum
2652 1421 2779 1478 aliis
2804 1423 3144 1479 communia.
3185 1423 3278 1479 Illa
3310 1424 3542 1493 privata,

200 1519 446 1575 nomine
474 1517 818 1575 nitebantur.
853 1519 918 1573 Et
951 1532 1077 1573 cum
1120 1516 1394 1583 universi,
1426 1517 1518 1587 qui
1562 1515 1615 1570 in
1656 1514 1840 1571 consi-
1947 1515 2091 1585 quod
2118 1529 2266 1587 saepe
2293 1531 2382 1571 me
2424 1515 2739 1587 appellabat
2776 1516 3089 1586 absentem,
3115 1515 3142 1556 ἀ
3172 1526 3230 1573 et
3256 1532 3289 1574 a
3328 1533 3415 1573 me
3442 1518 3549 1574 ini-

200 1614 394 1669 storio
423 1614 688 1677 aderant,
715 1612 999 1669 christiani
1024 1612 1231 1682 pariter
1258 1619 1423 1681 atque
1442 1611 1674 1682 gentiles
1695 1608 1844 1664 dice-
1950 1607 2197 1662 tiandnm
2231 1618 2291 1663 se
2317 1608 2489 1663 sacris
2515 1608 2803 1681 mysteriis
2836 1608 3183 1680 prmferebat.
3210 1611 3357 1680 Quin
3378 1610 3546 1666 etiam

202 1715 338 1762 rent
375 1721 514 1763 esse
568 1705 877 1773 reddenda,
925 1707 1076 1762 solus
1112 1706 1265 1762 velut
1304 1703 1497 1761 Daniel
1528 1702 1691 1777 (Dan.
1726 1718 1840 1770 snt,
1946 1715 2073 1756 cum
2115 1716 2304 1757 rumor
2333 1701 2554 1773 quidam
2587 1701 2656 1756 ad
2697 1700 3068 1758 Viennensem
3102 1703 3422 1773 pertulisset
3456 1720 3548 1759 ur-

204 1797 309 1867 55)
331 1841 348 1865 ,
394 1798 658 1856 excitato
686 1797 740 1853 in
771 1814 831 1854 se
860 1799 957 1855 Dei
997 1798 1239 1870 Spiritu,
1288 1796 1549 1869 arguebat
1598 1793 1844 1866 perfidiae
1949 1793 2097 1861 bern,
2127 1792 2271 1865 quod
2320 1794 2585 1849 invitandi
2615 1794 2736 1863 ejus
2766 1794 2834 1849 ad
2867 1794 3076 1850 Italiam
3105 1796 3279 1865 gratia
3320 1810 3391 1852 eo
3421 1812 3545 1868 per-

202 1893 591 1962 christianos,
631 1894 928 1966 gentilibus
967 1893 1228 1950 obviabat
1250 1892 1476 1948 dicens:
1521 1889 1677 1959 Quod
1723 1888 1844 1960 pius
1874 1898 1923 1959 B
1948 1903 2132 1959 gerem
2160 1905 2174 1954 ;
2206 1904 2369 1960 quam
2400 1889 2696 1961 gaudebat,
2728 1904 2891 1961 quam
2918 1890 3297 1961 gratulabatur
3326 1906 3415 1949 me
3443 1893 3549 1949 sibi

202 1987 388 2043 frater
427 1987 675 2058 eripuit,
708 1986 983 2058 quomodo
1014 2001 1044 2040 a
1089 2001 1177 2041 me
1208 1986 1412 2056 putatis
1448 1998 1574 2040 esse
1605 1983 1840 2039 redden-
1943 1990 2135 2052 optato
2157 1982 2350 2038 adfore
2375 1983 2388 2036 i
2413 1982 2564 2038 Mora
2589 1984 2640 2038 ei
2672 1983 2940 2039 adventus
2966 1984 3073 2039 mei
3100 1984 3370 2055 prolixior
3396 1985 3549 2042 vide-

203 2079 345 2136 dum
366 2081 393 2136 ἳ
417 2095 554 2136 cum
580 2080 635 2135 in
666 2095 732 2135 eo
764 2090 818 2135 et
848 2079 1042 2150 religio
1086 2078 1318 2134 tradatur
1343 2086 1398 2134 et
1433 2078 1633 2142 frater,
1673 2091 1702 2132 a
1730 2091 1839 2148 quo
1943 2075 2126 2131 batur.
2152 2076 2333 2146 Atque
2356 2077 2566 2132 utinam
2598 2076 2893 2133 adventum
2927 2078 3100 2150 ipsius
3130 2079 3315 2137 nullus
3339 2094 3550 2152 praeve-

204 2189 269 2229 se
303 2175 494 2229 nollet
522 2173 722 2243 pietate
744 2171 1015 2241 superari.
1943 2169 2122 2225 nisset
2151 2158 2379 2224 nuntius
2405 2171 2419 2223 !

287 2265 528 2339 1180
552 2264 646 2319 20.
681 2264 891 2318 Etcum
938 2274 1169 2335 paterno
1212 2262 1606 2319 conveniretur
1652 2275 1836 2317 exem-
2011 2263 2104 2318 24.
2136 2262 2256 2319 iam
2277 2263 2641 2333 promiseram
2666 2276 2754 2321 me
2780 2265 3183 2337 profecturum,
3209 2269 3552 2340 respondens

202 2357 331 2429 ple,
361 2356 523 2429 quod
544 2355 649 2411 sub
673 2363 828 2425 patre
849 2370 949 2409 suo
978 2369 1041 2410 ea
1065 2353 1249 2410 nullus
1266 2352 1587 2419 abstulerat,
1608 2365 1840 2422 respon-
1945 2365 1967 2392 ο
2001 2354 2091 2412 vel
2122 2355 2418 2411 honoratis
2448 2357 2771 2427 petentibus
2794 2400 2810 2426 ,
2858 2358 2944 2415 vei
2988 2358 3276 2430 praefecto,
3307 2368 3366 2414 ut
3392 2368 3544 2418 tran-

202 2451 328 2508 dit:
365 2451 600 2506 Patrem
634 2464 816 2504 meum
857 2447 1115 2514 laudatis,
1139 2446 1267 2518 quia
1294 2460 1404 2501 non
1446 2445 1709 2511 abstulit;
1741 2458 1839 2501 nec
1944 2450 2203 2520 quillitati
2233 2448 2409 2505 italiae
2435 2450 2840 2516 consuleretur,
2874 2467 2963 2508 me
2989 2453 3132 2508 sicut
3156 2452 3437 2525 superfluo
3464 2457 3548 2511 in-

202 2558 313 2615 ego
360 2541 599 2598 abstuli.
640 2538 913 2611 Numquid
958 2546 1111 2608 pater
1151 2551 1306 2593 meus
1348 2535 1605 2604 reddidit,
1651 2545 1707 2591 ut
1746 2550 1837 2592 me
1940 2556 2133 2613 gerere
2176 2557 2284 2596 non
2329 2554 2548 2612 possem
2595 2551 2820 2613 propter
2864 2544 3075 2617 uel
3114 2546 3538 2614 verecundiam,

199 2636 421 2693 debere
451 2633 692 2691 reddere
723 2632 1043 2705 postuletis!
1094 2630 1381 2688 Postremo
1423 2628 1637 2685 etiamsi
1682 2638 1838 2698 pater
1941 2634 2014 2689 ita
2045 2634 2469 2690 necessitatibus
2507 2649 2616 2690 non
2640 2635 2976 2693 defuturum.
3008 2637 3406 2694 Conﬁrmatum
3442 2640 3545 2695 hoc

200 2729 579 2795 reddidisset,
607 2728 775 2783 frater
798 2726 1121 2791 abstulerat,
1151 2723 1479 2781 imitatorem
1512 2723 1564 2777 in
1595 2737 1657 2779 ea
1680 2731 1836 2793 parte
1940 2739 2059 2784 erat
2086 2746 2098 2781 :
2152 2726 2171 2765 ί
2206 2742 2337 2784 cccc
2386 2727 2651 2798 postridie
2680 2729 2878 2786 litterae
2905 2731 2977 2787 de
3020 2732 3359 2789 instruendis
3392 2750 3553 2789 mn"-

200 2822 402 2879 fratris
433 2835 566 2878 esse
614 2837 701 2877 tne
745 2820 990 2877 mallem.
1033 2819 1142 2875 Aut
1177 2817 1439 2889 numquid
1488 2832 1639 2873 meus
1682 2826 1837 2888 pater
1940 2820 2209 2888 sionibus,
2236 2822 2476 2879 invectio
2506 2834 2963 2880 ornamentorum
3009 2828 3298 2897 regalium,
3330 2828 3544 2900 aliaque

202 2923 486 2987 angustus
512 2911 636 2979 fuit,
663 2923 717 2969 et
745 2914 912 2969 frater
940 2927 1048 2968 non
1079 2910 1221 2967 fuit?
1244 2911 1347 2966 Par
1369 2909 1585 2980 utrique
1606 2908 1837 2964 debetur
1940 2912 2214 2983 ejusmodi
2244 2929 2365 2985 qute
2396 2914 2774 2986 ingressurum
2809 2915 2916 2971 iter
2959 2917 3348 2989 imperamrem
3371 2921 3541 2990 signi-

203 3012 570 3074 rcverentia,
607 3017 662 3064 et
689 3022 785 3079 par
817 3008 1101 3079 utriusque
1136 3012 1222 3061 est
1249 3006 1397 3061 circa
1442 3004 1832 3074 rempublicam
1939 3006 2186 3064 ficarent.
2215 3008 2423 3077 Quibus
2453 3008 2619 3064 rebus
2647 3009 2868 3080 abipsis
2894 3025 2923 3066 a
2950 3011 3153 3083 quibus
3184 3010 3404 3068 fuerant
3445 3028 3542 3083 po-

202 3106 412 3175 gratia.
445 3103 759 3174 Utrumque
788 3102 1047 3159 imitabor
1075 3122 1088 3158 :
1123 3107 1261 3157 utet
1292 3114 1398 3155 non
1431 3097 1659 3155 reddam
1687 3096 1833 3169 quod
1937 3101 2163 3165 stnlata,
2195 3099 2508 3157 intermissa
2542 3099 2743 3171 iegatio
2769 3111 2877 3159 est.

207 3208 372 3269 pater
396 3196 639 3253 reddere
669 3211 775 3250 non
800 3194 1016 3266 potuit;
1044 3194 1172 3263 quia
1200 3192 1384 3247 nullus
1404 3189 1749 3245 abstulerat:
1778 3196 1835 3245 et
2004 3192 2098 3249 25.
2123 3194 2275 3252 Reus
2312 3196 2445 3251 mibi
2492 3195 2718 3251 videbar
2764 3205 3003 3268 speratae
3039 3212 3179 3255 mete
3223 3203 3539 3273 prmsentia:

204 3305 436 3347 servem
467 3287 617 3357 quod
646 3302 672 3340 a
708 3286 874 3341 fratre
914 3298 999 3341 est
1030 3286 1412 3342 constitutum.
1465 3282 1711 3339 Postulat
1737 3296 1830 3353 pa—

1948 3307 2040 3348 nec
2071 3292 2309 3364 impleta:
2337 3308 2352 3345 :
2383 3291 2480 3348 sed
2510 3290 2720 3347 utinam
2738 3291 2943 3349 viventi
2983 3293 3081 3349 tibi
3112 3296 3259 3351 hunc
3282 3296 3537 3353 deberem

207 3400 343 3443 rens
361 3383 545 3439 Roma
563 3380 670 3435 alia
685 3395 1041 3451 quaecumque
1063 3378 1334 3435 desiderat
1359 3396 1371 3431 :
1392 3378 1565 3435 debeo
1578 3375 1831 3433 affectum
1935 3395 2144 3449 reatum
2175 3387 2189 3442 t
2241 3387 2578 3444 Excusarem
2606 3386 2756 3457 quod
2784 3387 2933 3443 nulla
2960 3397 3056 3445 tua
3091 3387 3367 3449 audissem
3397 3391 3542 3460 peri-

208 3478 464 3550 parenti,
488 3474 586 3531 sed
616 3475 790 3544 magis
817 3474 1138 3543 obsequium
1175 3472 1353 3529 debeo
1370 3469 1565 3528 salutis
1596 3471 1830 3527 auctori.

282 3572 379 3629 αι.
414 3569 557 3639 Quid
607 3571 675 3627 de
706 3584 893 3625 amore
922 3568 1335 3640 provincialium
1362 3569 1578 3639 loquar,
1608 3567 1690 3623 vel
1725 3581 1833 3637 quo

211 3681 315 3722 eos
348 3665 474 3736 ipse
505 3662 973 3735 complectebatur
997 3704 1013 3730 ,
1057 3662 1143 3717 vel
1199 3661 1287 3739 qui
1328 3660 1397 3717 ab
1427 3659 1493 3716 iis
1531 3658 1833 3715 consultori

212 3776 317 3819 suo
342 3758 771 3831 rependebatnr,
795 3757 991 3823 quibus
1012 3756 1149 3811 nihil
1173 3771 1427 3825 umquam
1453 3752 1618 3811 indici
1643 3768 1832 3823 passus

215 3900 353 3981 ξίοττ
381 3894 529 3981 quod
574 3910 681 3977 ηοη
731 3892 893 3981 πυθμὴν
924 3891 1108 3981 “se?
1134 3890 1201 3981 ‘39
1229 3888 1831 3981 itf‘}"§-..‘i":‘!:_£_‘la;

214 3959 533 4026 lcntiniano
566 3966 783 4022 seniore
814 3966 941 4026 lata,
975 3959 1097 4030 (iure
1149 3962 1200 4015 in
1235 3959 1338 4014 hoc
1379 3962 1515 4030 festo
1552 3959 1826 4021 Variorum

217 4042 497 4096 scelerum
531 4047 725 4093 sontes
754 4035 894 4091 solvi
920 4032 1145 4102 jnliebat
1168 4074 1182 4099 ,
1215 4032 1292 4085 rei
1338 4029 1635 4099 majeslalis
1681 4033 1829 4085 exci-

218 4112 549 4182 piebantur;
578 4122 765 4182 verum
794 4106 956 4160 etiam
981 4103 1156 4158 tribus
1180 4102 1560 4182 aliialii-gibus,
1581 4102 1827 4182 qttasjtic

220 4172 342 4251 ipse
393 4172 815 4237 Valentinianus
857 4184 1045 4229 noster
1094 4176 1250 4227 annis
1276 4174 1416 4236 581,
1466 4172 1592 4238 584,
1627 4181 1680 4227 et
1722 4174 1828 4231 585

221 4251 612 4324 promulgavit.

299 4332 326 4361 ι
360 4315 519 4375 nom.
554 4321 686 4377 edit.
720 4335 842 4375 cum
870 4317 1144 4387 superior.
1183 4316 1343 4389 edit,
1366 4315 1682 4389 calumniam
1712 4333 1833 4389 pro-

215 4396 566 4451 nuntiaturus
595 4410 613 4459 ;
640 4400 695 4447 at
722 4392 973 4463 sequenti
997 4403 1157 4445 versu
1189 4388 1377 4443 callem
1397 4387 1545 4463 sola,
1569 4387 1832 4444 obuersari

214 4467 423 4540 jussit;
453 4480 584 4521 mss.
622 4459 817 4540 autent
838 4462 1144 4540 utrubique,
1166 4470 1238 4540 ut
1267 4474 1364 4540 nos
1394 4459 1452 4540 iu
1474 4467 1643 4519 textu.

297 4537 325 4575 δ
357 4538 486 4616 Mss.
508 4535 781 4616 nonnulli,
805 4535 1294 4616 sacerdotumjura.
1325 4532 1540 4587 Duobus
1563 4532 1829 4616 porro

225 4609 403 4664 versis
435 4608 773 4679 temporibus
802 4606 1034 4679 gentiles
1062 4605 1636 4679 religionumsuaruni
1667 4605 1827 4657 resti-

227 4681 499 4735 tutionem
529 4674 564 4733 ti
594 4678 976 4735 Valentiniano
990 4677 1206 4747 iuniore
1228 4674 1661 4747 postulaverunt,
1685 4690 1831 4730 anno

225 4750 440 4807 scilicet
470 4750 599 4814 58$,
628 4766 736 4820 quo
766 4738 1057 4819 prtefectns
1090 4738 1275 4809 Rotnie
1304 4738 1664 4820 Syqnunac‘hus
1686 4754 1828 4813 erat,
1857 4738 1911 4798 D
1938 4749 2043 4802 tius
2077 4747 2384 4820 habendum

227 4821 387 4886 cuius
407 4815 682 4877 Relationi
709 4815 1034 4876 Ambrosius
1065 4819 1297 4883 epistola
1332 4815 1396 4872 Π
1425 4824 1483 4871 et
1511 4815 1577 4877 18
1602 4832 1829 4887 respon-

226 4894 329 4946 dit.
363 4895 498 4947 tium
539 4902 719 4948 autem
752 4901 865 4946 tum
910 4891 1175 4959 temporis
1215 4890 1348 4944 nihil
1395 4890 1826 4956 impetrassent,

226 4966 599 5025 occasionem.
622 4962 1069 5027 utaututnabant,
1097 4960 1529 5019 commodiorem
1555 4961 1724 5026 nacti,
1746 4977 1831 5017 re-

226 5034 364 5089 duce
382 5037 642 5090 nimirum
661 5034 1184 5103 Constantinoiiolim
1208 5030 1538 5096 Theodosio,
1554 5042 1607 5087 et
1633 5031 1831 5091 Valen-

229 5105 439 5161 tiniano
467 5107 520 5160 in
550 5106 745 5163 Galliis
771 5106 843 5163 ab
868 5104 1175 5176 Arbogaste
1208 5105 1260 5161 in
1289 5103 1608 5176 servitutem
1640 5118 1835 5176 prope.

228 5177 449 5233 modum
478 5178 720 5237 redacto.
748 5180 982 5244 priorem
1010 5172 1167 5232 suum
1192 5184 1477 5237 conatum
1508 5172 1603 5227 sed
1637 5174 1830 5231 effectu

228 5248 385 5305 irrito
407 5291 422 5316 ,
453 5251 810 5305 iteraverunt.
842 5249 919 5306 De
960 5250 1060 5303 hac
1085 5247 1273 5303 ultima
1300 5244 1563 5314 petitione
1590 5245 1832 5313 loquitur

231 5319 335 5374 hoc
367 5322 488 5376 loco
516 5332 738 5376 sanctus
778 5319 986 5375 Prtesul
1010 5357 1030 5386 ,
1073 5334 1233 5387 quam
1270 5316 1429 5384 paulo
1472 5326 1597 5387 ante
1621 5316 1828 5373 obitum

230 5391 392 5458 liuius
417 5393 680 5463 principis
707 5393 765 5463 ei
781 5392 1015 5447 oblatam
1038 5386 1174 5445 infra
1206 5386 1830 5463 si_gnilirat._Utramque

228 5457 670 5533 autem-egregie
717 5462 1003 5533 distinguit
1044 5462 1205 5532 epist,
1246 5460 1338 5533 57,
1374 5460 1441 5533 ad
1488 5457 1829 5533 Eugenium.

230 5536 375 5589 unde
408 5528 619 5591 Paulini
650 5549 812 5590 error
839 5528 1118 5603 de'tegitn'r
1154 5533 1222 5586 ad
1264 5528 1594 5603 legationem
1624 5528 1830 5589 Cmsari

232 5605 284 5659 in
316 5605 526 5662 Gallias
572 5607 793 5660 missam
825 5604 961 5661 duos
980 5601 1384 5661 Ambrosianus
1426 5601 1642 5656 libellos
1690 5605 1831 5657 reie-

228 5681 428 5747 rentis,
451 5687 512 5733 ut
539 5677 608 5732 ad
630 5677 877 5732 eamdem
898 5677 1186 5746 epistolam
1215 5674 1649 5747 observavimus.
1678 5672 1833 5739 Quod

232 5764 362 5805 vero
386 5744 626 5819 priorem
650 5744 970 5803 relationem
997 5747 1086 5803 hic
1108 5746 1331 5802 silentio
1353 5744 1679 5819 Ambrosius
1702 5760 1838 5819 pm-

243 5814 399 5885 terit,
424 5829 482 5879 et
506 5819 793 5876 modestia
822 5834 988 5875 causa
1036 5821 1165 5875 facit
1193 5860 1207 5885 ,
1246 5834 1316 5873 ne
1359 5831 1420 5875 sc
1454 5815 1572 5886 ipse
1614 5814 1843 5872 laudare

244 5893 551 5958 videretur,
599 5902 656 5949 et
686 5892 915 5949 honoris
951 5892 1007 5948 in
1045 5891 1516 5949 Valentinianum.
1566 5887 1632 5941 ad
1676 5900 1838 5957 quem

1935 3482 2085 3545 cuia,
2116 3479 2297 3535 nullas
2324 3488 2446 3535 tuas
2472 3480 2815 3551 accepissem
2844 3481 3081 3548 litteras,
3122 3483 3269 3553 quod
3302 3498 3411 3539 non
3440 3496 3539 3553 per

1938 3574 2165 3628 luissem
2200 3571 2436 3643 propriis
2465 3573 2802 3629 animalibus
2834 3587 3152 3639 occurrere,
3182 3573 3397 3629 etiamsi
3438 3577 3543 3629 iter

1932 3664 2214 3737 ingressus
2244 3679 2449 3720 essent.
2491 3662 2682 3736 Itaque
2725 3679 2953 3722 securus
2994 3665 3203 3734 venite,
3246 3665 3373 3723 dum
3417 3664 3537 3731 dies

1925 3756 2201 3819 subduco,
2236 3756 2505 3812 adventus
2536 3757 2612 3811 tui
2654 3756 2762 3812 iter
2786 3755 2957 3826 lego;
2984 3770 3116 3813 ecce
3146 3765 3172 3805 It
3206 3758 3532 3829 rescriptum

1935 3889 2192 3947 secundae
2222 3889 2553 3956 repulsionis
2581 3891 2750 3959 gloria
2781 3890 3289 3955 redibatuniversa.

2013 3972 2035 4000 c
2077 3961 2355 4035 “nanum
2395 3961 3006 4035 apostataminteliige.
3039 3978 3069 4035 a
3111 3980 3222 4035 quo
3266 3968 3531 4031 nonanus

1935 4032 2627 4107 provincialibusremissa
2670 4032 2931 4107 discimus
2950 4032 3176 4107 exlege
3206 4039 3270 4097 11
3310 4039 3382 4097 de
3422 4039 3533 4105 ιω-

1936 4103 2131 4181 munit.
2162 4118 2345 4181 concl,
2377 4103 2500 4174 iege
2532 4103 2658 4181 inde
2686 4103 3135 4181 l_nduig._debi_t.,'
3154 4118 3216 4181 et
3254 4110 3373 4181 lege
3394 4103 3531 4170 item

1938 4176 1964 4230 l
1994 4175 2065 4235 de
2101 4178 2250 4233 Auro
2278 4173 2499 4246 Coron.
2550 4173 2807 4242 Ejusdem
2836 4173 3121 4246 principis
3151 4173 3532 4243 liberalitath

1938 4246 2140 4302 etiinici
2182 4245 2481 4316 scriptores
2541 4250 2740 4305 mirum
2770 4245 3037 4316 quantum
3060 4249 3314 4306 efferant.
3352 4254 3537 4317 ,Μηδὶς

1940 4318 2227 4395 Libanium
2257 4317 2723 4395 et__l_iantert_'_tn_um
2764 4318 2821 4374 iu
2847 4320 2967 4395 ejus
3004 4318 3158 4378 Orat.
3184 4338 3444 4395 panegyr.
3472 4337 3536 4391 et

1939 4390 2286 4463 Ammianum
2310 4389 2408 4447 lib.
2432 4404 2537 4444 xxv
2558 4388 2702 4463 Illist.
2731 4388 2891 4463 cap.
2924 4388 2987 4463 4,
3010 4388 3379 4463 quem]me
3408 4388 3533 4452 cuin

1938 4462 2007 4536 iis
2034 4476 2158 4536 qua:
2190 4462 2285 4519 lib.
2314 4476 2432 4536 avt,
2458 4476 2580 4532 cap.
2608 4462 2645 4521 ὅ
2669 4501 2685 4527 ,
2729 4460 2874 4521 idem
2900 4460 3144 4532 dixerat.
3172 4480 3316 4536 aegre
3353 4470 3538 4535 nunc}

1942 4533 2059 4588 iiari
2087 4533 2286 4588 fatetur
2314 4532 2585 4589 Valesius.

2009 4602 2037 4643 ἀ
2072 4604 2189 4660 Vet.
2229 4604 2364 4661 edit.
2402 4620 2527 4661 cum
2552 4613 2714 4675 parte
2758 4620 2894 4663 mss.
2920 4644 2937 4672 ,
2976 4616 3025 4663 et
3066 4624 3099 4667 α
3130 4624 3215 4664 nu
3250 4608 3536 4669 initiatum.

1944 4675 2103 4753 lium.
2131 4691 2253 4753 cum
2276 4676 2393 4753 alia
2420 4684 2598 4746 parte,
2626 4688 2679 4753 et
2709 4694 2739 4737 tt
2760 4695 2848 4753 inte
2872 4678 3187 4753 iuitinndurn
3204 4696 3230 4745 δ
3260 4681 3539 4753 quodpe-

2388 4750 2706 4829 .Wmia
2734 4751 2894 4829 ne»?
2938 4750 3309 4829 versatam:
3340 4750 3540 4829 cuius

1933 4822 2097 4875 etiam
2119 4818 2330 4894 addere
2354 4819 2513 4894 licet,
2553 4836 2678 4890 quae
2706 4818 2777 4877 ad
2810 4818 3179 4881 Theodosium
3221 4818 3384 4894 epist.
3417 4825 3493 4885 53
3516 4868 3532 4893 ,

1934 4906 2086 4945 num.
2113 4891 2170 4957 ‘2,
2201 4889 2390 4946 scribit
2422 4891 2504 4944 vir
2533 4889 2776 4947 sanctus.

2011 4971 2034 5033 εξ
2064 4962 2293 5031 Quinam
2317 4962 2568 5017 dicantur
2592 4962 2865 5025 honorati,
2890 4962 3222 5033 explicatum
3244 4976 3330 5023 est
3345 4967 3413 5025 ad
3434 4968 3533 5026 lib.

1934 5049 1972 5088 il
2003 5032 2161 5088 Ofiic.
2193 5048 2312 5104 cap.
2361 5034 2454 5099 Q9,
2500 5050 2649 5089 num.
2702 5034 2825 5095 150.
2851 5032 3009 5103 Quod
3050 5044 3231 5093 autem
3265 5039 3447 5099 subdit
3468 5054 3536 5096 se

1936 5104 2005 5160 ab
2030 5104 2283 5185 adeundo
2312 5105 2648 5189 imperatore
2677 5107 3005 5189 verecundia
3049 5113 3297 5189 revocari
3326 5150 3341 5177 ,
3372 5111 3537 5181 plane

1935 5178 2333 5245 ottingrnitcum
2365 5178 2525 5243 epist.
2559 5179 2612 5241 i,
2639 5178 2706 5232 ad
2739 5177 2992 5245 Cratino,
3041 5194 3192 5237 num.
3226 5182 3280 5236 1.
3374 5177 3389 5181 ’

2014 5245 2033 5283 i
2070 5246 2198 5300 Mss.
2221 5262 2340 5330 utin
2372 5248 2574 5330 pauci":
2627 5246 2766 5302 Ecce
2796 5260 2922 5330 post
2970 5250 3219 5311 triduum,
3260 5253 3537 5330 Corium

1940 5332 2070 5372 vero
2113 5325 2237 5388 post
2278 5318 2597 5373 instruendis
2635 5318 2997 5377 mansionibus
3024 5362 3038 5387 ,
3072 5337 3305 5392 quarum
3344 5326 3434 5383 hic
3476 5330 3536 5385 lit

1934 5390 2165 5470 iuratio,
2197 5388 2329 5445 nihil
2347 5388 2497 5468 aliud
2525 5391 2894 5470 significatur,
2932 5407 3104 5470 quant
3135 5395 3348 5470 publica
3379 5413 3533 5468 qum-

1933 5460 2058 5533 datu
2089 5460 2415 5533 diversoria,
2452 5475 2576 5533 quae
2599 5462 3058 5533 principibusiter
3078 5460 3331 5532 factoris,
3350 5460 3535 5527 recto-

1934 5532 2294 5605 ribus,atque
2316 5531 2460 5605 adeo
2474 5532 2737 5589 militibus
2759 5531 2894 5604 ipsis
2917 5531 3384 5605 praeparabantur,
3408 5558 3534 5601 eum

1941 5602 2418 5672 proﬁciscerentur
2446 5603 2500 5657 in
2522 5602 2950 5671 expeditionem.
2980 5602 3118 5663 Vide
3138 5602 3534 5671 .CsssiOdtirum

1941 5671 2033 5731 lib.
2068 5689 2148 5749 an
2173 5671 2575 5749 Verior._e_p_ist.
2602 5675 2670 5749 i8
2697 5685 2755 5731 et
2772 5680 2940 5749 epist.
2970 5678 3062 5735 19.

2016 5755 2042 5791 s
2071 5744 2151 5825 Ad
2181 5743 2231 5798 id
2262 5744 2410 5825 quod
2442 5743 2531 5801 hic
2560 5743 2832 5825 legimus,
2850 5752 3158 5825 rescriptum
3188 5754 3411 5825 accipio,
3445 5774 3536 5815 re-

1945 5815 2333 5900 ferendahsunt
2356 5816 2450 5870 illa
2476 5815 2728 5900 ert-epist.
2748 5820 2942 5900 .55,_n.
2971 5815 3028 5890 2,
3058 5835 3113 5880 ut
3154 5843 3187 5880 α
3218 5815 3542 5900 nteit:an-

1946 5895 2080 5941 male
2106 5888 2421 5953 initiaretur,
2445 5888 2772 5947 scribendum
2791 5888 3077 5954 arbitratus
3098 5908 3199 5964 est;
3224 5898 3372 5955 unde
3401 5888 3542 5956 haud
