4022 6192
525 377 661 434 tam
1887 344 2128 416 sssc'rt
2166 352 2489 412 usuusu
3702 345 3870 405 i553

519 493 747 565 accipio,
781 498 838 545 ut
867 489 984 543 sine
1011 498 1164 541 mora
1200 478 1536 554 pergendum
1565 487 1832 550 putarem.
1862 491 1930 533 eo
1973 473 2116 547 quod
2146 484 2200 542 Α
2222 487 2360 528 sem.
2390 471 2898 565 Prmsumebamde
2923 479 2999 539 te,
3031 470 3179 565 quod
3220 472 3337 542 ipse
3369 484 3457 526 me
3489 468 3731 525 audires
3755 508 3779 535 ,
3817 470 3867 523 si

520 563 715 641 vadem
741 579 864 636 ttdei
895 588 1002 634 tua:
1030 577 1233 632 habere
1265 590 1350 629 me
1373 572 1515 646 apud
1529 571 1798 628 Comitem
1829 578 1983 624 tuum
2009 567 2122 622 vel-
2224 580 2324 637 pro
2352 573 2407 621 te
2435 580 2541 620 non
2572 581 2695 621 esse
2724 564 2967 622 auditum
2998 563 3235 620 videres.

527 679 626 734 les.
660 675 796 731 Num
828 672 1047 730 restiti?
1077 685 1205 727 num
1237 677 1482 725 moratus
1511 664 1676 722 sum?
1708 663 1943 719 Additur
1970 675 2038 718 eo
2066 668 2122 716 ut
2293 659 2385 717 28.
2417 659 2580 715 Multa
2630 661 2949 727 habueram,
2989 674 3111 729 qua:
3155 667 3405 715 tenerem
3450 677 3464 713 :
3499 673 3653 714 nunc
3704 657 3863 713 nihil

498 784 882 843 .prttperaretll
932 766 1088 822 ocius
1108 806 1124 833 ,
1170 779 1269 819 nec
1297 763 1607 818 arbitrarer
1637 774 1863 815 causam
1903 756 2123 813 itineris
2224 750 2404 843 habeo
2432 762 2629 822 praeter
2654 752 2926 825 laerymas
2955 762 3012 807 et
3044 751 3223 806 ﬂetus.
3254 750 3517 820 Quotidie
3551 751 3693 843 mihi
3728 764 3864 805 ma-

525 840 931 935 meisyuodum
953 858 1235 916 Gallorum
1264 870 1387 911 esse
1410 854 1815 923 episcoporum,
1843 859 1870 887 ι
1898 858 2124 920 propter
2221 846 2309 916 jor
2334 842 2362 882 ἀ
2392 844 2461 901 ad
2489 846 2735 902 dolorem
2780 860 2844 902 es
2867 886 2882 913 ,
2934 846 3140 901 crescis
3184 847 3251 899 ad
3290 844 3576 917 gemitum.
3626 840 3863 898 Omnes

524 973 759 1031 quorum
791 956 1107 1025 frequentes
1147 950 1529 1007 dissensiones
1551 948 1748 1004 crebro
1770 961 1856 1002 me
1893 958 2125 1003 escusa-
2225 941 2411 1008 quanti
2457 953 2545 994 me
2595 937 2795 994 feceris
2828 948 3245 1009 protestantur:
3297 952 3493 991 onmes
3519 935 3859 990 absentiam

535 1030 755 1108 veram:
789 1048 885 1104 sed
917 1056 975 1102 ut
1007 1046 1124 1118 ipse
1153 1043 1548 1114 baptizaretur.
2229 1047 2403 1087 meam
2452 1047 2671 1088 causam
2705 1040 2811 1087 tua:
2845 1033 3043 1088 mortis
3083 1031 3384 1103 appellant.
3430 1030 3537 1087 Sed
3568 1044 3688 1086 non
3721 1045 3856 1086 Sum

600 1144 692 1200 26.
719 1142 779 1199 In
808 1142 926 1211 ipso
971 1152 1197 1210 egressu
1223 1144 1499 1207 gestarum
1531 1133 1641 1202 jam
1689 1146 1874 1188 rerum
1923 1128 2125 1185 indicia
2229 1121 2399 1189 Elias,
2433 1141 2538 1177 non
2568 1138 2687 1178 sum
2716 1124 3007 1194 propheta,
3037 1130 3097 1176 ut
3127 1122 3393 1192 potuerim
3422 1119 3605 1176 l‘utura
3630 1135 3858 1190 cogno-

532 1237 682 1307 p0tui
720 1247 1056 1305 cognoscere
1081 1272 1095 1296 ,
1139 1228 1237 1285 sed
1286 1225 1614 1298 properandi
1655 1224 1839 1279 studio
1870 1221 2004 1277 ttiltil
2033 1221 2130 1276 ad-
2229 1231 2418 1272 scere:
2446 1217 2543 1271 sed
2566 1233 2684 1273 sum
2711 1233 2815 1271 vux
2846 1218 3137 1271 clamantis
3157 1216 3209 1271 itt
3235 1216 3466 1285 gemitu,
3489 1229 3600 1284 quo
3616 1214 3855 1307 possim

534 1338 748 1386 vertere
782 1336 1051 1396 poterant.
1084 1321 1205 1378 Jam
1245 1319 1569 1389 superabam
1599 1316 1816 1388 Alpium
1857 1315 1985 1386 juga
2009 1358 2024 1383 ,
2072 1322 2129 1370 et
2227 1310 2432 1366 deﬂere
2464 1310 2763 1381 praeterita.
2793 1308 2935 1378 Quid
2964 1311 3111 1365 enim
3141 1308 3318 1365 habeo
3346 1307 3492 1379 quod
3521 1306 3732 1362 melius
3763 1306 3850 1360 fa-

530 1421 904 1480 ecceuuntius
931 1432 1150 1471 amarus
1179 1415 1308 1470 tnihi
1334 1423 1389 1468 et
1419 1412 1673 1468 omnibus
1703 1411 1770 1466 de
1794 1409 1929 1465 tanti
1952 1419 2128 1464 morte
2230 1404 2390 1468 ciant,
2426 1419 2587 1473 quam
2621 1412 2676 1457 ut
2723 1403 2819 1457 tibi
2864 1403 3135 1474 Iacrymas
3178 1416 3275 1472 pro
3324 1411 3476 1456 tanto
3504 1409 3601 1455 tuo
3641 1400 3708 1455 in
3758 1415 3855 1455 me

526 1511 898 1583 imperatoris.
932 1507 1139 1563 Reﬂesi
1186 1507 1310 1573 iter,
1343 1513 1399 1560 et
1424 1503 1645 1560 ﬂetibus
1674 1503 1809 1558 meis
1845 1500 1970 1554 lavi.
1998 1499 2129 1568 Qui—
2231 1499 2426 1555 aﬂectu
2457 1498 2799 1569 rependam?
2829 1497 2945 1569 Ego
2974 1508 3027 1553 te
3053 1497 3267 1568 suscepi
3299 1497 3609 1568 parvulum.
3639 1504 3668 1532 ε
3714 1511 3850 1550 cum

530 1609 633 1665 bus
660 1622 762 1678 ego
808 1604 951 1659 votis
997 1601 1242 1657 omnium
1291 1598 1720 1671 proﬁciscebar?
1764 1609 1875 1666 quo
1918 1594 2126 1665 gemitu
2229 1593 2440 1666 legatus
2467 1595 2532 1649 ad
2555 1593 2769 1651 hostem
2803 1604 2957 1649 tuum
2988 1609 3313 1666 pergerem:
3346 1608 3448 1664 ego
3466 1592 3705 1648 Justinze
3730 1607 3855 1647 ma-

530 1702 773 1756 omnittm
815 1694 1177 1752 revertebar?
1224 1708 1332 1748 non
1371 1693 1516 1746 enim
1562 1691 1952 1758 imperatorem
2000 1685 2126 1751 sibi,

530 1794 625 1849 sed
657 1792 886 1847 Salutem
914 1797 1156 1859 ereptam
1188 1784 1471 1857 putabant.
1503 1783 1719 1850 Quanto
1748 1781 1865 1851 ipse
1888 1777 2130 1849 angebar

2234 1688 2404 1744 ternis
2432 1689 2690 1744 traditum
2735 1689 2990 1745 manibus
3020 1689 3308 1757 amplexus
3354 1702 3518 1743 sum:
3568 1704 3681 1759 ego
3719 1699 3853 1743 tuus

2234 1782 2431 1837 itermn
2479 1783 2685 1853 legatus
2718 1782 2949 1853 repetivi
2996 1781 3227 1846 Callias,
3260 1794 3314 1838 et
3344 1782 3475 1837 mibi
3507 1780 3679 1838 dulce
3706 1782 3851 1838 illud

530 1882 768 1938 dolore?
801 1881 1034 1949 priunun
1065 1877 1210 1948 quod
1240 1889 1425 1931 tantus
1456 1876 1708 1945 princeps
1730 1915 1743 1939 ,
1797 1872 1941 1942 quod
1973 1870 2132 1925 dulce
2164 1878 2209 1938 Β
2235 1876 2475 1931 cilicium
2511 1874 2611 1930 fuit
2641 1889 2738 1946 pro
2766 1876 2940 1931 salute
2985 1884 3077 1929 tua
3108 1876 3313 1944 primo,
3346 1873 3543 1930 deinde
3575 1889 3681 1945 pro
3712 1889 3855 1941 pace

532 1976 728 2048 pignus
759 1989 965 2037 meum,
996 1971 1140 2044 quod
1175 1972 1244 2025 ita
1271 1968 1376 2024 ntci
1405 1966 1791 2037 cupidissimus
1813 1963 2128 2023 occidisset.

528 2069 681 2138 Quos
710 2081 814 2137 ego
843 2077 1008 2121 testus
1032 2064 1151 2135 ejus
1182 2064 1277 2116 illo
1319 2060 1481 2115 biduo
1520 2060 1687 2113 fuisse
1725 2055 1993 2121 comperi,
2025 2071 2134 2126 quo

531 2162 729 2216 litteris
778 2175 917 2230 qttas
959 2158 1026 2212 ad
1075 2174 1161 2211 me
1204 2156 1472 2219 miserat,
1520 2149 1859 2220 supervixit?
1905 2148 2134 2219 Vesperi

530 2252 807 2327 profectus
828 2262 912 2308 est
929 2250 960 2291 δ
981 2250 1336 2315 silentiaritts,
1368 2261 1437 2303 tet
1452 2248 1528 2302 tio
1558 2246 1648 2301 die
1673 2260 1831 2299 tuane
1855 2244 2137 2313 qumrebat

524 2349 716 2418 jamne
747 2352 1090 2409 remeasset,
1117 2343 1303 2413 jatnue
1334 2341 1582 2397 venirent
1610 2357 1623 2393 :
1668 2338 1739 2394 ita
1772 2337 1874 2393 sibi
1904 2337 2134 2392 salutem

529 2441 825 2512 quamdam
859 2447 1142 2493 venturam
1184 2435 1599 2491 arbitrabatur?

602 2535 698 2589 27.
724 2533 769 2588 0
795 2533 1014 2601 juvenis
1052 2530 1259 2602 optime
1285 2570 1301 2595 ,
1342 2529 1549 2583 utinam
1583 2535 1636 2583 te
1664 2525 1937 2581 viventem
1982 2525 2136 2580 inve-

533 2629 657 2685 nire
686 2627 1007 2693 potni~sem,
1041 2627 1246 2681 utinam
1275 2634 1328 2680 te
1348 2623 1537 2678 dilatio
1559 2623 1737 2692 aliqua
1770 2621 1985 2693 1182
2016 2634 2138 2675 meo

535 2730 879 2778 reservasset
923 2718 1224 2774 adventui!
1268 2714 1416 2771 Nihil
1453 2714 1521 2769 dc
1558 2717 1734 2784 aliqua
1784 2713 1891 2767 mei
1936 2712 2138 2767 virtute

533 2811 842 2886 polliceor,
889 2812 1027 2866 nihil
1070 2810 1138 2865 de
1188 2810 1410 2879 ingenio
1456 2816 1620 2877 atque
1665 2804 1995 2877 prudentia:
2041 2805 2139 2861 sed

537 2917 739 2980 quanta
762 2921 865 2976 ego
895 2919 1025 2959 cura
1058 2904 1200 2958 inter
1233 2911 1285 2956 te
1314 2910 1372 2957 et
1402 2899 1672 2955 Comitem
1707 2909 1894 2962 tuum,
1934 2906 2140 2969 quanta

540 2999 833 3055 sedulitate
860 2996 1214 3053 concordiam
1245 3005 1297 3049 et
1319 2994 1550 3065 gratiatn
1577 2991 1941 3047 reludissem?
1966 2990 2140 3060 Quam

544 3108 633 3148 me
660 3093 836 3163 ipsum
862 3107 957 3160 pro
984 3101 1073 3145 tua
1096 3089 1415 3143 obtulissem
1445 3087 1572 3150 title,
1595 3100 1756 3157 quam
1782 3085 1833 3139 in
1856 3101 1944 3140 me
1965 3085 2141 3153 ipsum

543 3199 642 3240 eos
687 3184 1053 3252 recepissem,
1106 3192 1128 3220 ι·
1163 3179 1360 3250 quibus
1403 3178 1496 3233 ille
1536 3193 1596 3232 se
1645 3178 1838 3232 timere
1880 3177 2143 3232 dicebat?

542 3278 704 3334 Certe
732 3276 779 3331 si
808 3274 1006 3330 Comes
1035 3289 1144 3327 non
1172 3281 1323 3327 esset
1354 3270 1604 3338 inﬂexus,
1636 3278 1814 3325 tecum
1846 3269 2138 3326 remansis-
2170 3263 2216 3326 C

542 3412 894 3471 mediocriter
926 3410 1206 3478 probabile
1236 3419 1318 3465 est
1358 3424 1465 3463 nou
1506 3407 1576 3464 de
1618 3407 1887 3472 rescripto
1917 3409 2136 3477 proprie

542 3487 691 3541 dicto
715 3483 1149 3551 intelligendum,
1182 3482 1275 3535 St'd
1303 3480 1372 3536 de
1401 3480 1599 3535 litteris
1626 3482 1740 3548 ipsa
1776 3479 2135 3551 \[alentiuttttti

543 3571 707 3612 manu
748 3555 1019 3620 exaratis,
1063 3551 1366 3618 cujusmodi
1409 3552 1699 3621 epiSIolam
1732 3568 1759 3601 a
1787 3549 2049 3606 Gratiano
2078 3566 2137 3605 se

542 3630 821 3698 accepisse
868 3625 1459 3698 Atnlujosiuttestatur
1485 3624 1645 3690 epist.
1682 3622 1706 3676 l
1738 3639 1763 3698 ;_
1805 3638 1954 3698 unm.
1986 3624 2044 3698 β.
2077 3621 2136 3678 In

543 3692 772 3769 epistola
803 3712 965 3766 porro
996 3695 1087 3757 53,
1119 3696 1261 3749 nulla
1284 3710 1441 3769 causa
1465 3710 1563 3748 cur
1592 3695 1764 3747 sancti
1800 3693 1901 3746 viri
1934 3692 2139 3769 adsen-

546 3764 657 3827 ttim
684 3764 982 3837 imperator
1009 3775 1316 3832 espetcret,
1340 3764 1584 3827 alTettur,
1611 3777 1970 3832 przcterquam
1995 3764 2142 3820 illius

543 3839 896 3898 baptizandi:
936 3847 992 3893 at
1029 3840 1081 3891 iit
1115 3837 1217 3892 hoc
1255 3837 1510 3892 epicedio
1548 3837 1900 3906 praemittitur
1944 3837 2139 3899 altera.

543 3912 804 3968 nimirum
832 3920 890 3964 ιιι
911 3910 1100 3963 vadi-nt
1130 3917 1320 3967 ageret
1344 3906 1665 3962 Ambrosius
1690 3922 1787 3973 pro
1815 3909 2141 3974 imperatore

545 3985 685 4052 apud
710 3984 1086 4052 Arhogastem.
1110 3979 1272 4035 Certe
1300 3982 1529 4034 occulta:
1549 3978 1698 4052 illius
1720 3977 2051 4052 oﬂ‘eusiones
2085 3982 2139 4033 iit

547 4049 828 4126 professas
851 4051 1158 4126 inimicitia~
1184 4060 1499 4126 eruperant,
1533 4064 1584 4126 ut
1610 4049 1904 4126 Gregorius
1930 4050 2137 4126 Ίςιιιευιι.

546 4120 611 4180 ex
643 4125 774 4182 Scr.
805 4122 1116 4194 Alexandro
1142 4123 1408 4189 scriptore
1433 4121 1746 4194 syucltrptio
1768 4121 1930 4175 tradit
1954 4120 2047 4176 lib.
2080 4138 2139 4188 tl,

549 4196 752 4252 Histor.
784 4210 904 4264 cap.
941 4195 1024 4255 t0,
1045 4191 1299 4248 Zozimus
1326 4194 1419 4249 lib.
1448 4191 1522 4256 ι’ν,
1544 4200 1599 4244 et
1626 4192 2017 4264 Philostorgius
2042 4194 2136 4246 lib.

547 4282 625 4333 st,
654 4284 776 4336 cap.
808 4262 863 4322 1.
891 4264 1107 4321 Nullum
1132 4277 1314 4319 autem
1354 4265 1420 4318 ad
1450 4262 2140 4336 reconciliaudusCaesaris

546 4350 604 4395 et
638 4335 866 4394 Comitis
909 4337 1119 4390 animus
1167 4336 1408 4390 Prwsule
1452 4343 1641 4388 nostro
1670 4335 1839 4403 magis
1886 4335 2140 4389 idum-um

547 4425 671 4466 esse.
700 4409 939 4480 potuisse
983 4423 1053 4480 ωε
1094 4407 1164 4480 iis
1191 4417 1365 4474 patet,
1397 4406 1599 4476 quibus
1633 4415 1840 4473 quanto
1871 4409 1923 4458 in
1970 4409 2145 4480 pretio

547 4475 970 4544 apud'eumdom
1015 4476 1283 4532 Comitem
1320 4475 1640 4532 Ambrosius
1669 4485 1847 4541 esset,
1895 4480 1948 4530 in
1981 4475 2145 4547 hujus

545 4551 669 4608 Vita
702 4561 883 4605 narrat
910 4548 1186 4602 l’aulinus.

926 4620 1146 4690 quidem
1177 4618 1546 4673 dissensiones
1574 4617 1997 4690 illasrmateriem
2025 4619 2146 4676 lidei
2173 4588 2228 4650 Β

552 4696 867 4759 neutiquam
922 4689 1228 4759 spectasse;
1279 4704 1570 4760 numquam
1623 4689 1769 4744 enim
1829 4692 2149 4747 Ambrosius

552 4776 708 4821 tanto
731 4764 876 4819 illius
896 4761 1254 4817 defendenda:
1275 4760 1466 4817 ardore
1491 4777 1707 4829 semper
1729 4761 1984 4832 ﬂagrans,
2013 4780 2150 4831 pra:-

551 4840 782 4893 seutiam
813 4850 965 4889 suam
994 4834 1215 4906 synodis
1237 4832 1609 4906 hujuscemodi
1640 4832 2029 4906 subtraxisset:
2051 4836 2147 4889 sed

552 4908 662 4963 illze
690 4910 772 4963 vel
798 4903 1181 4961 contentiones
1230 4903 1449 4959 filerunt
1494 4905 1638 4958 inter
1668 4904 2043 4961 Arelatensem
2087 4923 2148 4961 ac

556 4979 921 5034 Viennensem
968 4977 1240 5031 autiSIites
1269 4988 1494 5044 exortus,
1527 4985 1583 5028 ut
1610 4983 1798 5030 cethet
1825 4976 2149 5041 Quesuelitts

557 5050 782 5106 Dissert.
816 5066 915 5117 pro
945 5047 1003 5102 S.
1038 5047 1209 5102 llilar.
1240 5046 1443 5103 Arelat.
1479 5048 1561 5102 vel
1595 5057 1771 5100 motus
1802 5048 2020 5117 quidatu
2048 5065 2145 5104 eo-

552 5136 672 5176 rnm
690 5125 998 5179 occasione,
1023 5120 1112 5188 qui
1133 5135 1256 5173 enm
1280 5117 1564 5173 Itttarianis
1586 5123 2144 5188 communicaverunt,

553 5195 810 5248 excitati:
842 5206 947 5262 qua
974 5186 1118 5245 deire
1148 5189 1386 5246 diximus
1417 5191 1468 5244 in
1498 5186 1771 5244 annotatis
1796 5190 1862 5243 ad
1895 5192 2051 5260 epist.
2075 5190 2147 5245 24

553 5273 609 5318 et
642 5265 801 5332 epist.
833 5263 927 5318 26.

626 5333 656 5372 ι’
689 5336 869 5389 Mutuo
917 5334 1064 5403 leges
1100 5348 1221 5400 qum
1265 5332 1330 5386 ad
1378 5332 1706 5403 siletttiarios
1743 5334 2067 5403 pertineant,
2094 5335 2145 5388 in

552 5405 685 5461 Cod.
712 5404 924 5460 Tlteod.
945 5401 1163 5459 exstant
1180 5406 1262 5457 tit.
1279 5403 1343 5457 de
1364 5401 1646 5460 Decurion.
1671 5418 1720 5459 et
1736 5401 1923 5463 Sileni.
1945 5406 2144 5460 llortun

550 5477 792 5531 oflicintn
823 5485 961 5534 erat,
985 5476 1110 5528 dum
1132 5478 1497 5541 ititperaturitt
1520 5478 1854 5532 consistorio
1878 5486 2148 5542 esset,aut

551 5562 675 5603 cum
696 5550 807 5600 suis
833 5548 1108 5601 esterisve
1127 5546 1416 5600 Consilium
1443 5548 1691 5613 haberet,
1716 5551 1782 5603 ad
1808 5548 1954 5603 fores
1974 5563 2147 5603 escu-

553 5618 900 5689 bari-.Settex
915 5632 1104 5689 eorum
1118 5618 1305 5689 schola
1323 5633 1730 5688 nonnumquam
1746 5621 2143 5689 deligehantur,

554 5691 647 5758 qui
663 5688 919 5753 principis
941 5688 1140 5743 ferrent
1157 5688 1511 5757 imperata,ut
1528 5706 1651 5745 cum
1669 5706 1732 5745 ex
1750 5694 1851 5746 hoc
1864 5688 2011 5749 loco.
2030 5700 2143 5744 tttnt

554 5771 619 5827 es
651 5758 1110 5821 t’hitustorgiilib.
1137 5773 1346 5827 vu.cup
1384 5760 1438 5819 7.
1468 5775 1800 5826 cognoscere.
1824 5775 1926 5817 εει.
1956 5761 2030 5816 De
2054 5763 2147 5815 iis-

554 5825 808 5903 demagit
835 5827 1166 5903 Bulczigerus
1191 5830 1284 5884 lib.
1305 5825 1438 5883 tilde
1453 5825 1703 5903 Imperat.
1729 5832 1879 5888 Rom.
1901 5848 2022 5899 cap.
2049 5830 2139 5888 10.

622 5904 642 5934 ο
686 5893 759 5949 lta
788 5907 898 5951 vet.
930 5893 1062 5954 edit.
1088 5908 1144 5953 et
1172 5913 1365 5955 omnes
1393 5893 1550 5965 mss.;'
1572 5912 1625 5959 at
1647 5902 1804 5959 Rom.
1839 5893 1982 5959 edit;
2004 5917 2143 5973 prie-

2232 1978 2396 2038 atque
2443 1969 2648 2040 pietate
2671 2009 2688 2035 ,
2721 1985 2823 2037 qtia
2872 1967 3145 2023 fraternas
3180 1968 3442 2038 reliquias
3480 1967 3849 2036 postulabas:

2236 2067 2477 2117 nondum
2507 2078 2604 2132 pro
2633 2070 2686 2118 te
2722 2076 2970 2129 securus,
3005 2075 3059 2118 et
3083 2061 3195 2133 jam
3225 2077 3324 2134 pro
3356 2066 3614 2118 fraterna:
3654 2062 3853 2133 sepul-

2236 2164 2375 2210 tura:
2405 2158 2610 2211 bouore
2640 2158 2930 2212 sollicitus.

2306 2248 2402 2304 29.
2433 2249 2540 2305 Sed
2588 2260 2929 2306 revertamur
2957 2249 3024 2306 ad
3063 2249 3314 2306 Tbrenos
3340 2292 3355 2319 ,
3384 2258 3440 2306 ct
3472 2250 3587 2321 ipsa
3630 2249 3852 2307 doloris

2237 2345 2609 2412 ingrediamur
2638 2347 2883 2401 viscera:
2919 2345 3060 2413 Quid
3098 2345 3343 2407 testabor.
3378 2346 3576 2416 inquit.
3608 2347 3727 2414 tibi,
3759 2356 3853 2401 aut

2237 2434 2364 2506 quid
2407 2435 2705 2492 assimilabo
2741 2437 2870 2503 tibi,
2908 2437 3023 2507 ﬁlia
3072 2436 3447 2493 Hierusalem?
3479 2438 3611 2507 Quis
3641 2439 3853 2494 salvam

2239 2535 2288 2582 te
2310 2528 2486 2598 faciet,
2514 2538 2563 2581 et
2594 2528 2712 2599 quis
2740 2528 3093 2584 consolabitur
3115 2539 3183 2596 te,
3215 2530 3357 2601 rirgo
3382 2530 3496 2601 [ilia
3522 2531 3656 2585 Sion
3678 2532 3706 2586 ?
3726 2532 3853 2601 quia

2239 2638 2427 2693 magna
2458 2624 2595 2694 facta
2622 2633 2697 2676 est
2723 2638 2881 2693 super
2907 2633 2955 2677 te
2980 2624 3223 2678 contritio
3248 2634 3358 2678 tua.
3396 2624 3527 2690 Quis
3555 2626 3773 2679 sanabit
3805 2634 3854 2678 te

2244 2713 2466 2787 (Tltren.
2495 2730 2553 2782 tt,
2587 2715 2723 2786 15)?
2753 2716 2885 2784 Quis
2936 2726 3117 2772 autem
3149 2730 3234 2772 me
3260 2718 3640 2772 consolabitur
3670 2733 3703 2770 a
3738 2731 3850 2786 quo

2242 2807 2329 2862 alii
2373 2817 2564 2878 petunt
2610 2808 3006 2863 conSuIationis
3045 2808 3287 2864 olliciuttt
3333 2806 3561 2879 (Tltreu.
3604 2823 3690 2875 ttt,
3739 2808 3853 2864 i5?

2245 2898 2489 2970 lmplerit
2512 2917 2592 2955 me
2617 2901 2992 2966 amaritudine,
3019 2900 3290 2955 inebriaoit
3313 2918 3391 2954 me
3417 2902 3562 2972 felle.
3605 2899 3852 2955 Ventrem

2240 3009 2409 3048 meum
2437 2992 2608 3057 doleo,
2648 3005 2878 3048 ventrem
2905 3008 3071 3047 meum
3097 2994 3250 3047 doleo
3277 2989 3503 3062 (Jerem,
3532 3008 3608 3060 tv,
3644 2991 3766 3064 19),
3792 3001 3851 3047 ιιι

2246 3085 2566 3156 prophetico
2596 3094 2716 3141 utar
2740 3088 2998 3157 eloquio;
3028 3086 3284 3158 quoniam
3312 3102 3479 3157 quem
3511 3087 3564 3142 in
3595 3085 3850 3157 Evangeo

2247 3180 2320 3236 lio
2346 3196 2497 3236 eram
2524 3192 2909 3252 generaturus,
2939 3180 3121 3235 amisi.

2318 3273 2410 3330 50.
2443 3273 2552 3329 Sed
2578 3272 2676 3329 ille
2700 3288 2808 3328 non
2845 3272 2864 3311 τ
2890 3274 3075 3330 amisit
3098 3272 3350 3346 gratiam,
3385 3287 3548 3344 quam
3578 3273 3847 3346 poposcit,

2242 3409 2390 3465 misit
2416 3410 2860 3481 prmpositionem
2891 3428 2923 3465 α
2954 3410 3075 3467 voci
3116 3411 3300 3480 quibus
3320 3452 3335 3475 ,
3368 3410 3514 3466 unde
3544 3424 3744 3466 sensus
3768 3409 3850 3467 ef-

2242 3481 2420 3553 licitur
2438 3481 2663 3536 omnino
2688 3485 3014 3537 contrarius.
3045 3482 3225 3538 Veteri
3249 3484 3391 3536 enim
3415 3483 3655 3536 lectione
3677 3484 3849 3553 signi-

2242 3552 2434 3624 lieutur
2463 3552 2823 3619 Arhogastem
2871 3555 3124 3609 timorem
3172 3554 3553 3624 pra-tendisse,
3602 3569 3677 3607 ne
3721 3552 3844 3624 qui-

2243 3623 2468 3679 busdam
2499 3641 2720 3680 suarum
2746 3626 2980 3694 partium
3012 3623 3310 3695 perieulum
3338 3632 3618 3679 crearetur
3647 3624 3718 3677 ab
3740 3623 3851 3695 im-

2241 3707 2529 3765 peratore;
2561 3698 2802 3752 llcuuaua
2831 3713 2957 3753 vero
2982 3694 3215 3753 teetione
3236 3695 3558 3763 exprimitur
3584 3694 3847 3751 eumdem

2241 3766 2510 3821 Comitem
2546 3769 2649 3823 sibi
2679 3768 2778 3836 ipsi
2822 3771 2891 3823 ab
2926 3769 3200 3839 ειΙίιιιιὶιιιις
3250 3765 3622 3839 imperialibus
3679 3765 3846 3823 mini-

2245 3841 2376 3892 stris
2407 3840 2515 3894 vim
2548 3850 2641 3894 aut
2674 3839 2900 3896 insidias
2939 3842 3304 3910 pertimuisse.

2316 3928 2342 3966 ά
2372 3929 2500 3986 Mss.
2534 3947 2639 3986 non
2675 3934 2830 4001 pauci
2858 3974 2874 3997 ,
2913 3932 2981 3986 ad
3004 3932 3237 3987 dolorem
3265 3932 3453 3988 crescis
3481 3946 3544 3984 ac
3573 3931 3839 4003 gemitum.

2247 4001 2436 4056 Omnes
2465 4015 2658 4073 quanta
2687 4003 2814 4057 mihi
2843 4005 3023 4074 feceris
3049 4014 3421 4074 protestantur.

2321 4104 2345 4132 ο
2378 4096 2518 4151 Duas
2551 4096 2854 4166 legationes
2884 4098 2952 4151 ab
2985 4096 3275 4153 Ambrosio
3301 4094 3367 4151 ad
3400 4096 3693 4151 Maximum
3714 4109 3840 4149 cono

2244 4177 2353 4220 stat
2376 4182 2498 4222 esse
2528 4179 2831 4237 susceptas,
2865 4167 2933 4222 dc
2961 4168 3159 4237 quibus
3187 4168 3294 4238 agit
3316 4167 3561 4236 pluribus
3582 4167 3833 4238 epistola-

2246 4253 2364 4309 rutn
2383 4255 2600 4293 suarum
2630 4239 2765 4295 locis
2787 4252 3005 4294 sanctus
3025 4239 3289 4294 Antistes.
3318 4238 3532 4295 Videsis
3555 4238 3833 4309 epistulam

2242 4308 2332 4381 20,
2363 4324 2513 4364 num.
2545 4309 2641 4374 25,
2684 4313 2969 4381 epistolam
2998 4311 3091 4376 Ἡ,
3134 4327 3283 4367 ιιιιιιι.
3307 4310 3408 4371 '20.
3462 4320 3518 4365 et
3556 4308 3835 4380 epistolam

2243 4379 2315 4435 24
2344 4396 2468 4436 cum
2499 4384 2699 4437 nostris
2719 4379 2790 4437 ad
2822 4398 2940 4438 eam
2966 4381 3480 4438 observatiunculis.

2325 4472 2343 4511 ί
2378 4473 2492 4529 Non
2525 4477 2662 4529 alius
2706 4475 2931 4530 forsitan
2960 4492 2991 4531 e
3020 4475 3309 4530 catholicis
3348 4475 3601 4532 Patribns
3625 4475 3836 4531 absolu-

2253 4556 2360 4617 tam
2389 4549 2693 4617 accipiendi
2746 4548 3089 4616 baptismatis
3132 4549 3514 4602 necessitatem
3549 4550 3720 4617 magis
3751 4563 3833 4602 as-

2256 4616 2384 4671 truit
2413 4633 2573 4687 quam
2616 4616 2938 4673 Ambrosius
2970 4619 3135 4675 variis
3180 4620 3333 4679 locis.
3363 4621 3458 4673 Sed
3504 4620 3832 4688 putissituttnt

2254 4690 2349 4743 lib.
2382 4704 2419 4743 ιι
2463 4690 2530 4743 de
2580 4691 2852 4745 Abraham
2893 4706 3014 4760 cap.
3048 4690 3137 4754 ll.
3167 4706 3316 4745 num.
3348 4688 3454 4757 84;
3502 4692 3681 4746 Serm.
3718 4689 3754 4745 3
3786 4690 3831 4760 in

2252 4760 2398 4815 Psal.
2431 4775 2593 4833 cxvttt
2617 4802 2633 4826 ,
2682 4777 2831 4816 num.
2883 4758 2975 4827 l4,
3001 4776 3053 4816 et
3085 4761 3178 4816 lib.
3217 4763 3284 4815 de
3321 4761 3595 4833 Mysteriis
3632 4758 3830 4833 capri,

2252 4847 2401 4887 num.
2430 4831 2523 4886 20.
2561 4833 2755 4888 Verum
2775 4837 2954 4887 omnia
2986 4833 3076 4887 illa
3108 4831 3413 4888 testimoiiia
3442 4832 3522 4888 sic
3548 4832 3720 4903 acripi
3739 4832 3831 4885 de-

2252 4903 2402 4966 bere,
2435 4911 2493 4957 ut
2521 4905 2843 4972 baptisutus,
2876 4920 3037 4975 quem
3087 4905 3272 4960 dicunt
3303 4906 3354 4957 in
3388 4916 3545 4970 voto,
3574 4918 3709 4975 ﬁlltll
3748 4903 3832 4975 ba-

2253 4988 2302 5043 pt
2315 4977 2481 5029 ismus
2500 4977 2550 5029 itt
2571 4990 2708 5044 aqua
2733 4972 2917 5030 haberi
2936 4975 3213 5045 nequit,ad
3227 4975 3456 5030 salutem
3475 4972 3722 5045 sut‘ﬂcere
3739 4974 3833 5027 mi-

2251 5049 2397 5100 nime
2416 5056 2660 5113 negetur,
2688 5047 2901 5112 planum
2922 5044 3122 5101 iaciunt
3145 5060 3267 5117 quae
3295 5048 3382 5100 hic
3412 5054 3467 5099 et
3499 5044 3633 5100 infra
3656 5044 3721 5100 de
3744 5058 3831 5099 eo-

2250 5116 2373 5171 dem
2393 5117 2644 5186 baptismi
2661 5127 2785 5170 voto
2804 5116 3465 5173 traduntutaliinoccntius
3481 5117 3672 5172 tertius
3686 5125 3826 5185 poni.

2252 5204 2405 5272 uias:
2423 5187 2655 5257 epistola
2683 5189 3310 5272 CrctttuuensiepiscOpo
3332 5189 3536 5272 scripta
3566 5188 3828 5270 sincerum

2249 5259 2496 5331 ejusdem
2521 5262 2845 5315 sat-ranteuti
2864 5257 3222 5325 desiderium,
3243 5274 3367 5315 cum
3394 5257 3568 5331 ipsum
3604 5257 3658 5312 itt
3680 5273 3735 5314 re
3747 5272 3829 5311 ac-

2248 5330 2434 5401 cipere
2453 5346 2559 5387 nun
2586 5334 2735 5396 licet,
2768 5336 2996 5387 salutem
3019 5330 3216 5387 atierre
3246 5330 3494 5386 Ductoris
3545 5331 3711 5385 nastri
3730 5338 3827 5401 _te-

2247 5399 2506 5458 stimonio
2536 5406 2822 5458 coutirmat
2849 5421 2861 5457 :
2887 5420 3045 5474 quam
3074 5403 3389 5469 opinionem
3437 5413 3550 5474 tum
3594 5399 3826 5474 eiusdem

2247 5474 2543 5534 Ambrosii,
2580 5485 2691 5527 tum
2725 5471 3003 5541 Augustini
3035 5474 3355 5528 auctoritate
3383 5473 3638 5538 amplecti
3661 5486 3718 5527 se
3753 5471 3829 5526 di-

2247 5546 2322 5600 cit
2370 5545 2676 5599 Bernardus
2714 5544 2969 5602 'l‘raetatu
3011 5545 3078 5600 ad
3131 5545 3414 5609 llugonem
3477 5543 3823 5598 Victorinum.

2251 5618 2493 5683 Denique
2517 5622 2658 5671 ttuuc
2682 5616 2857 5683 ipsum
2879 5615 3155 5672 Οισςιιίοιιὶς
3182 5617 3413 5684 hujusce
3441 5616 3621 5669 locum
3653 5614 3701 5669 iu
3721 5630 3825 5669 me-

2248 5702 2474 5743 morata:
2494 5690 2781 5742 sententiae
2807 5689 3274 5743 confirmationem
3290 5688 3658 5742 communiter
3674 5687 3831 5743 citant

2249 5758 2401 5830 Hugo
2434 5758 2569 5813 Vict.
2600 5760 2667 5813 de
2690 5759 2936 5815 Sacram.
2970 5759 3229 5829 Baptism.
3253 5770 3376 5830 rap.
3398 5759 3454 5830 5.
3481 5757 3676 5830 beatus
3695 5754 3827 5830 Tltqc

2246 5820 2362 5902 quas
2406 5845 2462 5886 ιιι
2493 5845 2570 5900 p.,
2603 5847 2659 5902 q.
2681 5830 2773 5889 68.
2804 5847 2857 5884 a.
2885 5834 2941 5894 2,
2967 5820 3219 5902 Magister
3244 5828 3402 5902 Sent.
3436 5829 3494 5902 ιιι
3520 5843 3593 5889 tv.
3622 5828 3743 5883 dist.
3775 5820 3824 5893 4,

2244 5900 2272 5973 ς
2298 5902 2434 5959 Sunt
2464 5898 2509 5957 ei
2537 5898 2659 5971 alii,
2693 5913 2745 5957 et
2778 5911 2899 5972 post
2928 5915 3022 5957 eos
3053 5898 3245 5971 i'ulgus
3271 5898 3709 5957 scolasticorum.
