4092 6190
77 321 311 404 ⁵1369

1153 347 1242 404 DE
1280 349 1486 407 OBITU
1533 346 2026 406 VALENTINIANI
2065 346 2520 410 CONSOLATIO.‘

3357 347 3496 404 1370

70 451 78 486 ⁵
104 461 240 532 qui
270 463 429 518 mihi
461 463 515 519 in
543 478 819 533 sermone,
846 478 956 536 quo
985 463 1180 521 utebar
1207 465 1271 519 ad
1305 466 1516 539 1183
1545 465 1783 536 plebem,
1816 469 1863 530 Α
1894 465 2254 520 tentationem
2281 507 2295 530 ,
2343 465 2446 521 hoc
2491 475 2605 533 est,
2655 484 2726 524 ne
2773 466 3075 524 incidamus
3104 466 3157 521 in
3188 476 3498 538 peccatum.

109 554 331 610 hodie
359 558 684 613 resurrexit.
710 555 842 611 Nam
865 572 988 612 cum
1019 564 1048 594 ι
1071 558 1122 612 in
1154 568 1440 614 tractatum
1468 559 1781 614 incidissem

75 645 82 676 τ
113 650 479 720 proposita:
509 650 788 714 lectionis.
821 652 964 723 quod
996 653 1230 724 populus
1261 667 1463 724 pauper
1485 653 1779 709 benedice-

80 767 82 770 ν
121 750 238 796 ret
277 741 507 806 Deum;
541 758 784 814 quaerere
812 745 950 815 coepi
980 745 1100 815 quis
1129 758 1274 800 esset
1314 745 1402 801 hic
1427 747 1679 816 populus,
1727 756 1781 802 et

120 836 528 907 distinguere
559 837 700 908 quod
733 849 879 894 essm
930 842 1161 911 populus
1185 882 1198 905 ,
1245 841 1386 896 alter
1416 841 1570 896 dives
1593 884 1606 904 ,
1640 843 1780 897 alter

70 947 72 950 ν
121 944 425 1000 pauper:
478 931 630 986 dives
666 931 1009 999 Jtidmorum,
1055 949 1258 1005 pauper
1298 933 1593 989 Ecclesiae:
1628 935 1778 989 dives

124 1020 248 1078 ille
285 1022 538 1094 eloquiis
564 1025 667 1079 sibi
697 1027 922 1082 creditis
944 1067 960 1094 ,
992 1027 1095 1082 iste
1128 1041 1332 1097 pauper
1355 1030 1530 1084 aliena
1562 1027 1774 1094 eloquia

70 1123 78 1146 ι
120 1126 479 1170 mutuatus.
511 1115 702 1172 Merito
731 1134 977 1190 pauper;
1026 1121 1151 1191 quia
1191 1133 1550 1192 congregatus
1585 1135 1613 1174 a
1642 1135 1776 1190 pau-

70 1219 76 1238 =
117 1223 289 1278 perc
324 1221 413 1265 est
444 1252 458 1275 ,
497 1211 591 1266 illo
620 1211 894 1280 videlicet,
926 1214 1016 1282 qui
1065 1229 1271 1284 pauper
1299 1217 1471 1269 tactus
1491 1225 1573 1271 est
1599 1258 1612 1278 ,
1647 1231 1769 1268 cum

70 1315 75 1334 τ
121 1301 314 1358 dives
347 1313 519 1372 εεεεῑ,
550 1317 605 1360 ιιι
634 1323 733 1363 nos
755 1306 873 1378 ejus
897 1308 1077 1379 inopia
1100 1308 1438 1365 ditaremur:
1470 1309 1770 1365 exinanivit

120 1397 304 1450 enim
343 1412 432 1462 se,
466 1408 520 1454 ut
548 1415 738 1456 omnes
765 1403 999 1471 repleret
1034 1403 1102 1474 (11
1130 1403 1248 1458 Cor.
1277 1421 1393 1470 vtit,
1425 1404 1500 1470 9).

218 1490 325 1545 5|.
392 1492 498 1547 Sed
551 1495 824 1564 quomodo
873 1513 1081 1568 pauper
1131 1498 1223 1568 qui
1275 1499 1506 1554 habt-bat
1551 1499 1768 1554 {eterni-

73 1582 283 1637 itatis
343 1581 608 1650 divitias,
663 1597 718 1642 et
789 1589 1180 1658 plenitudinem
1244 1590 1591 1646 divinitatis?
1663 1592 1762 1646 De-

124 1675 321 1745 nique
359 1679 413 1732 in
461 1693 625 1735 carne
661 1691 810 1748 erat,
867 1692 922 1737 et
972 1683 1234 1738 dicebat:
1290 1685 1488 1738 Amodo
1529 1685 1765 1738 videbitis

129 1766 191 1820 F
193 1769 240 1822 il
265 1785 361 1822 um
392 1769 614 1824 hominis
641 1775 902 1827 sedentem
929 1774 999 1827 ad
1023 1775 1287 1828 dexteram
1314 1777 1519 1829 virtutis
1546 1773 1762 1847 (Matth.

1891 556 2017 613 llzrc
2047 567 2131 613 est
2159 559 2302 614 enim
2331 557 2562 617 tentatio
2592 560 2916 629 christiani,
2959 562 3004 616 si
3051 562 3104 616 in
3147 574 3261 615 sua:
3300 563 3500 618 animae

1889 650 2188 720 periculum
2225 651 2588 722 prolabatur:
2636 665 2871 711 mortem
2916 664 3100 710 autem
3146 654 3340 709 timere
3387 668 3497 709 non

1885 756 1968 798 est
1996 743 2373 814 perfectionis.

1954 840 2041 894 54.
2074 839 2287 910 Rogare
2313 851 2495 898 autem
2527 843 2653 914 quis
2681 842 2844 898 debet
2870 851 2926 899 et
2957 857 3056 913 pro
3089 841 3326 896 inimicis
3353 841 3491 906 suis,

1880 943 2041 987 orare
2068 932 2232 987 etiam
2267 948 2364 999 pro
2394 934 2877 1005 persequentibus,
2908 935 3050 990 sicut
3075 933 3342 988 Dominus
3370 947 3495 987 ora-

1882 1023 2002 1088 bat,
2048 1023 2278 1088 dicens;
2329 1025 2521 1093 Pater,
2570 1028 2772 1082 dimitte
2810 1027 2958 1092 illis;
3000 1043 3100 1081 non
3141 1027 3275 1080 enim
3321 1027 3494 1082 sciunt

1879 1117 2002 1182 quid
2061 1119 2261 1189 faciunt
2312 1118 2477 1190 (Luc.
2534 1136 2707 1187 xxnl,
2763 1119 2888 1192 δι).
2941 1120 3079 1177 Vide
3130 1120 3482 1176 clementiam

1876 1225 2146 1280 magnam.
2173 1211 2484 1284 118411Ιὶ
2505 1229 2660 1269 suum
2688 1215 3158 1286 persequebantur
3175 1224 3481 1280 auctorem,

1875 1303 1992 1372 ipse
2019 1303 2349 1359 adversariis
2378 1309 2542 1361 etiam
2573 1307 2757 1378 gravia
2791 1317 3012 1377 peccata
3045 1308 3283 1362 donabat
3309 1324 3323 1374 ;
3353 1309 3481 1378 quin

1873 1396 2033 1450 etiam
2089 1397 2411 1466 ignorantiae
2465 1399 2736 1455 velamine
2791 1401 3088 1455 excusabat
3141 1400 3477 1466 admissum,

1871 1489 2058 1544 dicens
2085 1509 2098 1546 :
2131 1491 2266 1555 Quia
2296 1493 2527 1547 nesciunt
2568 1493 2696 1566 quid
2727 1494 2970 1561 faciunt;
3008 1509 3133 1549 nam
3163 1494 3207 1548 si
3241 1494 3475 1560 scirent,

1873 1580 2160 1636 Dominum
2193 1599 2299 1637 non
2347 1600 2811 1654 persequerentur
2838 1601 3032 1652 suum,
3076 1586 3132 1641 in
3178 1587 3336 1656 cujus
3375 1603 3472 1658 po-

1872 1682 2068 1728 testate
2095 1688 2158 1727 ac
2193 1674 2315 1742 jure
2343 1675 2572 1730 salutem
2603 1691 2726 1732 esse
2757 1691 2910 1731 suam
2941 1677 3367 1733 arbitrarentur.
3403 1677 3470 1733 Et

1867 1764 1990 1834 quia
2025 1781 2130 1820 non
2159 1767 2270 1821 Sola
2301 1767 2505 1822 Christi
2538 1781 2924 1837 persecutores
2954 1773 3072 1842 ejus
3100 1782 3254 1826 erant
3296 1783 3471 1828 morte

124 1876 310 1925 xxvi,
349 1861 476 1927 σι).
509 1862 574 1917 Et
599 1863 726 1917 alibi
756 1874 821 1916 ait
847 1865 1070 1920 Petrum
1099 1867 1271 1923 dicit:
1301 1867 1412 1921 Tibi
1437 1869 1572 1921 dabo
1593 1869 1753 1921 clavet

1869 1858 2142 1915 contenti.
2175 1859 2450 1914 addebant
2491 1863 2785 1917 tnaledicta
2817 1873 2977 1934 atque
3002 1866 3285 1930 convicia,
3317 1875 3378 1921 ut
3401 1866 3477 1922 ait

124 1956 301 2025 regni
343 1955 590 2010 oculorum
632 1956 849 2027 (Matth.
884 1975 1008 2024 xvr,
1064 1961 1171 2030 l9).
1217 1961 1313 2014 llic
1359 1977 1488 2034 ergo
1533 1977 1755 2030 pauper,

119 2046 236 2118 qui
284 2063 514 2118 regnum
564 2051 793 2106 cmleSIe
841 2051 1119 2106 donabat?
1164 2053 1271 2108 Sed
1313 2055 1437 2109 audi
1483 2056 1760 2126 quomodo

124 2155 367 2211 pauper
394 2160 406 2194 :
442 2140 647 2209 Tollite,
682 2144 879 2215 inquit,
902 2149 1090 2217 jugum
1115 2164 1279 2201 meum
1305 2166 1460 2219 super
1483 2165 1572 2203 vos
1595 2167 1614 2214 ;
1639 2151 1760 2216 quia

121 2233 288 2287 mitis
317 2250 437 2287 sum
460 2274 475 2299 ,
519 2245 566 2289 et
611 2237 820 2292 humilis
848 2239 1002 2292 corde
1031 2237 1245 2307 (Matth.
1280 2256 1362 2308 st,
1393 2240 1508 2312 29).
1548 2241 1673 2296 ldco
1703 2251 1760 2296 ct

128 2327 394 2397 populus
420 2328 539 2398 ejus
562 2346 766 2400 pauper
787 2343 891 2398 est,
919 2348 1024 2386 non
1051 2333 1371 2403 indigentia,
1399 2351 1558 2405 quem
1591 2335 1756 2390 divite

125 2419 241 2474 illo
274 2419 480 2490 pepqu
509 2422 665 2476 video
693 2423 981 2490 ditiorem;
1015 2442 1122 2479 non
1157 2426 1332 2480 solum
1361 2425 1504 2480 enim
1533 2429 1754 2482 oracula

129 2513 546 2583 prophrtarum
568 2557 580 2581 ,
610 2517 704 2570 sed
737 2519 902 2571 etiam
932 2521 1308 2588 apostolorum
1343 2523 1539 2576 meruit
1568 2522 1754 2577 divino

128 2606 270 2662 fusa
303 2607 514 2676 Spiritu
547 2609 748 2667 habere
780 2622 1070 2682 praecepta.

223 2701 315 2756 52.
351 2701 465 2757 Νιιιι
498 2719 629 2775 ergo
668 2705 846 2775 inopia
882 2722 1107 2777 pauper,
1141 2707 1236 2764 sed
1282 2724 1482 2780 pauper
1523 2710 1749 2778 spiritu,

131 2794 240 2849 eui
280 2793 488 2849 dictum
523 2808 605 2850 est
634 2814 646 2851 :
680 2795 831 2852 Beati
861 2816 1112 2869 pauperes
1154 2801 1342 2869 spiritu
1365 2817 1384 2855 :
1413 2802 1649 2872 ipsorum
1679 2813 1752 2856 est

134 2887 288 2942 enim
311 2905 524 2957 regnum
553 2891 799 2944 caelorum
829 2891 1042 2963 (Matth.
1079 2909 1131 2959 v,
1160 2894 1250 2965 5).
1281 2893 1422 2950 Vere
1454 2895 1596 2949 beati
1625 2912 1753 2965 pau-

136 2995 316 3052 peres
341 3022 354 3046 ,
395 2981 484 3051 qni
512 2993 844 3052 acceperunt
881 2986 1024 3055 quod
1070 2987 1267 3042 divites
1305 3004 1410 3042 non
1455 2987 1746 3044 habt-bant.

139 3073 238 3129 Ex
271 3074 371 3128 huc
403 3091 632 3130 numero
659 3085 744 3132 est
770 3077 864 3133 ille
895 3079 1247 3150 propheticus
1278 3099 1504 3153 pauper,
1542 3084 1610 3138 de
1644 3099 1752 3153 quo

138 3167 414 3234 Scriptum
444 3177 527 3220 est
552 3185 565 3219 :
600 3166 706 3220 Iste
728 3186 926 3238 pauper
945 3172 1205 3238 clamavit,
1233 3185 1279 3226 et
1313 3173 1566 3228 Dominus
1593 3191 1752 3229 exau-

141 3257 283 3310 divit
311 3273 421 3310 eum
450 3256 636 3325 (Psal.
673 3274 836 3313 sunt
863 3300 878 3324 ,
907 3260 994 3330 6).
1025 3261 1099 3316 Ex
1133 3265 1235 3318 hoc
1268 3267 1468 3334 popqu
1501 3266 1622 3326 ille.
1657 3267 1749 3332 qui
1780 3244 1823 3307 Ο

141 3352 231 3404 ait
251 3367 263 3404 :
283 3351 562 3421 Argentum
580 3361 628 3405 et
646 3369 830 3406 aurum
858 3371 957 3406 non
981 3356 1160 3422 habeo,
1185 3359 1275 3410 sed
1295 3361 1431 3424 quod
1457 3359 1637 3424 habeo,
1659 3364 1753 3414 hoc

145 3445 226 3498 do
262 3446 390 3498 tibi:
427 3443 493 3498 In
535 3446 742 3500 nomine
769 3444 895 3501 Jesu
927 3446 1197 3504 Nazareni
1232 3467 1416 3523 surge,
1450 3464 1498 3508 et
1544 3454 1753 3509 ambula

146 3536 295 3606 (Act.
324 3553 399 3596 ut.
425 3536 503 3608 ti).
535 3538 627 3594 Ille
651 3554 779 3610 ergo
807 3539 1052 3610 panperb
1075 3554 1267 3597 auctor
1289 3545 1472 3614 populi
1502 3547 1754 3616 pauperis

147 3629 286 3685 dicit
314 3649 327 3684 :
359 3629 495 3685 Deus
516 3673 530 3696 ,
574 3632 780 3686 laudem
824 3651 986 3689 meam
1017 3652 1080 3689 ne
1120 3639 1384 3702 tacueris;
1422 3640 1664 3709 quoniam
1696 3655 1752 3693 os

151 3724 437 3792 peccatoris
485 3734 531 3778 et
574 3741 629 3778 os
671 3727 839 3779 dolosi
881 3745 1037 3796 super
1065 3745 1142 3784 me
1181 3743 1418 3801 apertum
1445 3743 1537 3785 est.
1571 3731 1754 3786 Locati

153 3822 274 3869 sunt
310 3829 462 3883 super
491 3832 571 3868 me
611 3815 789 3888 lingua
827 3818 1046 3884 dolosa,
1087 3832 1134 3873 et
1173 3823 1491 3875 sermonibus
1515 3824 1621 3875 odii
1651 3825 1754 3875 cir-

159 3905 523 3960 cumdederunt
554 3925 661 3970 me,
698 3919 744 3962 et
790 3923 1212 3981 expugnaverunt
1237 3931 1314 3965 me
1349 3915 1529 3983 gratis.
1565 3913 1671 3968 Pro
1693 3931 1751 3969 eo

161 4008 216 4053 ut
254 4014 331 4051 me
369 4000 669 4070 diligerent,
719 4002 1056 4056 detrahebant
1106 4003 1230 4055 mihi
1255 4022 1272 4056 :
1313 4021 1404 4073 ego
1432 4015 1604 4060 autem
1632 4023 1753 4060 ora-

163 4091 272 4145 bam
295 4089 459 4163 (Psal.
485 4107 634 4156 cvm,
662 4092 697 4146 2
718 4103 763 4147 et
789 4094 922 4164 seq).
945 4093 1151 4148 Battum
1182 4103 1392 4148 scutum
1417 4099 1617 4164 oratio,
1641 4115 1751 4169 quo

164 4184 334 4237 omnia
356 4183 648 4236 adversarii
672 4185 838 4252 ignita
855 4185 1061 4252 Spicula
1083 4187 1654 4260 repelluntur(Ephcs.
1674 4207 1746 4258 vt,

167 4274 282 4344 16).
314 4271 509 4329 Orabat
541 4289 672 4345 ergo
705 4275 968 4330 Dominus
996 4277 1187 4346 Jesus,
1239 4289 1293 4335 et
1345 4280 1461 4349 ejus
1506 4283 1750 4338 imitator

169 4364 566 4421 Valentinianus
599 4366 811 4422 orabat.

234 4461 315 4516 55.
344 4460 447 4518 Sed
487 4460 628 4516 forte
660 4462 876 4518 dicatur
901 4482 912 4517 :
944 4463 1082 4533 Quid
1107 4466 1156 4520 ei
1181 4465 1378 4534 profuit
1408 4482 1508 4522 sua
1533 4470 1748 4524 oratio?

169 4552 298 4608 Ecce
341 4554 390 4609 in
439 4556 614 4624 primo
664 4556 787 4610 vita:
837 4557 1042 4611 occidit
1093 4572 1274 4613 cursu.
1337 4561 1411 4614 De
1460 4562 1747 4616 celeritate

1867 1950 2014 2020 ipse:
2048 1949 2364 2006 Maledicent
2385 1955 2510 2025 ipsi,
2534 1966 2580 2007 et
2603 1965 2659 2009 tu
2684 1957 2950 2011 benedices
2974 1957 3149 2028 (Psal.
3174 1974 3327 2021 cvttt,
3349 1959 3471 2032 28).

1864 2043 2058 2098 Docuit
2101 2062 2199 2099 nos
2248 2046 2389 2114 quod
2443 2047 2636 2103 timere
2681 2050 2968 2106 maledicta
3017 2054 3467 2122 persequentium

1863 2137 2087 2191 minime
2140 2137 2478 2202 debeamus,
2535 2154 2657 2195 eum
2715 2141 3011 2195 habeamus
3067 2142 3469 2199 benedictionis

1859 2241 2178 2284 auctorem:
2223 2246 2325 2286 nec
2374 2248 2598 2286 movere
2648 2249 2750 2288 nos
2781 2233 3025 2288 convicia
3069 2235 3340 2301 debeant,
3379 2237 3471 2291 ulti

1860 2323 2057 2392 pr.rsul
2090 2333 2170 2377 est
2195 2365 2208 2390 ,
2244 2324 2338 2394 qui
2372 2323 2543 2392 possit
2577 2323 2795 2379 auferre
2826 2325 3137 2380 maledicta.

1931 2417 2018 2471 55.
2052 2415 2192 2485 Quid
2238 2416 2368 2470 illud
2402 2416 2548 2487 quod
2583 2418 2722 2471 mori
2766 2435 2874 2472 non
2920 2418 3141 2472 timuit?
3176 2418 3345 2474 Immo
3369 2433 3468 2488 pro

1858 2510 2116 2564 omnibus
2146 2527 2206 2566 se
2234 2511 2428 2566 obtulit
2461 2522 2482 2548 ο
2511 2510 2698 2566 dicens
2725 2512 2869 2581 quod
2906 2511 3108 2566 frustra
3159 2514 3367 2568 innoxii
3415 2516 3467 2569 in

1861 2603 2117 2658 invidiam
2166 2615 2519 2667 vocarentur,
2563 2604 2704 2674 quod
2753 2605 2953 2658 fruStra
3001 2617 3228 2676 propter
3274 2621 3333 2660 se
3379 2606 3474 2662 alii

1859 2698 2338 2767 periclitarentur:
2373 2699 2590 2765 sibique
2624 2699 2804 2768 pmius
2834 2712 3068 2753 mortem
3108 2701 3368 2766 Optabat,
3401 2715 3470 2756 ne

1857 2794 1973 2862 ipse
2004 2793 2129 2847 aliis
2160 2807 2322 2847 causa
2352 2793 2544 2846 mortis
2575 2800 2743 2847 esset.
2775 2792 2888 2846 lloc
2909 2805 2992 2848 est
3016 2795 3147 2848 illud
3183 2794 3471 2865 Evangeli-

1856 2899 1977 2939 cum
2011 2885 2232 2938 Domini
2280 2883 2332 2938 in
2384 2885 2499 2953 ipsa
2549 2888 2630 2937 sui
2682 2885 2934 2952 captione
2975 2885 3250 2940 dicentis:
3285 2886 3348 2943 Si
3389 2903 3471 2942 me

1855 2980 2104 3049 quaeritis.
2125 2979 2278 3033 sinite
2294 2979 2387 3032 hos
2404 2979 2546 3032 abire
2567 2977 2751 3052 (Joan.
2777 2994 2925 3041 xvttt,
2946 2978 3027 3050 8).
3043 2977 3256 3034 Occidit
3281 2981 3467 3050 itaque

1856 3084 1955 3140 pro
1977 3070 2231 3125 onmibus
2251 3084 2387 3140 quos
2410 3069 2698 3137 diligebat,
2727 3086 2822 3139 pro
2844 3085 2954 3140 quo
2976 3070 3136 3124 amici
3166 3071 3249 3125 sui
3277 3086 3464 3141 parum

1859 3165 2158 3235 putabant,
2192 3163 2235 3218 si
2267 3178 2459 3218 onmes
2493 3165 2756 3230 perirent.

1928 3255 2021 3310 56.
2056 3255 2404 3310 Advertimus
2435 3271 2594 3323 quem
2625 3255 2771 3310 circa
2803 3255 3014 3311 amicos
3044 3271 3175 3311 suos
3206 3255 3466 3312 habuerit.

1855 3353 2130 3413 animum,
2161 3365 2321 3418 quem
2345 3346 2372 3384 ά
2400 3364 2525 3418 erga
2551 3363 2836 3418 germanas
2875 3363 3004 3402 suas
3051 3348 3304 3404 habuerit
3335 3349 3468 3404 alie-

1855 3452 2001 3495 ctum
2023 3441 2462 3496 consideremus.
2485 3440 2540 3493 In
2567 3439 2699 3509 ipsis
2728 3441 3132 3509 requiescebat,
3168 3441 3220 3496 in
3247 3441 3382 3510 ipsis
3408 3457 3468 3497 se

1856 3534 2266 3597 consolabatur,
2305 3535 2355 3587 in
2397 3534 2532 3601 ipsis
2573 3535 2850 3588 relaxabat
2893 3537 3173 3600 animum,
3218 3544 3272 3589 et
3318 3536 3459 3591 fessa

1856 3628 2004 3683 curis
2032 3627 2196 3683 carda
2228 3629 2517 3682 mulcebat.
2557 3626 2799 3696 Rogabat
2845 3642 2936 3681 cas
2960 3667 2977 3691 ,
3011 3638 3063 3681 ιιι
3099 3629 3142 3682 si
3189 3643 3296 3697 quo
3328 3645 3459 3697 pne.

1855 3723 1996 3777 ritiae
2024 3737 2136 3776 sure
2169 3723 2349 3789 lapsu,
2393 3721 2436 3775 si
2469 3735 2722 3774 sermone
2751 3721 2940 3788 aliquo
2979 3721 3204 3775 oll‘ensa:
3233 3737 3259 3772 a
3293 3721 3464 3777 fratre

1855 3815 2192 3878 viderentur,
2223 3815 2567 3882 ignoscerent
2588 3855 2602 3879 ,
2649 3814 2860 3867 veniam
2892 3812 2994 3866 sibi
3024 3829 3053 3866 a
3085 3813 3312 3866 Domino
3348 3814 3459 3868 Deo

1855 3907 2308 3976 deprecarentur.
2341 3904 2550 3970 Manus,
2576 3907 2749 3973 capita
2781 3905 3065 3960 Sororibus
3089 3907 3460 3972 osculabatur,

1856 4005 2145 4059 immemor
2184 3999 2436 4068 imperii,
2472 4013 2682 4052 memor
2707 3999 3126 4068 germanitatis:
3162 4010 3217 4053 ct
3260 4009 3464 4068 quanto

1855 4095 2025 4165 magis
2051 4094 2176 4148 aliis
2209 4092 2498 4162 potestatis
2524 4091 2649 4158 jure
2678 4100 2996 4159 przrstaret,
3042 4092 3146 4147 hoc
3190 4107 3250 4148 se
3292 4095 3462 4164 magis

1855 4187 2111 4243 humilem
2154 4185 2438 4239 sororibus
2479 4181 2791 4237 exhibebat.
2836 4181 3085 4251 Rogabat
3114 4193 3170 4238 ut
3201 4200 3308 4239 non
3343 4200 3458 4240 tne-

1854 4281 2134 4337 miuissent
2167 4277 2410 4346 injurire,
2445 4275 2829 4331 meminissent
2854 4278 3066 4345 gratim.

1923 4374 2011 4428 37.
2055 4371 2344 4428 Acciderat
2370 4378 2428 4422 ut
2454 4368 2723 4438 quoddam
2758 4368 2824 4422 de
2865 4382 3056 4423 earnm
3101 4371 3453 4438 possessiOne

1851 4468 2062 4521 audiret
2113 4463 2425 4532 negotium;
2472 4471 2658 4517 tantus
2705 4461 2853 4518 enim
2901 4474 3056 4529 erat,
3105 4474 3162 4517 ut
3205 4465 3368 4518 ctiam
3401 4466 3456 4519 in

1852 4575 2012 4614 causa
2043 4573 2290 4613 sororum
2324 4570 2516 4626 {Equus
2562 4555 2703 4611 forte
2734 4557 2940 4612 arbiter
2967 4572 2994 4610 a
3029 4557 3463 4627 provincialibus

173 4645 368 4709 mortis,
392 4663 500 4700 non
525 4646 592 4701 de
615 4662 816 4718 genere
838 4647 1051 4718 loquor;
1078 4664 1183 4704 non
1205 4651 1349 4705 enim
1375 4654 1743 4708 accusationis
1777 4635 1821 4693 ἶ)
1850 4653 2218 4708 :estimaretur
2250 4668 2260 4702 :
2291 4649 2434 4719 quod
2462 4649 2564 4702 etsi
2611 4649 2760 4704 circa
2782 4660 3000 4704 sanctas
3026 4649 3461 4705 necessitudines

174 4754 296 4794 voce
321 4750 460 4804 utor,
495 4740 588 4795 sed
631 4741 857 4796 doloris.
893 4741 999 4796 Sed
1032 4743 1192 4798 etiam
1223 4743 1486 4800 Dominus
1513 4747 1740 4813 orabat,

174 4843 222 4886 et
260 4834 542 4888 crucifixus
589 4844 706 4899 est;
753 4813 857 4890 hoc
901 4837 1044 4890 enim
1082 4837 1310 4904 orabat,
1356 4850 1410 4893 ut
1457 4854 1740 4906 peccatum

175 4926 341 4982 mundi
382 4927 614 4984 tolleret.
666 4929 968 4984 Audiamus
1014 4944 1146 5001 ergo
1199 4930 1328 5000 quid
1377 4940 1499 4986 oret
1537 4932 1741 4987 Christi

173 5021 493 5091 discipulus:
547 5023 733 5090 utique
783 5023 926 5093 quod
983 5025 1242 5093 magister
1289 5023 1495 5079 docuit.
1549 5026 1739 5080 Docuit

176 5124 334 5169 autem
364 5125 417 5168 ut
465 5115 748 5186 vigilemus
795 5123 851 5170 et
897 5131 1148 5182 oremus,
1183 5132 1248 5171 ne
1280 5116 1653 5187 ingrediantur
1685 5119 1736 5172 in

241 5230 518 5296 l‘Ailverte,
547 5230 735 5290 lector.
761 5239 964 5296 quanto
980 5229 1160 5283 studio
1183 5228 1330 5283 verbi
1358 5229 1521 5284 divini
1553 5230 1750 5298 prmdi-

177 5303 347 5356 cationi
375 5301 689 5356 incumbere
711 5301 924 5355 solebat
944 5311 1164 5354 sanctus
1195 5303 1469 5365 Antistes;
1500 5302 1747 5371 quando-

178 5371 367 5440 quidem
420 5387 528 5440 quo
577 5372 666 5426 die
716 5373 995 5426 furiebrcm
1051 5371 1392 5439 imperatoris
1442 5375 1743 5428 orationem

181 5442 431 5497 habiturus
454 5455 586 5514 crat.
617 5442 968 5514 Evangelinni
1001 5443 1375 5514 priusipopnlo
1399 5443 1745 5514 interpretari

181 5530 274 5570 non
300 5512 555 5570 otuiserit.
585 5513 690 5566 Sed
719 5529 747 5566 a
779 5512 933 5567 nobis
951 5512 1061 5579 jam
1095 5511 1222 5566 alibi
1252 5511 1596 5568 observatum
1631 5527 1709 5569 ρει
1730 5557 1744 5580 ,

181 5601 286 5659 eum
310 5584 620 5659 quandoque
645 5584 837 5640 eodem
866 5583 958 5638 die
985 5583 1156 5638 semel
1181 5593 1236 5638 et
1262 5584 1453 5638 iterum
1477 5601 1508 5642 e
1529 5594 1748 5659 sugestu

185 5658 318 5713 verba
345 5657 552 5712 feciSse.

245 5729 267 5767 ι’
289 5726 524 5782 Νοιιιιιιηὶ
557 5742 713 5788 mss.,
743 5736 888 5778 actor
912 5725 1093 5792 pepuli
1117 5727 1384 5793 pauperis.

200 5847 209 5862 λ
249 5812 266 5839 ε
295 5801 416 5854 llinc
446 5797 716 5868 intelligas
750 5799 1104 5866 Arbogasti-m
1137 5796 1398 5866 quosdam
1444 5813 1510 5854 ex
1551 5800 1745 5855 amicis

185 5868 514 5931 Valentiniani
544 5871 615 5929 ad
644 5869 831 5925 necem
874 5869 1182 5938 poposcisse
1213 5877 1483 5940 tamquam
1527 5872 1630 5927 sibi
1662 5872 1744 5926 in~

1853 4761 1982 4800 suas
2021 4746 2289 4800 charitate
2329 4743 2727 4813 propenderet,
2775 4754 2954 4797 tamen
3002 4745 3260 4813 pietatem
3303 4759 3458 4799 suam

1845 4839 2056 4911 justitia
2089 4846 2442 4907 temperaret.
2475 4834 2701 4889 Audivit
2749 4839 3034 4906 negotium
3069 4851 3175 4888 non
3206 4834 3273 4889 de
3301 4835 3456 4905 jure,

1850 4934 1943 4990 sed
1969 4935 2036 4987 de
2061 4933 2410 5003 possessione
2434 4931 2646 5001 praedii.
2669 4930 2808 4985 Hinc
2833 4931 3006 5000 pietas
3033 4948 3128 5000 pro
3149 4932 3456 4997 sororibus,

1851 5029 1976 5084 inde
2016 5025 2390 5083 misericordia
2439 5040 2536 5095 pro
2578 5025 2808 5094 orpliani
2852 5039 3016 5080 causa
3065 5025 3354 5088 certabat;
3401 5036 3460 5081 ut

1851 5136 1949 5190 pro
1998 5133 2064 5174 eo
2094 5118 2236 5190 apud
2271 5119 2415 5188 ipsas
2461 5115 2819 5171 interveniret
2848 5130 3089 5171 sorores.
3128 5115 3360 5171 Remisit
3388 5118 3455 5172 ad

1860 5231 2070 5294 fenSos,
2107 5239 2159 5285 ct
2189 5229 2328 5284 forte
2361 5229 2490 5283 iilttd
2520 5237 2604 5282 est
2631 5229 2773 5296 quod
2804 5231 2973 5282 movit
2995 5229 3233 5283 editores
3262 5228 3461 5286 Roma-

1859 5318 1990 5362 nos,
2024 5313 2084 5356 ut
2109 5318 2266 5372 supra
2312 5317 2459 5355 num.
2483 5300 2555 5372 27
2585 5311 2938 5372 reponerent,
2993 5317 3024 5352 a
3052 5300 3234 5371 quibus
3272 5302 3362 5355 ille
3408 5320 3462 5356 se

1857 5375 2036 5426 timere
2066 5371 2264 5426 dicebat
2284 5414 2298 5435 ,
2330 5375 2468 5426 sicut.
2499 5371 2694 5424 ibidem
2727 5371 3075 5425 observatum
3108 5383 3210 5424 est.

1928 5441 1954 5480 ἀ
2001 5443 2380 5498 Valentiniano
2433 5457 2652 5496 sorores
2699 5453 2808 5496 tres
2857 5442 3022 5497 fuisse
3073 5443 3457 5508 reperiuntur,

1857 5513 2037 5578 Iusta,
2072 5513 2263 5578 Grata,
2294 5525 2340 5566 et
2371 5511 2544 5566 Galla.
2575 5513 2710 5566 Cum
2735 5526 2912 5566 autem
2939 5511 3053 5566 Inrc
3084 5513 3270 5566 ultima
3291 5553 3307 5581 ,
3339 5531 3458 5580 qua:

1857 5595 2116 5652 nupsi-rat
2137 5585 2444 5638 'l‘hendosio
2467 5625 2481 5648 ,
2505 5584 2616 5651 jam
2649 5582 2899 5638 ιΙνΐιιιιριιι
2929 5591 3104 5645 esset,
3136 5586 3458 5651 relinquitur

1859 5658 2068 5725 priores
2100 5664 2306 5708 tantum
2335 5655 2470 5709 duas
2520 5654 2643 5708 huic
2679 5653 2908 5708 orationi
2943 5655 3288 5719 interfuisse,
3320 5670 3458 5725 quas

1855 5735 2129 5795 perpetua:
2144 5725 2466 5796 virginitatis
2479 5740 2733 5780 servasse
2754 5727 3091 5795 propositum
3108 5725 3175 5780 ad
3191 5727 3348 5797 epist.
3365 5727 3455 5797 55,

1856 5798 2252 5851 annotavimus.
