4022 6192
570 296 703 354 1371

1919 287 2169 353 SANCTI
2204 287 2535 353 MlBROSll

3802 291 3959 351 13τέ

562 415 799 484 jmlicem
828 411 1103 484 publicum
1131 411 1429 483 negotium,
1454 426 1521 471 ne
1548 421 1639 471 aut
1660 412 1764 487 jus.
1795 420 1890 475 aut
1915 411 2169 483 pietatem
2199 411 2254 475 Α
2347 409 2438 467 41.
2473 408 2592 469 Non
2624 407 2790 483 igitur
2818 406 2971 471 velut
3000 416 3022 446 ε
3050 406 3313 481 penicillo
3343 406 3595 479 quodam
3636 390 3959 465 sermonis

566 507 812 562 laederet.
864 504 1124 561 Privatim
1183 515 1401 579 tamen,
1456 516 1717 577 quantum
1769 521 1835 569 ex
1891 504 2172 577 proposito

569 598 831 655 nobilium
866 597 1174 673 puellarum
1204 597 1574 664 advertimus,
1609 599 1756 666 pium
1786 597 1997 657 sanctis
2022 612 2175 655 soro-

568 690 721 746 ribus
760 690 1038 759 impressit
1062 689 1315 746 affectum
1344 707 1359 757 ;
1398 699 1459 746 ut
1493 690 1831 747 concedendi
1861 690 2050 762 praedii
2080 705 2176 745 vo-

567 783 835 839 luntatem
886 782 1180 851 haberent,
1230 783 1488 845 indicium
1538 784 1754 840 darent.
1808 783 1949 841 Vere
1988 782 2176 855 dignae

570 882 725 931 tanto
770 874 940 933 fratre
978 889 1288 947 germanae,
1322 884 1348 911 λ
1392 891 1512 947 qua:
1565 875 1618 931 id
1662 876 1807 947 quod
1855 886 2030 939 mater
2071 877 2175 933 sibi

569 968 895 1039 reliquerat,
931 967 1155 1022 mallent
1183 967 1251 1027 de
1282 983 1383 1027 suo
1410 969 1591 1040 potius
1617 970 1741 1041 jure
1763 970 1980 1038 laxare,
2012 984 2174 1041 quam

570 1063 794 1118 fratrem
828 1063 880 1117 in
911 1076 1007 1116 sua
1040 1077 1205 1119 causa
1233 1062 1619 1123 verecundiam
1648 1063 1946 1129 sustinere.

645 1158 733 1212 58.
768 1156 895 1211 llaec
926 1165 1010 1211 est
1034 1155 1189 1210 vobis
1209 1197 1224 1225 ,
1258 1164 1462 1211 sanctte
1490 1157 1707 1231 animm,
1738 1154 2030 1223 bmreditas
2057 1171 2180 1229 pre-

572 1247 764 1302 tiusior
795 1246 1049 1303 fraternae
1081 1245 1258 1303 laudis
1286 1258 1341 1304 et
1366 1248 1589 1319 gloriae,
1625 1247 1709 1303 his
1737 1262 1836 1304 vos
1866 1249 1989 1317 pius
2013 1248 2179 1309 frater

575 1339 877 1396 nobiliores
924 1350 980 1395 et
1024 1340 1253 1399 ditiores
1301 1333 1576 1408 reddidit,
1618 1340 1707 1412 qui
1761 1342 1974 1425 1185
2020 1349 2183 1413 caput

578 1446 820 1490 vestrum
854 1450 961 1488 non
991 1434 1225 1506 gemmis
1256 1435 1556 1502 onerabat,
1588 1434 1685 1490 sed
1716 1434 1955 1491 osculis:
1987 1450 2183 1495 manus

579 1538 791 1583 vestras
815 1545 919 1583 non
948 1537 1056 1583 tam
1082 1530 1353 1600 regalibus
1376 1529 1653 1585 ambiebat
1672 1529 2001 1602 insignibus,
2021 1545 2180 1602 quam

581 1623 933 1691 imperatorio
977 1638 1074 1680 ore
1123 1624 1417 1681 lambebat.
1469 1624 1524 1680 In
1575 1636 1772 1681 vestrae
1817 1625 1992 1680 fructu
2042 1642 2181 1696 prte-

2277 502 2388 560 mei
2425 509 2638 559 vestras
2685 501 2994 583 abstergam
3040 500 3353 581 lacrymas;
3408 516 3600 573 neque
3659 502 3842 559 enim
3894 503 3933 556 id

2276 596 2463 659 facere
2491 597 2695 653 vellem
2716 637 2733 664 ,
2762 594 2977 659 etiamsi
3006 609 3222 666 possem
3252 611 3264 647 :
3300 603 3384 650 est
3413 595 3571 653 enim
3602 593 3735 665 piis
3774 594 3931 649 δεῖρε.
3958 640 3959 643 η

2281 689 2425 745 tibus
2452 689 2703 762 quaedam
2739 688 2906 744 etiam
2947 686 3115 747 flendi
3155 687 3414 756 voluptas
3437 729 3452 754 ,
3485 696 3543 743 et
3574 672 3959 759 plerumque?

2278 782 2457 853 gravis
2489 781 2749 853 lacrymis
2778 789 3047 852 evaporat
3079 779 3258 835 dolor.
3293 779 3402 836 Sed
3437 779 3493 836 id
3539 782 3839 851 postulo,
3877 799 3936 838 ne

2279 874 2364 930 vel
2398 873 2625 931 infixum
2659 872 2871 944 pectori
2902 881 3086 929 vestro
3115 871 3337 935 fratrem
3366 871 3386 911 ί
3416 872 3575 928 duris
3603 875 3933 945 gemitibus

2282 965 2597 1033 revellatis,
2633 965 2719 1022 vel
2750 965 3017 1031 avertatis
3046 964 3387 1036 planctibus,
3423 966 3508 1021 vel
3542 971 3932 1043 requiescen-

2283 1066 2390 1114 tem
2423 1056 2695 1115 excitetis.
2731 1055 2831 1112 llle
2864 1055 3020 1111 vobis
3051 1065 3267 1110 maneat
3296 1056 3350 1112 in
3379 1055 3583 1125 corde,
3624 1058 3737 1114 ille
3790 1061 3931 1117 vivat

2281 1153 2335 1209 in
2362 1162 2584 1224 pectore
2608 1193 2623 1225 ,
2654 1151 2749 1211 ille
2775 1149 3122 1222 amplexibus
3150 1148 3255 1222 piis
3282 1149 3481 1213 haereat
3504 1191 3520 1218 ,
3554 1160 3618 1207 ut
3652 1153 3928 1211 solebat:

2282 1247 2375 1303 ille
2421 1246 2666 1303 fraterna
2717 1244 2903 1300 oscula
2950 1251 3193 1316 premat,
3245 1243 3336 1300 ille
3382 1259 3609 1316 semper
3646 1246 3710 1302 in
3746 1249 3926 1302 oculis

2282 1340 2388 1406 sit,
2422 1353 2643 1408 semper
2670 1337 2726 1393 in
2752 1337 2992 1406 osculis,
3021 1351 3241 1408 semper
3268 1336 3322 1392 in
3343 1336 3606 1407 alloquiis
3634 1379 3653 1404 ,
3690 1354 3924 1410 semper

2283 1433 2337 1487 in
2364 1431 2674 1488 mentibus:
2708 1430 2806 1487 ille
2827 1430 2940 1502 jam
2972 1430 3116 1499 talis,
3151 1440 3208 1486 ut
3234 1431 3284 1486 ei
3315 1429 3456 1486 nihil
3486 1432 3745 1489 timentis
3781 1436 3923 1495 sicut

2283 1536 2431 1583 ante.
2457 1524 2870 1583 Obliviseamini
2891 1524 3009 1598 ejus
3028 1541 3352 1594 aerumnam,
3377 1529 3617 1584 teneatis
3642 1533 3917 1602 gratiam.

2286 1620 2381 1677 llle
2405 1621 2563 1677 vobis
2587 1620 2945 1676 auxiliaturus
2964 1629 3245 1692 speretur,
3270 1620 3366 1676 ille
3393 1621 3657 1677 noctibus
3697 1626 3922 1701 1m

581 1716 771 1771 sentiae
797 1730 961 1771 omne
990 1717 1224 1785 ponebat
1253 1716 1509 1771 solatium
1529 1758 1544 1783 ,
1582 1726 1643 1773 ut
1682 1732 1783 1773 nec
1815 1718 1987 1788 ipsam
2017 1718 2185 1777 nimie

2314 1711 2487 1771 irtesul
2517 1711 2777 1775 assistat,
2816 1708 2971 1766 illum
3004 1726 3032 1765 a
3064 1711 3219 1767 vobis
3242 1711 3355 1781 jam
3385 1728 3488 1767 nec
3516 1729 3774 1773 somnus
3821 1734 3917 1773 ex-

583 1806 917 1865 deeideraret
952 1822 1199 1863 uxorem.
1234 1807 1363 1869 ideo
1392 1809 1610 1879 nuptias
1648 1809 1965 1875 differebat,
2000 1810 2028 1848 ι»
2060 1813 2184 1883 quia
2218 1804 2264 1867 Β
2289 1802 2492 1860 cludat.
2511 1801 2936 1877 Propterjpsum
2960 1801 3200 1863 delectet
3219 1804 3400 1875 quies,
3427 1812 3487 1858 ut
3509 1806 3677 1863 vobis
3702 1813 3917 1881 gratior

590 1900 709 1971 plus
736 1915 860 1956 eum
886 1909 1084 1958 vestra;
1107 1903 1300 1974 gratiae
1324 1903 1584 1974 pascebat
1606 1903 1855 1965 atrocius.
1884 1905 2012 1965 um
2032 1906 2189 1965 νοωε
2290 1906 2621 1954 revertatur.
2650 1896 2709 1953 In
2734 1896 2889 1953 vobis
2915 1904 3033 1964 est,
3067 1896 3195 1953 filia:
3214 1939 3230 1968 ,
3260 1905 3322 1953 ut
3347 1897 3579 1956 fratrem
3608 1902 3784 1961 vobis
3808 1903 3914 1975 jam

589 1992 868 2050 desiderio
910 1995 1177 2068 amplius,
1225 2012 1389 2069 quam
1430 1997 1611 2055 dolori
1656 1998 1801 2066 sint;
1849 2008 1909 2055 ut
1952 1998 2190 2058 fraterna

589 2088 761 2159 gloria
796 2088 914 2160 plus
943 2089 1150 2146 reficiat
1182 2101 1452 2160 mentem,
1499 2108 1662 2166 quam
1709 2093 1869 2150 dolor
1916 2102 2188 2166 torqueat.

591 2181 832 2239 Pascuut
859 2181 1169 2255 frequenter
1194 2192 1251 2240 et
1278 2186 1554 2260 laerymm,
1584 2196 1639 2243 et
1661 2199 1897 2249 mentem
1924 2189 2189 2249 allevant:

594 2273 753 2331 fletus
778 2275 1105 2347 refrigerant
1131 2284 1353 2349 pectus,
1385 2288 1440 2335 et
1481 2288 1736 2336 moestum
1775 2280 2025 2339 solantur
2060 2281 2193 2339 εσθ-

590 2375 761 2423 ctum.

668 2459 759 2514 '59.
812 2459 1013 2517 Durum
1059 2460 1280 2534 quidem
1325 2463 1487 2520 funus
1516 2463 1755 2532 videtis;
1805 2465 1903 2529 sed
1934 2467 2114 2527 stabat
2143 2477 2198 2531 et

596 2561 783 2609 sancta
817 2552 980 2609 Maria
1007 2553 1168 2626 juxta
1198 2571 1417 2614 crucem
1451 2557 1602 2625 Filii,
1633 2566 1690 2614 et
1718 2560 2002 2630 spectabat
2029 2560 2200 2632 Virgo

598 2645 682 2700 sui
713 2644 975 2716 unigeniti
997 2646 1330 2719 passionem.
1355 2649 1603 2707 Stantem
1630 2650 1779 2709 illam
1808 2652 1949 2725 lego,
1975 2652 2198 2712 ﬂentem

600 2751 709 2794 non
753 2738 894 2809 lego.
933 2737 1092 2796 Unde
1138 2740 1278 2797 dixit
1324 2743 1374 2798 ei
1415 2741 1627 2800 Filius:
1662 2742 1876 2812 Mulier,
1920 2761 2037 2802 ecce
2057 2745 2202 2819 ﬁlius

599 2840 741 2887 tuus.
789 2832 857 2887 Et
900 2831 1157 2906 discipulo
1184 2833 1363 2891 dixit:
1395 2834 1532 2892 Ecce
1559 2845 1724 2893 mater
1751 2847 1840 2893 tua
1864 2835 2050 2908 (Joan.
2085 2854 2200 2903 nx.

600 2925 703 2993 26,
740 2924 885 2998 27);
929 2924 1302 2989 luereditatem
1346 2927 1456 2983 illis
1483 2929 1765 2987 charitatis
1793 2944 1905 2987 suae
1932 2939 1990 2989 et
2012 2931 2206 3005 gratiae

601 3016 1009 3089 derelinquens.
1056 3019 1112 3074 in
1154 3035 1263 3091 quo
1290 3020 1446 3076 vobis
1468 3062 1482 3089 ,
1538 3023 1622 3093 pia
1654 3022 1914 3096 pignora,
1947 3024 2205 3097 quoniam

603 3108 826 3166 fratrem
869 3120 1108 3167 vestrum
1142 3127 1365 3169 servare
1410 3124 1635 3185 propter
1663 3131 1787 3179 mea
1829 3126 2047 3187 peccata
2092 3131 2204 3177 non

2293 2009 2454 2050 nemo
2488 1996 2661 2066 possit
2687 1993 2928 2053 auferre.

2362 2087 2454 2146 42.
2486 2086 2593 2144 Sed
2626 2102 2827 2160 corpus
2851 2087 2971 2160 ejus
2999 2095 3186 2144 tenere
3210 2086 3538 2151 desideratis
3559 2131 3576 2159 ,
3631 2089 3913 2146 tumulum

2294 2178 2639 2236 circumfusa:
2668 2180 2889 2243 tenetis.
2920 2178 3019 2235 llle
3060 2178 3305 2237 tumulus
3343 2179 3532 2236 fratris
3561 2180 3732 2243 vobis
3759 2183 3916 2237 babi-

2298 2275 2430 2329 tatio
2479 2273 2589 2341 sit,
2638 2273 2731 2329 ille
2778 2272 2850 2329 sit
2878 2272 2999 2337 aula
3043 2273 3275 2344 palatii,
3315 2273 3369 2330 in
3398 2289 3509 2345 quo
3544 2274 3724 2333 chara
3761 2276 3914 2332 vobis

2298 2364 2546 2420 membra
2570 2364 2943 2435 requiescent.

2371 2457 2460 2512 45.
2493 2456 2649 2525 Quod
2676 2458 2722 2513 si
2755 2473 2842 2513 me
2872 2458 2938 2513 ad
2969 2457 3121 2515 illum
3152 2460 3426 2515 revocatis
3453 2458 3741 2531 dolorem,
3775 2461 3915 2534 qu‘nd

2300 2551 2408 2606 cito
2434 2553 2669 2607 excessit
2699 2568 2730 2607 e
2756 2552 2862 2607 vita
2892 2569 2904 2605 :
2939 2567 3042 2609 nec
3068 2568 3169 2624 ego
3191 2553 3374 2610 abnuo
3405 2555 3707 2613 immatura
3734 2556 3919 2613 obisse

2302 2652 2495 2714 aetate,
2528 2659 2690 2716 quem
2726 2655 2931 2700 nostra:
2961 2645 3087 2701 vitae
3134 2646 3476 2718 temporibus
3505 2646 3711 2705 fulcire
3755 2664 3917 2721 cupe-

2305 2754 2525 2807 remus;
2560 2747 2618 2794 ttt
2648 2749 2672 2785 ε
2704 2739 2773 2795 de
2804 2738 3005 2795 nostris
3036 2741 3195 2795 annis
3226 2740 3463 2807 viveret,
3495 2744 3589 2813 qui
3621 2741 3783 2815 fungi
3814 2758 3918 2799 non

2309 2835 2481 2904 potuit
2510 2834 2647 2889 suis.

2376 2923 2470 2981 44.
2534 2924 2644 2983 Sed
2688 2939 2879 2995 quaero
2918 2935 3098 2985 utrum
3153 2927 3350 2999 aliquis
3393 2926 3466 2983 sit
3509 2937 3637 3001 post
3678 2938 3918 2987 mortem

2307 3032 2534 3084 sensus,
2577 3022 2657 3073 an‘
2693 3019 2923 3075 nullus?
2964 3020 3020 3077 Si
3065 3034 3181 3093 est,
3223 3022 3397 3088 vivit;
3444 3023 3613 3081 immo
3641 3025 3773 3094 quia
3802 3035 3916 3091 est,

2310 3113 2415 3168 vita
2438 3113 2551 3185 jam
2595 3110 2792 3168 fruitur
2819 3123 3045 3170 aeterna.
3079 3114 3365 3183 Quomodo
3394 3117 3543 3174 enim
3588 3131 3704 3173 non
3756 3117 3919 3176 habet

604 3206 819 3275 merui,
850 3206 1104 3263 affectum
1128 3216 1411 3278 paternum
1443 3208 1705 3269 exhibere
1743 3210 2019 3277 desidero.
2050 3211 2204 3269 Illum
2233 3189 2279 3252 C
2311 3223 2535 3265 sensum
2558 3249 2575 3278 ,
2607 3207 2764 3278 cujus
2790 3210 2970 3265 anima
3018 3210 3180 3277 vivit,
3229 3220 3287 3266 et
3332 3212 3506 3284 viget,
3548 3222 3603 3268 et
3644 3214 3918 3270 remeabit

604 3300 824 3354 intueor
854 3299 906 3354 in
935 3299 1090 3355 vobis
1111 3343 1126 3365 ,
1158 3299 1311 3357 illum
1342 3309 1533 3366 teneo,
1566 3301 1718 3359 illum
1752 3311 1884 3377 pulo
1921 3318 2044 3361 esse
2073 3303 2203 3369 mihi

606 3400 975 3463 prtesentem;
1025 3392 1192 3447 immo
1243 3403 1285 3433 ct
1318 3404 1608 3463 utrumque
1653 3409 2014 3466 germanum,
2071 3409 2208 3469 quos

601 3485 755 3540 velut
775 3486 964 3540 oculos
986 3485 1114 3541 mihi
1139 3485 1367 3542 effossos
1389 3487 1643 3545 arbitror.
1664 3487 1900 3547 Felicius
1920 3488 2207 3560 episcopos

604 3584 1007 3648 persequuntur
1037 3578 1397 3648 imperatores
1424 3619 1441 3643 ,
1490 3594 1652 3646 quam
1699 3580 1950 3655 diligunt.
1992 3581 2208 3650 Quanto

603 3668 734 3725 mibi
764 3670 978 3727 beatius
1004 3670 1269 3727 Maximus
1301 3672 1650 3728 minabatur?
1684 3674 1736 3727 In
1770 3674 1917 3731 illius
1938 3674 2064 3731 odio
2086 3675 2207 3731 laus

601 3774 723 3821 erat
743 3806 758 3831 ,
790 3765 843 3820 in
874 3764 1069 3820 horum
1102 3780 1290 3822 amore
1321 3761 1348 3802 ά
1379 3765 1632 3837 supplicii
1674 3764 1863 3825 feralis
1889 3766 2205 3827 hatreditas.

603 3855 862 3922 Utinam,
911 3856 1041 3924 filii,
1098 3871 1199 3927 pro
1246 3856 1401 3914 vobis
1456 3859 1711 3928 liquisset
1758 3860 1901 3917 hunc
1953 3860 2206 3933 spiritum

604 3948 876 4005 fundere!
925 3947 1322 4022 Compendium
1371 3950 1577 4007 doloris
1620 3952 1969 4021 inveneram,
2004 3964 2061 4011 et
2086 3953 2205 4026 διο.

604 4042 804 4098 riosius
835 4043 965 4097 mihi
993 4041 1174 4102 fuerat
1197 4059 1297 4115 pro
1324 4046 1491 4102 tantis
1522 4046 1677 4104 obire
1706 4047 2041 4120 pignoribus.

677 4136 765 4191 40.
801 4136 908 4192 Sed
941 4138 1007 4195 ad
1039 4148 1278 4196 vestram
1300 4178 1315 4205 ,
1354 4148 1559 4205 sanetae
1590 4140 1744 4207 filiae,
1777 4141 2208 4199 consolationem

601 4236 875 4296 revertar,
925 4231 1179 4300 quamvis
1221 4245 1402 4287 rerum
1454 4241 1736 4303 gestarum
1786 4233 2060 4297 acerbitas
2101 4234 2208 4291 vim

602 4336 823 4377 omnem
864 4322 1258 4378 consolationis
1301 4320 1611 4381 absorbeat.
1641 4322 1775 4393 Qum
1815 4323 1858 4379 si
1891 4324 2071 4381 brevis
2100 4327 2210 4393 sit,

602 4417 736 4475 nihil
765 4415 927 4475 afl‘ert
965 4430 1074 4485 quo
1120 4423 1373 4477 moestum
1419 4416 1673 4475 affectum
1717 4416 2075 4477 demulceat:
2120 4420 2207 4485 sin

602 4510 889 4582 prolixior,
934 4508 1237 4580 longiorem
1288 4508 1449 4566 affert
1494 4508 1923 4567 admonitionem
1974 4512 2208 4573 doloris.

2309 3300 2377 3356 ad
2408 3315 2642 3370 corpus;
2677 3307 2733 3365 et
2767 3302 2925 3358 faciet
2968 3301 3142 3373 illud,
3170 3316 3293 3357 eum
3322 3303 3505 3359 refusa
3536 3303 3736 3368 fuerit,
3770 3307 3917 3360 revi-

2309 3394 2560 3461 viscere?
2585 3394 2799 3450 Clamat
2830 3395 3164 3467 Apostolus:
3202 3394 3466 3452 Nolumut
3504 3412 3593 3459 vos
3636 3397 3918 3468 ignorare,

2310 3492 2498 3560 fratres
2516 3527 2531 3554 ,
2566 3487 2629 3543 de
2657 3487 3027 3549 dormientibus
3052 3531 3067 3555 ,
3093 3499 3273 3544 utnon
3300 3490 3470 3543 triste:
3494 3490 3615 3544 siti:
3630 3530 3649 3560 ,
3699 3493 3839 3547 sieta
3874 3503 3917 3547 et

2310 3583 2481 3649 caeteri
2520 3585 2608 3654 qui
2648 3600 2791 3653 apem
2838 3599 2938 3639 non
2963 3583 3170 3639 habent.
3206 3582 3338 3639 Nam
3383 3583 3427 3638 si
3465 3584 3739 3639 credimus
3786 3586 3916 3659 quod

2310 3675 2464 3731 Jesus
2489 3684 2725 3739 mortuus
2753 3687 2828 3735 est
2848 3719 2864 3744 ,
2897 3688 2942 3737 et
2966 3679 3290 3743 resurrexit;
3320 3678 3391 3732 ita
3427 3686 3473 3731 et
3505 3674 3643 3730 Deus
3677 3677 3808 3735 illos
3837 3681 3915 3752 qui

2312 3770 2634 3831 dormierunt
2680 3788 2771 3845 per
2811 3770 3024 3840 Iesum,
3056 3771 3278 3833 adducet
3303 3788 3419 3825 cum
3443 3787 3502 3825 eo
3530 3768 3593 3843 (l
3618 3768 3810 3828 Thess.
3840 3787 3911 3841 tv,

2312 3862 2414 3931 i2,
2459 3863 2583 3934 15).
2627 3862 2805 3919 Manet
2834 3879 2965 3934 ergo
3008 3877 3104 3919 eos
3133 3864 3278 3930 vita,
3329 3877 3467 3935 quos
3511 3872 3694 3918 manet
3726 3878 3909 3923 resur-

2315 3955 2506 4016 rectio.

2384 4044 2474 4100 45.
2505 4045 2661 4116 Quod
2691 4046 2737 4101 si
2764 4055 2954 4121 gentes
2973 4087 2987 4114 ,
3020 4060 3142 4118 qua:
3169 4061 3319 4119 spem
3364 4047 3783 4105 resurrectionis
3806 4062 3907 4105 non

2315 4136 2547 4204 habent,
2581 4138 2682 4194 boc
2708 4154 2817 4194 uno
2845 4152 2903 4193 se
2929 4139 3302 4207 consolantur,
3334 4139 3479 4213 quod
3505 4139 3690 4197 dicant
3716 4137 3744 4177 δ
3773 4139 3906 4212 quod

2314 4229 2493 4295 nullus
2522 4240 2639 4301 post
2683 4241 2915 4288 mortem
2957 4247 3150 4291 sensus
3186 4232 3258 4287 sit
3282 4232 3661 4297 defunctorum
3682 4274 3697 4299 ,
3724 4248 3790 4289 ac
3814 4248 3905 4305 per

2316 4325 2417 4379 ltoc
2458 4324 2638 4380 nullus
2684 4335 2966 4382 remaneat
3004 4339 3201 4382 sensus
3242 4325 3488 4381 doloris:
3518 4334 3718 4398 quanto
3747 4326 3903 4397 magis

2315 4432 2415 4483 uos
2462 4418 2891 4481 consolationem
2940 4419 3187 4490 recipere
3232 4418 3548 4487 debemus;
3600 4420 3722 4491 quia
3770 4434 3903 4475 mors

2315 4513 2602 4572 metuenda
2638 4528 2744 4571 non
2784 4514 2886 4580 sit,
2934 4529 3003 4569 eo
3052 4512 3196 4584 quod
3243 4512 3366 4573 finis
3410 4514 3484 4569 sit
3532 4524 3901 4585 peccatorum:

600 4602 723 4672 Quo
749 4601 893 4659 enim
926 4601 1189 4671 prolixior
1218 4600 1384 4656 fueris
1403 4645 1418 4668 ,
1450 4600 1554 4659 ltoc
1584 4602 1763 4674 magis
1792 4604 1844 4658 in
1873 4606 2210 4673 consolando
2232 4585 2288 4648 Ῐ)
2315 4607 2422 4662 vita
2464 4617 2645 4663 autem
2696 4606 3031 4681 desperanda
3083 4621 3190 4669 non
3220 4606 3324 4673 sit,
3354 4620 3477 4677 qua:
3515 4609 3904 4673 resurrectione

602 4694 813 4752 afficies
832 4710 958 4753 eum
980 4736 997 4763 .
1023 4709 1186 4767 quem
1209 4695 1485 4755 consolari
1510 4695 1670 4767 velis,
1691 4707 1751 4758 et
1774 4696 1978 4760 diutius
2003 4715 2208 4767 nitere-

605 4804 722 4846 rem
753 4788 874 4860 ejus
904 4788 1139 4845 tenebis.

680 4915 705 4945 ει
735 4904 938 4961 Omnes
960 4904 1127 4977 edit.,
1153 4920 1271 4976 qua:
1292 4906 1339 4960 ei
1364 4905 1504 4977 quod
1535 4916 1698 4964 mater
1720 4922 1740 4963 :
1767 4921 1898 4964 mss.
1933 4923 2065 4966 vero
2092 4923 2208 4966 me-

606 4979 741 5040 lius.
770 4993 888 5047 quie
912 4976 968 5032 id
992 4978 1131 5046 quod
1161 4987 1348 5033 mater.

678 5048 941 5127 POmnes
991 5048 1124 5127 edit_.
1156 5058 1385 5127 et_mss.
1419 5049 1659 5123 aliquot,
1708 5051 1832 5122 quia
1873 5051 1997 5127 pius
2044 5068 2159 5107 eum
2190 5067 2210 5108 :

608 5120 803 5191 reliqui
835 5135 991 5185 mss.,
1024 5121 1147 5189 quia
1177 5120 1293 5187 plus
1323 5139 1460 5176 eum.

680 5199 703 5227 ο
736 5192 1056 5265 Gratianum
1096 5200 1152 5248 et
1185 5191 1654 5260 Valentinianum,
1697 5193 1750 5250 in
1796 5208 1933 5265 quos
1962 5208 2206 5253 amorem

606 5280 762 5321 suum
797 5306 812 5329 ,
868 5263 1112 5334 qualibet
1162 5267 1449 5336 occasione
1503 5277 1670 5331 nata,
1730 5263 2040 5336 significare
2100 5281 2208 5325 non

607 5336 992 5405 praetermittit.
1017 5335 1172 5403 Quod
1204 5345 1381 5391 autem
1408 5337 1473 5391 ad
1502 5340 1678 5391 minas
1704 5335 1945 5403 unum,
1973 5353 2206 5407 quarum

607 5410 869 5480 continuo
899 5420 1019 5473 poet
1046 5409 1252 5480 mentio
1276 5408 1531 5480 habetur,
1559 5408 1807 5466 adeunda
1838 5417 1925 5473 est
1952 5410 2114 5480 epist.
2136 5409 2207 5464 24

607 5479 672 5533 ad
711 5479 1145 5533 Valentinianum
1179 5478 1327 5534 hunc
1352 5478 1648 5536 destinata.

679 5549 703 5589 ἀ
738 5549 1001 5638 supplied
1025 5549 1216 5638 feralis
1237 5590 1251 5615 ,
1289 5549 2209 5638 ξάῃθεικωμικοῖς,-ἰιιηιιίιμΝιιῃς

612 5623 755 5678 nius.
789 5620 994 5677 Feralis
1023 5620 1110 5677 hic
1140 5637 1246 5677 non
1278 5637 1307 5677 ιι
1341 5621 1457 5679 fera
1486 5623 1708 5689 dicitur,
1735 5625 1829 5680 sed
1861 5639 1892 5678 tt
1928 5620 2088 5688 feriis
2108 5663 2123 5688 ,
2151 5622 2209 5687 id

612 5706 715 5757 est,
743 5694 951 5749 inferiis
979 5701 1337 5748 mortuorum.
1374 5694 1471 5757 Est
1496 5704 1679 5751 autem
1714 5695 1800 5751 hic
1828 5696 2011 5757 feralis
2034 5693 2216 5761 haeres

620 5762 795 5828 ditas,
831 5764 972 5818 idem
1021 5765 1163 5839 quod
1195 5768 1537 5839 exequialis;
1584 5782 1941 5839 quaecumque
1979 5765 2125 5823 enim
2148 5764 2217 5829 ad

622 5840 867 5887 mortuos
896 5837 1206 5903 pertinent,
1234 5837 1422 5895 feralia
1453 5837 1728 5898 dicuntur.
1762 5837 1979 5895 lta'ille.
2083 5909 2087 5912 ι

2317 4700 2637 4771 reparatur?
2660 4700 2763 4761 Job
2791 4716 3004 4772 quoque
3027 4700 3188 4764 docet
3215 4714 3314 4757 nec
3342 4709 3577 4763 mortem
3608 4700 3902 4761 timendam.

2318 4800 2374 4848 et
2410 4793 2591 4864 potius
2631 4792 2922 4865 optandam
2955 4792 3087 4864 piis,
3121 4791 3307 4859 dicens
3338 4809 3351 4844 :
3385 4790 3603 4849 Utinam
3631 4792 3685 4846 in
3715 4792 3905 4861 inferno

2388 4918 2413 4947 ε
2454 4908 2747 4965 Penicillus
2776 4909 2876 4965 etsi
2925 4908 3147 4979 proprie
3185 4924 3253 4963 ex
3294 4908 3597 4978 peniculis,
3646 4907 3749 4963 hoc
3795 4917 3903 4967 est.

2315 4982 2511 5062 caudis
2532 4982 2847 5062 animalium
2875 4989 3125 5047 constet,
3148 4980 3354 5050 quibus
3372 4980 3620 5062 pistores
3653 4979 3902 5035 inducen-

2313 5051 2398 5108 dis
2429 5052 2703 5108 coloribus
2734 5063 2989 5118 utuntur;
3021 5067 3128 5105 non
3162 5046 3342 5105 tamen
3372 5046 3689 5120 infrequens
3715 5064 3796 5106 est
3818 5066 3904 5106 eos

2312 5139 2413 5193 pro
2439 5122 2680 5195 spongiis
2708 5124 2961 5194 uSnrpari
2979 5165 2994 5189 ,
3020 5123 3298 5195 quomodo
3321 5120 3376 5176 in
3404 5121 3671 5177 Eunucho
3690 5122 3900 5179 Terent.

2312 5207 2539 5262 actn‘iv,
2569 5194 2653 5251 se.
2683 5196 2736 5251 7.
2769 5194 2862 5251 Sic
2890 5195 2953 5250 Ι).
2986 5194 3252 5259 Nannius.

2390 5266 2408 5305 ί
2432 5268 2506 5321 Ita
2535 5282 2726 5324 omnes
2751 5282 2908 5331 mss.;
2933 5280 3129 5337 omnes
3145 5279 3276 5320 vero
3296 5264 3462 5329 edin,
3482 5264 3633 5320 duris
3652 5266 3903 5337 gemitibus

2312 5338 2587 5404 releuetis;
2616 5337 2855 5395 absurdo
2880 5353 3071 5399 sensu.
3096 5336 3242 5405 Quid
3284 5338 3430 5391 enim
3474 5347 3598 5404 est,
3637 5336 3782 5394 duris
3818 5354 3902 5409 ge-

2317 5410 2536 5467 mitibus
2562 5410 2841 5467 relevari?

2390 5491 2416 5530 ις
2446 5480 2718 5541 Alluditur
2741 5480 2806 5543 ad
2837 5481 3133 5545 solemnem
3163 5477 3577 5543 acelamatinnis
3596 5480 3899 5546 formulam,

2318 5551 2387 5608 de
2411 5569 2516 5622 qua
2542 5551 2908 5613 Tongilianus
2948 5553 3002 5615 in
3029 5551 3318 5620 Apologus.
3350 5567 3363 5604 :
3412 5548 3492 5603 De
3539 5552 3725 5615 nostris
3766 5553 3901 5607 annis

2323 5624 2411 5678 tibi
2433 5614 2648 5688 'Jupiter
2673 5632 2859 5693 augeat
2889 5638 3073 5677 annos.

2397 5695 2425 5730 ¹ι
2457 5694 2555 5750 llic
2585 5692 2932 5761 locuspaulo
2964 5692 3183 5755 uberius
3212 5698 3479 5761 tractatur
3502 5692 3600 5755 lib.
3645 5708 3663 5753 ι
3702 5693 3767 5755 de
3803 5693 3898 5750 Ex-

2326 5780 2485 5831 cessit
2508 5765 2694 5838 Satyri
2708 5752 2871 5820 num.
2904 5752 2994 5833 7t,
3018 5776 3177 5834 quem
3208 5752 3455 5823 consule.
