3982 6248
29 321 101 375 ’3
972 318 1059 376 DE
1099 316 1306 376 OBITU
1348 316 1844 378 VALENTINIANI
1884 317 2328 378 CONSOLATIO.

3173 319 3314 378 1574

51 440 431 506 custodires,
465 449 511 495 et
538 439 873 496 absconderes
896 455 974 494 me
996 481 1011 508 ,
1042 437 1204 496 donec
1234 436 1500 513 mitigetur
1527 437 1607 492 ira
1635 447 1683 510 Α
1713 447 1796 493 rct
1820 437 2073 502 Domino,
2108 438 2252 509 quod
2285 437 2387 492 sibi
2417 437 2654 507 primum
2687 445 3027 492 occurreret.
3065 437 3193 494 Post
3234 438 3315 493 vi-

49 577 70 600 ,
114 543 174 588 et
215 534 517 590 constituas
538 534 664 588 milli
687 545 886 606 tempus
906 573 920 598 ,
950 531 1004 587 in
1040 547 1138 602 quo
1163 546 1358 585 memor
1381 531 1452 585 sis
1483 531 1605 586 mei.

46 628 228 681 enim
282 637 520 682 mortuus
566 627 722 698 fuerit
772 625 922 680 homo
942 666 958 692 ,
991 632 1018 660 ι
1050 624 1199 678 vivet.
1231 621 1610 677 Consumntans

29 737 63 772 s
124 719 268 773 vita:
320 733 448 773 mea:
494 718 796 784 sustinebo,
845 715 1008 770 donec
1052 715 1240 769 iterum
1269 714 1416 784 fiam.
1461 711 1611 766 Tune

27 811 229 878 nbis,
280 822 332 866 et
365 827 460 882 ego
505 811 596 864 tibi
639 809 872 864 obediam
901 825 919 864 :
951 824 1109 879 opera
1149 815 1320 862 autem
1361 821 1611 862 manuum

28 921 194 958 :rum
232 921 305 960 ne
329 904 583 976 despicias
615 901 770 974 (Job.
800 918 910 969 xxv,
944 901 1040 968 i5,
1074 899 1198 974 14).

28 996 140 1052 ιϐ.
217 996 362 1052 Esto
417 1005 639 1063 tamen,
694 995 986 1051 dolendum
1036 993 1106 1049 sit
1157 992 1300 1065 quod
1354 992 1612 1063 primaeva

27 1089 186 1145 ierit
245 1098 462 1157 astate;
509 1088 890 1162 gratulandum
938 1098 1118 1142 tamen
1165 1087 1306 1158 quod
1355 1087 1610 1140 virtutum

30 1183 294 1255 peudiis
353 1194 645 1240 veteranus
708 1183 1026 1239 decesserit.
1083 1181 1253 1236 Tanta
1314 1180 1457 1236 enim
1515 1177 1616 1234 fuit

28 1278 319 1334 tendatio
367 1279 490 1335 vitae
535 1277 652 1348 ejus
698 1277 751 1332 in
798 1275 889 1332 illo
936 1275 1191 1331 omnibus
1236 1272 1444 1328 lubrico
1487 1270 1616 1326 ado-

25 1371 281 1424 sccntizc
313 1380 588 1442 tempore,
621 1377 771 1423 tanta
801 1369 919 1424 laus
948 1383 1160 1422 morum
1204 1365 1353 1435 ejus,
1397 1373 1456 1419 ut
1498 1379 1615 1419 om-

26 1479 107 1516 am
145 1463 485 1517 memoriam
513 1462 719 1518 doloris
749 1459 1006 1516 obducat.
1054 1459 1208 1528 Quod
1257 1460 1400 1516 enim
1445 1458 1610 1521 obiit,

26 1555 320 1625 agilitatis
346 1563 464 1610 est:
493 1554 637 1625 quod
669 1554 789 1608 talis
816 1553 938 1622 fuit,
969 1551 1369 1608 admirationis.
1394 1549 1421 1588 δ
1440 1550 1612 1619 Quam

26 1659 150 1704 lata
189 1649 392 1705 fuisset
418 1648 726 1720 respublica
749 1691 762 1716 ,
793 1649 838 1704 si
870 1663 994 1704 eum
1023 1646 1229 1704 diutius
1261 1659 1480 1702 servare
1512 1659 1612 1715 po-

29 1743 238 1798 isset!
291 1742 404 1798 Sed
451 1743 574 1812 quia
610 1742 714 1797 vita
761 1753 1074 1796 sanctorum
1116 1755 1224 1795 non
1255 1739 1344 1794 hic
1374 1743 1424 1794 in
1455 1739 1615 1794 terris

1713 532 1941 590 ctoriam
1974 529 2270 588 revertenti
2295 529 2531 586 occurrit
2561 531 2694 595 tilia,
2715 527 2740 566 ἀ
2767 529 2953 599 ignara
2978 532 3219 600 pietatis,
3241 531 3310 600 ig-

1713 641 1846 681 nara
1881 624 2159 694 promissi.
2181 621 2325 678 Vidit
2347 638 2489 686 eam,
2517 633 2570 678 et
2594 622 2858 690 ingemuit
2888 631 3061 692 pater,
3087 622 3310 680 dicens:

1715 717 1835 772 Heu
1858 734 1958 784 me,
1990 717 2133 786 ﬁlia,
2167 716 2428 787 impediin
2451 732 2550 784 me,
2575 718 2626 770 in
2651 715 2924 771 stimulum
2951 716 3150 772 doloris
3173 721 3317 788 facta

1713 827 1768 866 es
1795 809 1945 864 milii.
1974 807 2089 879 Ego
2111 807 2249 864 enim
2274 808 2456 880 aperui
2481 825 2538 862 os
2560 824 2727 864 meum
2749 807 2813 862 de
2838 816 2886 861 te
2915 808 2982 862 ad
3007 807 3317 874 Dominum,

1715 914 1762 958 et
1792 921 1895 958 non
1951 911 2130 974 potero
2159 911 2406 956 avertere.
2452 900 2546 956 llla
2578 899 2718 956 dixit
2750 899 2816 956 ad
2853 915 2978 956 eum
3013 917 3028 956 :
3063 899 3244 968 Pater,
3279 902 3325 957 si

1715 997 1769 1052 in
1798 1013 1877 1051 me
1917 996 2170 1067 aperuisti
2200 1011 2257 1049 os
2287 1003 2460 1062 tuum,
2491 998 2577 1068 [ac
2608 994 2735 1048 mihi
2765 1003 2819 1047 ut
2851 994 2974 1048 exiit
3007 993 3070 1049 de
3093 1010 3180 1048 ore
3209 1005 3316 1050 tuo.

1718 1089 1926 1163 (Judic.
1959 1105 2010 1144 xt
2033 1129 2047 1153 ,
2077 1087 2195 1159 55).
2229 1088 2297 1143 Et
2327 1089 2521 1144 iterum
2549 1087 2688 1143 dixit
2721 1105 2735 1142 :
2769 1086 2898 1143 Sine
2935 1103 3017 1142 me
3058 1088 3320 1144 mensibus

1717 1185 1939 1252 duobus,
1969 1195 2015 1240 et
2045 1187 2233 1242 vadens
2263 1185 2398 1255 ﬂebo
2425 1186 2480 1242 in
2497 1185 2753 1240 montibus
2779 1201 2936 1254 super
2963 1187 3319 1258 virginitatem

1716 1295 1880 1334 meam
1901 1295 2014 1350 ego,
2049 1289 2097 1334 et
2135 1293 2404 1350 compares
2425 1279 2607 1335 amica:
2628 1294 2752 1333 mete
2771 1277 2826 1348 (1
2835 1279 2966 1346 bid.,
2997 1277 3113 1351 57).
3135 1279 3322 1350 Itaque

1719 1372 1931 1428 duobus
1969 1373 2178 1428 exactis
2213 1386 2460 1442 regressa
2491 1371 2804 1439 mensibus,
2841 1374 3093 1429 sacrificii
3126 1389 3324 1432 munus

1719 1464 1998 1534 implevit;
2032 1479 2154 1536 qum
2185 1464 2411 1521 decreto
2434 1465 2620 1536 populi
2643 1463 2813 1520 Israel
2843 1467 3196 1536 quaternisin
3228 1483 3324 1522 an-

1721 1573 1791 1611 no
1818 1556 2012 1612 diebus
2039 1556 2109 1612 ab
2147 1556 2392 1627 ejusdem
2435 1557 2612 1628 plebis
2643 1557 2864 1613 feminis
2906 1558 3320 1629 deplorabatur.

1789 1651 1879 1705 50.
1924 1651 2006 1704 Ad
2059 1649 2366 1706 deﬂendam
2410 1651 2576 1722 igitur
2615 1667 2727 1706 suae
2759 1653 3092 1722 virginitatis
3120 1653 3310 1711 ﬂorem

1720 1741 1858 1798 duos
1888 1751 1974 1797 sat
2003 1757 2124 1798 esse
2149 1757 2369 1798 menses
2394 1742 2592 1814 .lepbte
2611 1743 2718 1798 filia
2743 1745 3028 1814 judicavit,
3058 1755 3115 1802 et
3144 1748 3321 1806 adhuc

34 1848 58 1892 ι
80 1878 99 1904 ,
157 1836 264 1892 sed
301 1837 352 1890 in
399 1835 540 1890 cmlo
573 1835 762 1908 (jusus
789 1836 924 1891 enim
955 1833 1174 1905 (Philip
1204 1849 1251 1901 ι,
1283 1833 1375 1899 ﬁt,
1406 1831 1512 1903 25)
1543 1832 1618 1886 vi-
1651 1845 1692 1903 η
1723 1852 1832 1891 non
1859 1843 2087 1891 venerat
2113 1835 2477 1900 resurrectio;
2516 1845 2571 1891 et
2598 1837 2700 1890 hoc
2728 1839 2904 1906 spatio
2936 1840 3196 1906 temporis
3225 1856 3316 1895 sa-

27 1949 96 1986 re
141 1930 429 1995 Christus,
477 1939 524 1984 et
554 1930 686 1983 mori
726 1929 958 1996 lucrum,
1002 1929 1125 1999 quia
1166 1927 1379 1983 dissolvi
1410 1935 1456 1982 et
1499 1942 1615 1980 cum

25 2026 210 2080 rzristv
241 2039 356 2080 esse
385 2023 546 2082 multo
574 2021 804 2094 melius),
837 2021 1129 2078 dolendum
1177 2031 1259 2076 est
1285 2021 1430 2093 quod
1461 2021 1618 2078 nobis

28 2128 95 2172 to
143 2125 340 2186 raptus
372 2117 464 2189 sit,
483 2114 877 2172 consolandum
903 2115 1047 2188 quod
1073 2114 1138 2172 ad
1167 2113 1395 2172 meliora
1427 2123 1611 2169 trans-

61 2304 305 2380 1187
347 2303 438 2358 47.
483 2301 733 2372 Denique
767 2299 932 2355 David
966 2300 1289 2354 moriturum
1323 2297 1494 2352 lilium
1526 2297 1621 2352 ﬂe-

24 2409 119 2465 at,
175 2405 453 2450 mortuum
485 2410 592 2450 non
625 2391 844 2449 dolebat
876 2393 943 2465 (ll
971 2392 1103 2464 Reg.
1156 2406 1252 2456 xu,
1277 2389 1393 2462 20).
1430 2389 1622 2445 Flebat

23 2508 53 2548 e
93 2489 214 2544 sibi
243 2489 590 2565 eriperetur,
634 2485 728 2544 sed
763 2485 894 2541 ﬂere
922 2484 1122 2539 desivit
1147 2493 1427 2553 ereptum,
1456 2498 1618 2554 quem

24 2583 226 2641 ciebat
280 2595 402 2638 esse
452 2596 575 2635 cum
618 2578 860 2636 Christo.
918 2578 985 2633 Et
1030 2586 1088 2632 ut
1115 2578 1256 2632 scias
1286 2591 1472 2636 verum
1496 2591 1620 2638 esse

26 2677 162 2733 uud
197 2690 407 2740 assero,
435 2675 702 2729 incestum
733 2672 967 2726 Ammon
997 2670 1166 2726 tilium
1198 2669 1348 2725 ﬂevit
1377 2668 1619 2726 occisum

23 2774 63 2827 ll
110 2771 250 2841 Reg.
287 2785 409 2833 xm,
439 2767 555 2839 56),
596 2766 921 2838 parricidam
953 2766 1254 2822 Abessalon
1287 2765 1622 2821 doluitinte-

25 2879 129 2919 ein
143 2871 289 2932 ptum
321 2862 510 2916 dicens
538 2879 550 2914 :
584 2859 761 2914 Filius
789 2875 931 2914 meus
958 2859 1272 2923 Abessalon,
1305 2859 1448 2928 ﬁlius
1475 2875 1620 2916 meus

22 2955 305 3011 lbessalon
337 2953 402 3025 (ll
429 2953 561 3022 Reg.
597 2967 747 3012 xvut.
782 2952 896 3024 55),
933 2952 1277 3008 innocentem
1311 2953 1480 3006 lilium
1511 2967 1619 3010 non

22 3048 228 3104 nutavit
259 3060 378 3100 esse
402 3045 696 3116 lugendum
727 3089 740 3110 ,
790 3047 916 3114 quia
965 3044 1093 3099 illos
1132 3045 1232 3100 sibi
1269 3045 1494 3115 periisse
1523 3061 1622 3116 pro

21 3144 261 3205 scelere,
295 3139 439 3196 hunc
462 3155 564 3210 pro
595 3141 906 3196 innocentia
928 3139 1158 3195 credidit
1180 3153 1300 3198 esse
1331 3139 1618 3196 victurum.

1723 1929 1790 1986 tis
1813 1929 2022 2000 putavit
2048 1943 2078 1983 a
2104 1927 2291 2000 paucis
2330 1942 2389 1984 se
2420 1943 2542 1983 esse
2567 1928 2853 1992 deﬂetam;
2889 1929 3173 1985 vobiscum
3205 1947 3323 1987 om-

1722 2038 1820 2084 nes
1844 2020 2026 2093 populi
2057 2020 2430 2086 deﬂeverunt,
2464 2035 2660 2076 omnes
2692 2020 3079 2092 ingemuerunt
3106 2025 3328 2092 provin~

1721 2120 1856 2183 ciae;
1891 2126 1946 2172 et
1968 2115 2148 2170 adhuc
2178 2129 2338 2184 parva
2369 2116 2576 2184 putatis
2607 2125 2786 2171 vestra
2817 2115 2932 2171 haec
2959 2131 3083 2173 esse
3113 2119 3325 2188 suppli-

1721 2209 1842 2266 cia?
1871 2207 1928 2265 Si
1960 2207 2187 2264 fratrem
2211 2217 2395 2263 vestro
2418 2207 2690 2264 redimere
2719 2208 2950 2278 possetis
2971 2209 3165 2275 exitio,
3200 2211 3321 2266 nol—

1723 2301 1801 2360 let
1833 2311 2012 2358 tamen
2041 2301 2137 2356 ille
2163 2311 2343 2356 vestra
2373 2299 2672 2358 afﬂictione
2712 2302 3060 2366 resuscitari;
3108 2303 3232 2374 quia
3265 2320 3325 2360 se

1724 2395 1920 2453 melius
1950 2397 2134 2451 vivere
2174 2396 2389 2468 1188
2415 2394 2644 2450 credidit
2676 2395 2726 2449 in
2761 2395 2946 2461 vobis,
2989 2396 3080 2466 qui
3117 2398 3328 2466 optavit

1724 2491 1904 2561 potius
1951 2502 2012 2545 se
2062 2489 2238 2557 ipsum
2271 2488 2453 2554 mori,
2500 2502 2662 2558 quam
2702 2498 2940 2544 vestram
2971 2488 3156 2545 videre
3188 2489 3330 2559 iniu.

1724 2582 1860 2638 riam
1899 2581 1990 2652 qui
2021 2595 2119 2650 pro
2149 2579 2305 2635 vobis
2331 2594 2392 2636 se
2427 2579 2663 2638 libenter
2702 2578 2804 2635 fuit
2850 2589 3070 2649 paratus
3101 2580 3322 2648 offerre,

1725 2675 1816 2744 qui
1850 2673 1970 2743 ipso
1999 2681 2022 2708 ε’
2057 2672 2228 2726 nostri
2259 2669 2464 2726 doloris
2492 2669 2580 2727 die
2603 2671 2804 2726 dicitur
2831 2670 2970 2728 hanc
2996 2673 3167 2728 solam
3191 2673 3328 2729 emi-

1725 2767 1864 2822 sisse
1890 2779 2101 2821 vocem.
2131 2763 2227 2820 Va:
2250 2765 2468 2820 miseris
2499 2765 2782 2826 sororibus
2804 2766 2969 2821 meis!
3003 2765 3188 2837 Itaque
3211 2781 3325 2821 ma-

1724 2858 1806 2929 gis
1833 2863 2067 2912 vestram
2099 2855 2506 2911 destitutionem
2526 2897 2539 2920 ,
2584 2871 2744 2927 quam
2775 2871 2930 2912 suam
2967 2866 3199 2913 mortem
3229 2857 3326 2913 do—

1727 2954 1892 3010 lebat.

1797 3048 1886 3102 5t.
1927 3045 2034 3103 Sed
2061 3044 2223 3101 audio
2252 3061 2352 3100 vos
2379 3045 2600 3110 dolere,
2635 3045 2779 3115 quod
2814 3063 2920 3100 non
2945 3050 3220 3117 acceperit
3242 3062 3328 3101 sa-

1727 3145 2006 3194 cramenta
2040 3135 2406 3206 baptismatis.
2453 3137 2624 3192 Dicite
2657 3135 2788 3190 tnihi
2817 3137 2942 3208 quid
2969 3137 3116 3192 aliud
3143 3139 3194 3192 in
3224 3155 3326 3195 no-

81 3236 185 3294 48.
211 3234 354 3290 Nihil
380 3248 512 3302 ergo
541 3234 756 3290 habetis
785 3234 928 3304 quod
957 3234 1278 3302 gravissime
1305 3233 1538 3290 deleatis
1569 3234 1620 3291 in
1651 3231 1695 3294 C
1730 3228 1810 3286 bis
1841 3237 1925 3283 est
1945 3267 1960 3292 ,
1998 3227 2100 3284 nisi
2139 3228 2409 3292 voluntas,
2445 3227 2551 3281 nisi
2578 3227 2809 3295 petitio?
2848 3228 3007 3298 Atqui
3037 3229 3201 3284 etiam
3225 3229 3326 3284 du-

22 3335 225 3387 'ratre:
247 3338 269 3365 ο
297 3327 459 3380 homo
485 3334 646 3380 natus
673 3334 779 3392 est,
811 3325 1064 3380 humana:
1097 3325 1196 3380 fuit
1222 3328 1496 3382 obnoxius
1526 3329 1627 3382 fra-

21 3417 248 3495 gilitati.
292 3416 463 3471 Nemo
500 3430 560 3472 se
591 3413 828 3472 redemit
859 3431 886 3470 a
925 3425 1124 3482 morte,
1159 3432 1264 3472 non
1297 3416 1484 3482 dives,
1518 3434 1624 3474 non

22 3516 130 3588 ιῃεὶ
185 3527 374 3582 reges;
424 3510 594 3568 immo
633 3510 737 3580 ipsi
786 3508 1132 3580 gravioribus
1179 3512 1485 3582 subjaceut.
1525 3511 1626 3567 Job

21 3611 164 3667 dixit
191 3624 202 3659 :
238 3605 508 3660 Numerati
540 3605 667 3659 anni
709 3604 818 3658 dati
846 3612 966 3658 sunt
999 3603 1194 3674 potenti
1223 3645 1234 3663 ,
1266 3605 1418 3657 timor
1453 3589 1627 3658 autem

21 3709 140 3778 ejus
168 3701 218 3752 in
260 3699 468 3752 auribus
516 3701 666 3770 ejus;
712 3695 922 3764 quando
961 3695 1166 3749 videtur
1208 3695 1392 3750 habere
1426 3713 1623 3763 pacem,

21 3811 151 3852 tunc
192 3794 350 3848 veniet
386 3793 498 3863 ejus
535 3790 730 3844 eversio
764 3787 907 3860 (Job.
944 3805 1031 3853 xv,
1063 3787 1177 3859 20).
1224 3788 1386 3842 Vobis
1408 3804 1626 3858 quoque

24 3888 167 3960 ipsis
197 3892 301 3938 tam
340 3883 536 3939 acerba
586 3881 848 3938 incidisse
886 3880 1158 3950 patienter
1203 3881 1350 3934 ferre
1387 3881 1622 3946 debetis,

24 3995 155 4052 quae
172 3977 364 4032 videtis
391 3976 544 4032 vobis
572 3973 884 4031 communia
904 3988 1028 4029 esse
1048 3988 1169 4027 cum
1196 3972 1419 4028 sanctis.
1447 3972 1624 4028 Etiam

29 4071 200 4131 David
230 4073 444 4126 amissis
474 4070 602 4125 filiis
633 4070 931 4124 destitutus
962 4075 1046 4122 est
1071 4087 1085 4119 :
1117 4075 1363 4135 optasset
1393 4065 1515 4122 illos
1542 4075 1623 4122 ta-

31 4174 117 4226 les
143 4167 288 4222 obire
308 4207 322 4228 ,
369 4165 549 4235 qualis
593 4163 748 4219 vobis
778 4164 949 4217 frater
973 4169 1195 4230 ereptus
1224 4170 1306 4216 est
1335 4178 1348 4226 ;
1395 4161 1487 4218 ille
1517 4163 1626 4218 cri-

33 4265 181 4320 mina
203 4260 390 4326 doluit,
426 4274 533 4313 non
565 4257 771 4312 exitum
798 4256 1057 4310 filiorum.

106 4354 195 4410 ιθ.
227 4351 331 4408 Sed
353 4361 472 4408 esto
494 4350 654 4406 fuerit
679 4347 1168 4421 ingemiscendum.
1201 4347 1500 4418 Quousque
1539 4348 1622 4404 lu-

35 4460 155 4503 ctus
183 4456 418 4517 tempora
446 4443 874 4516 protrahuntur?
895 4443 1138 4498 Duorum
1149 4443 1428 4498 mensium
1447 4442 1627 4497 curri-

36 4543 159 4598 cula
208 4539 258 4594 in
304 4538 527 4594 fraterni
575 4537 783 4593 funeris
821 4536 1143 4606 quotidiano
1182 4535 1464 4590 clausistls
1511 4550 1626 4589 am-

1732 3325 1858 3380 dum
1905 3324 2009 3378 hoc
2053 3322 2165 3377 voti
2206 3321 2428 3388 habuit,
2456 3329 2514 3376 ut
2536 3331 2590 3376 et
2615 3332 2901 3393 antequam
2927 3321 3209 3377 inltaliam
3242 3339 3331 3379 ve—

1733 3417 1925 3479 nisset,
1961 3415 2286 3481 initiaretur,
2313 3425 2364 3470 et
2389 3413 2633 3485 proxime
2664 3415 2923 3486 baptizari
2949 3430 3007 3471 se
3029 3433 3058 3470 a
3080 3432 3166 3472 me
3188 3418 3331 3472 vcllc

1730 3516 2085 3587 significavit;
2115 3528 2170 3571 et
2201 3516 2322 3572 ideo
2348 3531 2456 3586 prie
2480 3517 2694 3571 caeteris
2725 3518 2900 3572 causis
2930 3534 3016 3572 me
3044 3533 3330 3575 accersen-

1729 3609 1857 3663 dum
1883 3611 2112 3680 putavit.
2137 3609 2256 3665 Non
2297 3609 2462 3664 habet
2491 3626 2621 3681 ergo
2649 3612 2880 3682 gratiam
2912 3628 3071 3680 quam
3105 3613 3320 3668 deside.

1731 3703 1868 3758 ravit
1901 3723 1912 3756 :
1942 3721 2047 3757 non
2084 3703 2245 3759 habet
2275 3719 2436 3774 quam
2468 3705 2754 3774 poposcit?
2782 3704 2943 3759 Certe
2984 3705 3108 3774 quia
3162 3721 3329 3775 popo-

1729 3795 1853 3861 scit,
1913 3795 2145 3864 accepit.
2189 3795 2258 3850 Et
2300 3794 2442 3852 unde
2471 3794 2606 3848 illud
2641 3803 2726 3849 est.
2755 3812 2766 3847 :
2795 3793 2980 3849 Justus
3003 3812 3326 3865 quarumque

1731 3897 1891 3940 morte
1917 3895 2202 3958 prwventus
2227 3888 2406 3956 fuerit,
2440 3887 2617 3940 anima
2643 3891 2755 3961 ejus
2780 3887 2833 3940 in
2863 3887 3036 3957 requie
3060 3890 3155 3944 erit
3197 3888 3324 3960 (Sa-

1723 3981 1890 4050 pient.
1920 3995 1992 4044 tv,
2018 3975 2097 4048 7).

1799 4074 1890 4130 52.
1936 4073 2096 4130 Solve
2125 4073 2320 4144 igitur,
2352 4073 2513 4128 Pater
2536 4080 2726 4128 sancte
2751 4113 2764 4138 ,
2793 4089 2988 4129 munus
3013 4089 3178 4130 servo
3205 4085 3320 4145 tuo,

1727 4165 1871 4236 quod
1895 4163 2110 4236 Moyses
2130 4165 2257 4235 quia
2288 4165 2338 4218 ln
2361 4165 2556 4233 spiritu
2587 4165 2743 4232 vidit,
2777 4168 2982 4236 accepit
3018 4186 3030 4221 :
3059 4170 3199 4238 quod
3229 4171 3330 4226 Da-

1731 4259 1842 4326 vid,
1864 4259 1987 4330 quia
2007 4275 2072 4315 ex
2097 4259 2437 4315 revelatione
2457 4261 2732 4330 cognovit,
2754 4259 3214 4330 emeritit.[Soli'c,
3234 4264 3320 4319 in-

1727 4365 1889 4421 quam
1912 4392 1926 4417 ,
1955 4365 2119 4408 servo
2148 4359 2240 4407 tuo
2275 4349 2658 4408 Valentiniano
2684 4367 2879 4408 munus
2904 4395 2918 4419 ,
2951 4354 3094 4424 quod
3120 4370 3324 4412 concu-

1727 4447 1863 4517 pivit
1890 4462 2128 4502 :munus
2153 4445 2301 4517 quod
2327 4447 2572 4517 poposcit
2597 4462 2784 4512 sontis,
2809 4449 3089 4517 robustus,
3115 4450 3326 4506 incolu-

1729 4542 1851 4596 mis.
1887 4541 1940 4596 Si
1985 4539 2216 4596 aﬂectus
2256 4539 2578 4614 a~gritndine
2612 4541 2950 4605 distulisset,
3002 4553 3179 4598 tamen
3215 4559 3324 4599 non

38 4636 222 4706 plexu.
250 4633 369 4688 Sola
406 4632 460 4686 in
494 4629 794 4701 Scripturis
824 4627 1021 4698 .lepbte
1047 4627 1152 4684 lilia
1183 4626 1345 4684 ﬂetus
1368 4628 1452 4685 sui
1488 4637 1626 4684 tem-
1650 4619 1704 4680 D
1730 4631 1944 4702 penitus
1975 4646 2004 4686 a
2037 4640 2126 4688 tua
2158 4630 2530 4690 misericordia
2574 4641 2721 4687 esset
2753 4632 2982 4697 alienus,
3006 4635 3094 4704 qui
3131 4633 3326 4689 celeri-

39 4743 169 4801 pora
200 4725 516 4798 postulavit,
551 4725 777 4796 cognito
813 4724 956 4795 quod
991 4734 1145 4793 pater
1178 4723 1297 4794 ejus
1335 4722 1622 4794 profectu-

42 4837 131 4878 rus
155 4820 216 4875 ad
243 4822 484 4891 praelium
511 4828 736 4876 voverat
761 4819 886 4891 quia
922 4818 975 4873 id
1008 4833 1188 4874 rerum
1227 4819 1433 4889 potitus
1460 4819 1623 4874 offer-

113 4946 138 4973 ει
168 4935 312 4990 Rom.
354 4935 511 5000 edit.,
537 4936 664 4989 vivet
688 4976 703 5001 ,
744 4951 1108 4990 eonsummans
1137 4934 1248 4989 dies
1279 4935 1394 4988 vita:
1436 4935 1620 5001 ipsius.

46 5007 334 5073 Sustinebo,
363 5018 467 5062 etc.
492 5005 622 5074 Quae
647 5006 806 5062 lectio
831 5007 1082 5077 congruit
1101 5021 1222 5060 eum
1252 5005 1407 5060 Vers.
1439 5004 1616 5077 LXX;

45 5090 147 5136 vet.
178 5087 343 5134 autem
371 5077 503 5134 edit.
535 5089 590 5132 et
629 5094 762 5134 mss.
791 5076 954 5134 inter
984 5094 1044 5134 se
1083 5077 1467 5141 consentiunt,
1517 5076 1620 5130 nisi

45 5151 180 5222 quod
209 5166 328 5206 mss.
368 5164 464 5218 pro
506 5166 865 5222 consummatis
912 5151 1023 5204 fere
1067 5150 1252 5217 legunt
1298 5162 1622 5222 consumas:

47 5218 100 5278 at
126 5223 204 5276 hic
227 5223 402 5291 lapsus
441 5230 526 5276 est
571 5221 938 5276 librariorum.
985 5223 1253 5275 Caeterum
1302 5218 1620 5291 lucclectio

48 5296 110 5350 ad
142 5289 413 5349 Hebraeum
445 5300 686 5361 textum,
729 5301 782 5348 et
832 5291 990 5362 Vulg.
1037 5299 1282 5348 nostram
1315 5289 1486 5360 magis
1532 5304 1621 5346 ac-

49 5367 201 5422 cedit.

117 5437 142 5476 b
167 5437 322 5505 Quam
351 5434 693 5505 paucissimis
720 5433 906 5488 verbis
928 5433 1232 5487 absolutam
1259 5431 1628 5488 Valentiniani

51 5509 247 5564 laudem
293 5508 612 5576 complexus
650 5513 736 5559 est
779 5516 1002 5576 sanctus
1041 5505 1400 5569 Ambrosius,
1451 5519 1628 5573 neque

54 5592 216 5636 tamen
243 5593 354 5634 eam
385 5575 438 5632 in
480 5578 644 5632 ullam
677 5575 1010 5631 adulationis
1031 5576 1400 5642 suspicionem
1434 5576 1513 5630 fus
1544 5584 1630 5635 cst

52 5652 336 5716 adducere,
396 5663 522 5704 curn
582 5649 650 5703 de
704 5647 998 5706 virtutibus
1061 5646 1304 5713 eiusdem
1370 5647 1628 5716 principis

55 5723 228 5778 eadem
269 5728 534 5778 testentur
563 5728 618 5777 es
650 5719 742 5774 alii
779 5717 963 5779 multi.
1011 5716 1226 5778 νωεὼ
1267 5717 1625 5776 Sosomonum

60 5797 158 5919 lilia
178 5810 269 5858 vn,
307 5807 430 5864 cap.
458 5792 562 5862 η,
591 5792 962 5863 Nicephorum
1005 5789 1102 5850 lib.
1133 5800 1209 5846 ιιι
1229 5829 1246 5854 ,
1275 5802 1396 5860 cap.
1427 5791 1528 5856 58,
1574 5799 1631 5846 et

61 5882 87 5919 ﬂ
112 5883 124 5919 |
157 5882 201 5919 ε.

61 5880 201 5922 31105.

1734 4734 1842 4781 tete
1869 4725 2133 4795 temporis
2155 4733 2336 4790 esset,
2366 4741 2472 4779 non
2498 4725 2777 4779 voluntate
2809 4724 3108 4778 fraudatus.
3143 4724 3330 4780 {Solve
3403 4791 3416 4804 ι

1731 4831 1861 4889 ergo
1888 4832 2052 4873 servo
2094 4825 2186 4874 tuo
2227 4831 2424 4873 munus
2451 4819 2641 4888 gratia:
2666 4827 2804 4884 tum,
2848 4833 3010 4890 quam
3044 4817 3134 4872 ille
3173 4833 3329 4872 num-
3397 4803 3404 4810 ’

1810 4945 1831 4973 ο
1858 4933 1949 4990 Sic
1973 4935 2070 4990 lib.
2104 4951 2164 4999 ιι,
2212 4935 2281 4991 de
2321 4950 2546 4992 excessu
2579 4935 2791 5007 Satyri.
2828 4949 2974 5007 num.
3008 4934 3063 4996 5,
3093 4932 3326 5007 ﬂendum

1729 5007 2024 5061 fraternam
2059 5016 2288 5060 mortem
2314 5023 2380 5062 ex
2411 5023 2479 5063 eo
2507 5006 2706 5076 negat,
2748 5006 2889 5073 (ειυκί
2922 5021 3058 5058 mors
3089 5006 3153 5058 sit
3181 5020 3326 5076 come

1728 5079 1899 5131 munis
1913 5077 2168 5132 omnibus.
2186 5078 2428 5148 Uterque
2442 5094 2570 5132 veru
2591 5081 2743 5133 locus
2759 5078 2823 5129 ad
2850 5077 2898 5130 id
2921 5076 3163 5145 respicit,
3181 5075 3324 5144 quod

1727 5149 1866 5215 apud
1891 5149 2208 5204 Ciceronem
2235 5151 2328 5204 lib.
2355 5166 2432 5210 Ill,
2458 5151 2676 5204 'l'uscul.
2692 5149 2895 5217 Quaest.
2917 5148 3142 5202 Telamo
3160 5148 3323 5202 dicit.

1730 5220 1844 5289 Ego
1871 5237 1986 5273 cum
2025 5223 2214 5289 geonui,
2248 5222 2555 5274 moriturum
2585 5221 2727 5273 scivi.

1799 5289 1825 5327 ά
1856 5288 2057 5347 Omnes
2107 5292 2238 5346 edit.
2267 5307 2328 5347 ac
2371 5308 2502 5347 mss.
2563 5292 2788 5361 aliquot,
2839 5292 3023 5360 ignara
3068 5288 3278 5358 pietatis
3305 5303 3326 5342 :

1732 5377 2026 5435 mssavero
2055 5363 2294 5417 melioris
2325 5372 2489 5428 uota,
2517 5381 2678 5435 gnam
2702 5364 2904 5435 pietatis
2925 5404 2939 5427 ,
2967 5361 3169 5430 optimo
3197 5375 3324 5435 sen-

1735 5449 1818 5488 su.
1865 5433 2074 5489 Etenim
2097 5450 2220 5488 cum
2254 5436 2390 5503 patri
2424 5433 2714 5488 revertenti
2743 5434 2958 5487 obviam
2996 5433 3326 5503 processerit

1731 5506 1972 5560 omnium
2001 5506 2195 5574 prima,
2224 5501 2496 5574 quomodo
2529 5507 2780 5574 pietatem
2808 5505 3121 5574 parentibus
3149 5518 3175 5554 a
3198 5501 3321 5556 [iliis

1735 5575 1972 5634 debitam
2003 5577 2285 5645 ignorasse
2307 5577 2534 5631 dicenda
2561 5577 2700 5631 erit?

1813 5657 1836 5684 ο
1864 5647 1941 5702 ita
1962 5644 2141 5702 cuncti
2167 5649 2291 5702 cod.
2335 5651 2546 5716 scripti,
2577 5665 2685 5703 ttno
2713 5656 2964 5717 excepto,
2988 5646 3207 5716 quicum
3239 5644 3322 5698 cf-

1737 5720 1919 5775 ferunt
1947 5734 2132 5775 omnes
2163 5719 2296 5773 edit.
2329 5722 2480 5775 vestri
2509 5721 2704 5775 doloris
2735 5721 2836 5774 die.

1818 5788 1836 5826 ί
1867 5788 2110 5847 Nannius
2153 5791 2446 5848 verborum
2473 5792 2817 5866 sequentium
2840 5790 3162 5849 sententiam
3189 5787 3326 5844 hanc
