4022 6192
685 272 822 330 1579

2010 263 2255 326 BANC'I'I

2386 263 2617 326 [διιοδιι
3915 267 3958 342 ιι

676 386 924 441 fensione
955 381 1240 452 vestigium
1267 395 1279 433 :
1310 379 1397 436 vel
1427 385 1579 435 certe
1608 379 1752 434 sicut
1780 378 2213 435 calceamentum
2247 388 2271 416 ⁸
2305 381 2353 444 Α
2383 379 2574 451 (llud,
2615 379 2703 445 Η,
2741 379 2858 450 i2),
2901 379 3003 436 hoc
3030 388 3138 447 est,
3182 382 3386 439 venisti
3434 398 3511 441 eo
3543 384 3658 442 ubi
3698 353 3958 448 diverssu

678 476 811 531 illud
841 472 1174 540 exsolveres,
1209 473 1352 526 sicut
1383 473 1600 542 Moyses
1627 470 1778 535 fecit,
1803 470 1890 526 cui
1918 471 2124 526 dictum
2146 480 2232 527 est
2261 487 2272 524 :

679 569 836 623 Solve
856 567 1260 621 calceamentum
1289 565 1477 636 pedum
1506 574 1713 618 tuorum
1741 561 1938 632 (Exod.
1973 579 2054 629 ut,
2085 563 2164 634 5).

746 661 838 717 68.
869 660 1005 714 Dicit
1033 659 1197 729 igitur
1225 659 1319 713 tibi
1349 674 1491 713 nunc
1521 667 1675 728 pater
1703 657 2029 724 Amiuadab,
2057 657 2150 713 ille
2179 673 2280 727 po-

679 758 786 826 puli
816 757 1067 826 princeps
1103 773 1116 808 :
1149 754 1307 821 Audi,
1353 755 1485 823 ﬁlia,
1519 763 1566 807 et
1611 753 1726 808 vide
1750 753 1999 823 quoniam
2030 753 2280 822 concupi-

673 851 742 904 vit
775 867 861 904 res:
889 851 1112 922 speciem
1144 859 1286 902 tuam
1321 847 1492 918 (Psal.
1535 864 1679 912 xuv,
1717 847 1828 916 Η).
1879 847 2118 916 Speciosi
2150 863 2284 916 ergo

673 943 800 1012 facti
837 951 960 996 sunt
985 957 1193 1014 gressus
1225 942 1298 994 tui
1329 943 1380 995 in
1403 941 1788 1006 calceamentis,
1817 940 1930 1009 ﬁlia
1964 941 2280 994 Aminadab.

677 1034 883 1089 Moduli
913 1040 1169 1106 femorum
1199 1045 1407 1089 tuorum
1447 1035 1644 1089 similes
1684 1033 1952 1104 torquibus
1984 1033 2159 1106 (Cant.
2189 1049 2281 1099 vtt,

677 1129 756 1197 i),
809 1128 912 1183 hoc
941 1138 1048 1195 est,
1079 1143 1391 1184 consonans
1419 1128 1520 1183 sibi
1569 1130 1622 1182 in
1669 1127 1930 1182 omnibus
1975 1125 2130 1181 factis
2176 1126 2283 1180 tuis

674 1223 848 1293 gratia
879 1232 1045 1294 atque
1071 1224 1403 1288 moderatio,
1434 1237 1758 1294 magnorum
1784 1222 2021 1292 aequavit
2049 1220 2282 1292 insignia

675 1313 1097 1382 triumphorum.
1131 1313 1375 1383 Denique
1399 1313 1784 1369 moderatione
1817 1323 1905 1367 tua
1931 1323 1988 1368 et
2019 1310 2284 1382 tranquil-

674 1407 828 1462 litate
856 1407 1080 1477 pacifica
1106 1423 1208 1463 nec
1242 1406 1416 1463 Gallia
1460 1407 1671 1462 hostem
1700 1405 1894 1472 sensit,
1921 1415 1976 1460 et
2002 1404 2152 1458 italia
2184 1404 2283 1458 ho-

676 1508 814 1556 stem
843 1501 1066 1570 repulit,
1099 1500 1188 1570 qui
1221 1499 1340 1570 ejus
1373 1499 1574 1553 finibus
1600 1496 1944 1552 imminebat.
1976 1493 2006 1535 ι’
2032 1495 2285 1565 Torques

675 1602 857 1649 autem
907 1594 1140 1664 insignia
1186 1609 1310 1649 esse
1346 1593 1596 1647 victoria:
1641 1590 1879 1646 dubitari
1931 1607 2038 1644 non
2081 1598 2280 1659 potest,

675 1703 800 1743 cum
827 1687 864 1741 ii
894 1689 985 1758 qui
1016 1688 1067 1742 in
1098 1687 1246 1742 bello
1285 1688 1496 1758 1192
1536 1685 1752 1741 fortiter
1783 1683 2040 1749 fecerint,
2070 1683 2280 1754 torqui-

679 1779 778 1833 bus
810 1779 1166 1834 honorantur.

749 1870 838 1925 69.
872 1869 1158 1924 Umbilicus
1184 1878 1302 1922 tuus
1338 1879 1506 1924 crater
1536 1870 1822 1935 tornatilis,
1853 1881 1873 1906 ο
1907 1884 2010 1922 non
2037 1868 2281 1936 deﬁciens

678 1962 860 2015 mixto.
901 1959 1086 2014 Venter
1128 1972 1246 2014 tuus
1274 1977 1488 2014 acervus
1531 1961 1688 2014 tritici
1731 1961 1918 2014 muniti
1967 1960 2100 2014 inter
2144 1961 2278 2014 lilia.

678 2053 862 2110 Cerer
886 2065 974 2108 tua
991 2055 1122 2108 sicut
1148 2054 1308 2107 turris
1329 2053 1570 2108 eburnea.
1595 2053 1748 2107 Oculi
1769 2054 1844 2108 tui
1868 2056 2005 2108 sicut
2024 2063 2208 2125 stagna
2230 2053 2283 2107 in

680 2147 880 2202 Esebon
910 2147 1104 2217 (lbid.,
1138 2148 1172 2202 2
1211 2157 1258 2202 et
1297 2147 1454 2220 seq.).
1505 2147 1690 2204 Bonus
1733 2148 2030 2204 umbilicus
2060 2148 2279 2214 animae,

678 2243 937 2298 virtutum
980 2243 1224 2298 omnium
1257 2259 1452 2313 capax,
1485 2245 1628 2299 sicut
1671 2253 1854 2300 crater
1886 2245 1953 2300 ab
2005 2243 2128 2314 ipso
2159 2243 2283 2299 fidei

677 2347 900 2393 auctore
933 2347 1203 2393 tornatus.
1233 2337 1514 2410 Sapientia
1543 2341 1688 2393 enim
1735 2337 1788 2393 in
1821 2347 2037 2395 cratere
2065 2337 2285 2394 miscuit

677 2435 863 2487 viuum
889 2448 1071 2499 suum,
1092 2433 1282 2489 dicens
1316 2452 1328 2489 :
1370 2431 1573 2498 Venite,
1599 2433 1736 2487 edite
1763 2449 1920 2503 panes
1949 2449 2110 2498 meos,
2135 2443 2183 2488 et
2208 2432 2286 2487 bi-

679 2527 780 2580 bite
800 2527 994 2595 vinum,
1026 2527 1163 2598 quod
1190 2528 1374 2581 miscui
1401 2526 1542 2581 vobis
1577 2525 1764 2598 (Prov.
1793 2543 1872 2595 ix,
1898 2527 1974 2599 5).
2000 2523 2028 2563 ἀ
2060 2525 2286 2584 Umbili-

677 2635 774 2676 cus
795 2636 924 2692 ergo
949 2622 1052 2676 iste
1080 2628 1327 2676 tornatos
1355 2620 1505 2675 omni
1533 2619 1738 2677 decore
1760 2619 2023 2676 virtutum
2051 2634 2158 2676 non
2188 2618 2286 2675 de-

680 2714 789 2770 ficit
819 2715 1011 2769 mixto.
1049 2715 1258 2771 Venter
1288 2729 1505 2786 quoque
1546 2716 1669 2783 ejus
1697 2729 1806 2770 non
1838 2713 2014 2769 solum
2055 2710 2284 2783 justitia:

678 2809 1216 2878 velutjfrumentario
1243 2809 1369 2863 cibo
1393 2807 1730 2878 replebatur,
1751 2807 1846 2862 sed
1875 2807 2038 2862 etiam
2068 2817 2091 2842 υ
2114 2807 2285 2876 gratia

679 2905 1056 2974 suavitateque
1077 2903 1307 2958 ﬂorebat
1324 2903 1468 2958 sicut
1489 2902 1683 2957 lilium.
1706 2901 1904 2958 Cervix
1928 2916 2146 2973 quoque
2165 2901 2284 2970 ejus

678 2996 908 3050 candida
939 3005 994 3050 et
1028 3009 1184 3064 pura,
1216 2995 1345 3065 jugo
1366 2993 1574 3050 Christi
1605 3003 1800 3065 sponte
1836 2993 2106 3063 subjecta,
2134 2992 2286 3064 cogi—

683 3090 918 3144 taliones
962 3089 1339 3153 rationabiles,
1380 3088 1505 3144 fidei
1547 3089 1704 3156 odor,
1738 3090 2172 3145 circumcisionis
2202 3097 2285 3144 at—

2389 471 2645 526 virtutum
2671 469 2882 528 fructus
2909 487 3008 544 pro
3036 474 3375 546 singulorum
3407 478 3660 534 meritis
3687 478 3958 538 deferas!

2387 563 2478 619 ubi
2517 565 2798 620 abundant
2825 567 3146 622 meritorum
3187 571 3434 640 prtemia.
3476 570 3812 626 Exeamus
3842 587 3957 642 erga.

2387 672 2602 728 agrum,
2630 659 2682 714 in
2708 673 2820 730 quo
2862 675 2968 715 non
2997 675 3204 716 vacuus
3231 662 3408 730 labor,
3435 663 3542 720 sed
3577 665 3886 721 fecundus
3919 671 3960 736 at

2390 759 2582 807 ventus
2624 761 2709 808 est
2735 753 3054 824 gratiarum.
3083 753 3239 823 Quod
3282 755 3336 812 in
3370 758 3544 814 terris
3577 759 3960 823 seminasti.l

2389 852 2531 898 mete
2578 861 2591 896 :
2640 844 2786 915 quod
2826 845 2898 901 ibi
2956 847 3234 916 sparsisti,
3283 848 3373 904 hic
3422 851 3673 920 collige.
3733 850 3854 906 Aut
3897 861 3960 908 cui

2389 937 2512 992 Veni
2544 936 2596 990 in
2636 936 2790 991 illum
2817 952 3030 1009 agrum,
3067 939 3162 1010 qui
3205 951 3289 996 est
3319 939 3457 996 odor
3503 941 3736 1009 Iacob,
3797 943 3899 998 hoc
3929 957 3960 998 et

2388 1031 2514 1086 veni
2557 1031 2609 1086 in
2667 1031 2935 1102 gremium
2981 1032 3175 1101 Jacob,
3227 1043 3286 1090 ut
3331 1036 3473 1092 sicut
3525 1037 3807 1094 Lazarus
3844 1055 3962 1106 pauit

2390 1125 2441 1179 in
2486 1124 2718 1179 Abrahae
2760 1127 2905 1192 sinu,
2940 1127 3013 1182 ita
3045 1128 3210 1183 etiam
3262 1141 3315 1184 tu
3357 1131 3412 1184 in
3460 1130 3652 1187 Jacob
3703 1135 3962 1204 patriard

2391 1219 2787 1289 tranquillitate
2830 1220 3121 1288 quiescas;
3167 1223 3319 1277 sinus
3359 1223 3513 1278 enim
3569 1226 3962 1295 patriarchas

2387 1324 2644 1366 recessus
2673 1309 2893 1380 quidam
2923 1320 3007 1367 est
3051 1313 3250 1382 quietis
3291 1322 3521 1369 aeternae
3557 1314 3740 1386 (Luc.
3779 1317 3961 1384 παι

2389 1404 2579 1459 Merito
2631 1419 2764 1474 ergo
2801 1404 2972 1460 Jacoh
3021 1421 3154 1477 ager
3182 1418 3266 1464 est
3307 1408 3667 1475 fructuosus,
3702 1413 3863 1468 sicut
3890 1414 3964 1470 lsu

2387 1497 2696 1566 patriarcha
2737 1507 2967 1554 testatus
3019 1511 3104 1556 est
3144 1501 3333 1558 dicens
3378 1519 3391 1557 :
3431 1501 3577 1558 Ecce
3629 1506 3780 1560 odor
3813 1507 3964 1574 filiis

2386 1601 2645 1662 tamquam
2693 1594 2821 1647 odor
2860 1595 2976 1666 agri
3019 1594 3183 1665 pleni,
3229 1613 3380 1668 quem
3431 1596 3716 1653 benedixit
3777 1599 3964 1654 Domita

2386 1684 2542 1754 (Gen.
2590 1701 2763 1752 xxvii,
2794 1686 2915 1757 27).

2306 1781 2355 1843 Β
2451 1777 2540 1833 75.
2569 1777 2997 1850 Requiescamus,
3018 1781 3217 1852 inquit,
3237 1781 3291 1835 in
3319 1783 3549 1838 castellis
3569 1781 3766 1856 (Cant.
3796 1801 3889 1852 vn,
3913 1789 3960 1839 Μ’

2387 1869 2682 1926 ostendens
2705 1870 2822 1926 illic
2840 1887 2962 1928 esse
2990 1875 3238 1946 requiem
3266 1874 3546 1941 tutiorem,
3568 1891 3703 1948 quae
3721 1888 3890 1950 septo
3912 1895 3966 1933 ca

2387 1961 2540 2018 lestis
2585 1961 2781 2033 refugii
2831 1965 3038 2021 munita
3068 1975 3233 2037 atque
3276 1967 3504 2037 vallata,
3539 1984 3654 2025 non
3706 1973 3966 2044 exagitem

2385 2056 2728 2113 stccularium
2759 2058 3069 2117 incursibus
3108 2061 3426 2117 bestiarum.

2456 2148 2547 2205 Ἠ.
2582 2149 2650 2204 In
2699 2151 2898 2224 foribus
2967 2153 3176 2222 inquit,
3224 2155 3414 2209 nostris
3462 2171 3642 2212 omnes
3687 2161 3833 2228 fetus
3873 2159 3965 2212 erit

2388 2258 2502 2296 rum
2549 2258 2568 2297 .'
2611 2257 2740 2298 nova
2763 2253 2812 2299 et
2853 2256 3045 2314 vetera,
3075 2249 3234 2317 frater
3262 2263 3426 2315 meus,
3456 2250 3663 2305 servavi
3698 2251 3798 2307 tibi
3831 2251 3968 2323 (Ibid.

2391 2331 2507 2403 15).
2545 2331 2563 2371 τ
2607 2333 2734 2400 Quis
2779 2336 2918 2390 dabit
2951 2347 3018 2401 te,
3058 2337 3241 2407 frater,
3275 2342 3492 2410 fratrem
3533 2341 3692 2406 milii,
3739 2343 3968 2398 lacteum

2391 2424 2549 2479 ubera
2579 2429 2758 2482 matris
2786 2429 2954 2484 metu?
2984 2427 3260 2484 Inreniens
3313 2439 3359 2485 te
3398 2431 3555 2501 foris,
3601 2435 3890 2491 osculabar
3915 2447 3967 2508 te

2395 2517 2605 2591 1193
2631 2529 2678 2574 et
2718 2521 2924 2590 quidem
2970 2539 3071 2576 non
3109 2534 3351 2593 spernent
3383 2540 3462 2578 me
3492 2541 3510 2579 :
3541 2542 3822 2584 assumant
3874 2540 3967 2593 te,t

2385 2609 2629 2664 inducam
2659 2622 2706 2666 te
2724 2613 2777 2667 in
2808 2613 3018 2667 domum
3048 2614 3228 2670 matris
3257 2629 3405 2684 metu,
3437 2627 3486 2671 et
3506 2617 3574 2688 ,ἔτι
3604 2630 3875 2675 secretum
3904 2623 3960 2692 ej:

2386 2720 2507 2774 qua:
2530 2707 2763 2774 concepit
2797 2723 2894 2763 me.
2923 2707 3118 2763 Polum
3157 2708 3291 2764 dabo
3319 2711 3409 2764 tibi
3436 2727 3471 2764 α
3515 2712 3638 2768 vino
3671 2718 3890 2782 operosi
3915 2734 3970 2769 est

2387 2799 2584 2867 guenti,
2627 2817 2658 2853 α
2685 2801 2836 2870 ﬂuxu
2877 2804 3134 2858 malorum
3175 2815 3516 2875 granatorum
3556 2822 3825 2863 meorum.
3857 2809 3970 2864 Lar:

2387 2891 2502 2962 ejus
2533 2890 2625 2946 sub
2654 2902 2809 2964 caput
2834 2909 3027 2960 meum,
3053 2906 3098 2950 et
3128 2895 3346 2952 dextera
3379 2900 3489 2970 ejus
3518 2901 3900 2971 complectetur
3930 2921 3969 2952 ea

2391 2980 2563 3053 (Cant.
2598 3000 2714 3051 vnt,
2752 2986 2816 3041 11
2857 2995 2901 3042 et
2927 2987 3081 3059 seq.).
3113 2986 3393 3043 Promittit
3419 2988 3574 3045 fratri
3606 3004 3867 3063 augusta:
3896 3010 3969 3049 me

2389 3079 2577 3134 moria:
2599 3079 2896 3138 Gratianus
2917 3092 3117 3153 praesto
3141 3081 3246 3138 sibi
3269 3081 3482 3139 fructus
3499 3082 3860 3142 diversarum
3889 3101 3972 3142 esse

681 3184 875 3247 tentio,
916 3192 1141 3236 ornatus
1176 3183 1372 3251 capitis
1413 3181 1718 3252 gloriosus;
1761 3181 1904 3252 quod
1939 3199 2048 3236 non
2084 3181 2279 3252 regalia

2393 3171 2686 3237 virtutum;
2713 3182 2737 3220 8
2770 3173 2870 3228 fuit
2898 3175 3042 3230 enim
3072 3184 3126 3230 et
3156 3175 3275 3244 ipse
3302 3172 3482 3231 fidelis
3506 3176 3558 3231 in
3591 3177 3860 3248 Domino,
3891 3181 3972 3251 pitit'

675 3275 1008 3342 diademata,
1041 3275 1138 3330 sed
1171 3274 1436 3329 Dominici
1468 3273 1754 3344 sanguinis
1785 3274 2020 3345 insignia
2050 3289 2283 3330 corona-

683 3379 824 3425 rent.

755 3461 845 3517 70.
875 3460 1069 3517 Merito
1099 3469 1375 3531 tamquam
1411 3477 1506 3516 rex
1532 3461 1743 3528 peccati
1768 3461 1964 3526 victor,
1991 3470 2047 3517 et
2073 3461 2284 3518 caelesti

681 3571 879 3612 corona
912 3556 1199 3612 redimitus
1231 3555 1499 3622 ascendit,
1535 3554 1692 3625 cujus
1723 3553 1923 3610 anima:
1969 3553 2100 3610 dicit
2141 3555 2282 3610 Deus

687 3651 920 3706 Verbum
953 3667 966 3703 :
1003 3649 1170 3714 Quam
1201 3647 1423 3721 pulchra
1464 3658 1511 3703 et
1555 3648 1726 3702 auaris
1758 3651 1899 3719 facta
1929 3663 2000 3712 es,
2031 3646 2280 3714 charitas,

680 3744 734 3797 in
756 3743 954 3797 deliciis
985 3743 1085 3796 tuis
1108 3740 1282 3812 (Cant.
1310 3757 1404 3806 vtt,
1440 3741 1528 3811 6)!
1561 3740 1794 3796 Pulchra
1825 3756 1920 3811 per
1951 3740 2170 3794 virtutis
2190 3741 2283 3796 dc-

679 3851 885 3899 corem,
914 3835 1099 3890 suavis
1120 3849 1217 3904 per
1235 3832 1484 3905 gratiam.
1515 3833 1745 3888 Procera
1773 3833 1917 3888 sicut
1937 3831 2138 3900 palma,
2162 3846 2282 3900 qua:

682 3927 950 3981 vincentis
980 3937 1062 3981 est
1093 3924 1396 3994 praemium.

755 4022 842 4074 7f.
861 4021 996 4076 Iluic
1023 4020 1342 4075 ascendenti
1368 4018 1879 4076 animzeGratianus
1901 4019 2067 4074 frater
2094 4033 2284 4074 occur-

681 4113 773 4175 rit,
800 4122 854 4167 et
873 4112 1192 4182 complexus
1217 4127 1338 4168 eam
1371 4112 1503 4168 dicit
1533 4130 1546 4167 :
1573 4111 1687 4182 Ego
1717 4112 1870 4182 fratri
1892 4128 2025 4179 meo,
2053 4122 2100 4166 et
2129 4127 2284 4184 super

680 4220 760 4258 me
789 4205 1052 4259 conversio
1081 4209 1196 4278 ejus
1227 4203 1416 4275 (lbid.,
1447 4203 1568 4274 10);
1603 4205 1688 4260 vel
1722 4204 1868 4274 quod
1895 4204 1996 4260 sibi
2037 4219 2161 4260 eum
2185 4218 2280 4258 cu-

682 4300 794 4370 piat
823 4299 1114 4365 inhzerere,
1145 4300 1228 4354 vel
1265 4300 1410 4370 quod
1436 4299 1638 4371 pietate
1672 4300 1910 4357 fraterna
1935 4301 2088 4371 quasi
2112 4299 2282 4356 advo-

677 4401 831 4446 catus
863 4393 1101 4457 assistat,
1132 4393 1322 4447 dicens
1350 4395 1766 4449 conversionem
1812 4393 1931 4464 ejus
1962 4395 2128 4450 etiam
2168 4408 2280 4449 sua:

678 4487 869 4557 gratia:
897 4483 1316 4555 praeferendam.

2387 3274 2550 3334 atque
2574 3275 2911 3334 mansuetus,
2948 3282 3083 3337 puro
3110 3267 3296 3324 corde.
3324 3267 3445 3323 Fuit
3469 3271 3638 3324 etiam
3666 3285 3864 3328 castus
3885 3288 3971 3327 cot-

2388 3372 2542 3427 pore,
2567 3359 2657 3430 qui
2681 3368 2882 3430 [mater
2901 3360 3214 3433 conjugium
3246 3361 3507 3418 nescierit
3529 3360 3758 3420 feminzn
3777 3367 3971 3421 alternis

2385 3451 2864 3508 consuetudinem.

2461 3544 2550 3599 75.
2585 3545 2712 3602 ideo
2740 3546 2794 3601 in
2829 3546 3037 3602 foribus
3065 3545 3216 3604 sedis
3238 3562 3349 3604 sua:
3389 3546 3553 3602 habet
3588 3549 3815 3607 fructus
3849 3568 3971 3623 pan-

2389 3648 2493 3704 tos,
2521 3654 2622 3696 nec
2658 3640 2818 3712 longe
2846 3641 3138 3713 petendos.
3164 3641 3335 3699 Offert
3357 3656 3475 3712 quae
3494 3645 3826 3700 servaverit
3851 3646 3971 3700 fratri

2389 3750 2528 3790 nova
2574 3747 2629 3792 et
2673 3744 2879 3804 vetera,
2925 3736 3032 3794 hoc
3059 3748 3166 3802 eat,
3216 3749 3271 3792 et
3309 3736 3648 3793 Tcstamenti
3683 3742 3971 3804 veteris,ea

2389 3830 2666 3902 Evangelii
2697 3845 3062 3900 sacramenta,
3094 3841 3149 3886 et
3173 3830 3307 3886 dicit
3335 3846 3354 3885 :
3388 3829 3514 3898 Quis
3538 3830 3683 3885 dabit
3712 3843 3786 3901 te,
3814 3834 3971 3903 frater.

2386 3924 2600 3993 fratrem
2633 3922 2759 3978 mihi
2780 3925 3047 3980 lactentem
3068 3923 3226 3978 ubera
3248 3925 3431 3978 matris
3452 3941 3599 3991 metu,
3624 3926 3731 3980 hoc
3755 3937 3863 3994 cst,
3892 3941 3971 3981 nos

2385 4019 2712 4090 quicumque
2741 4029 2817 4086 te,
2863 4019 2960 4074 sed
2990 4017 3265 4087 Christus,
3295 4018 3624 4074 illuminavit
3664 4021 3844 4091 gratia
3881 4022 3970 4092 spi-

2385 4109 2552 4177 ritali,
2586 4111 2680 4168 Ille
2705 4119 2760 4166 te
2787 4111 3100 4181 baptizavit,
3125 4111 3248 4182 quia
3279 4111 3517 4167 humana
3554 4112 3650 4167 tibi
3686 4113 3871 4168 officia
3897 4115 3971 4168 de-

2387 4203 2627 4259 fuerunt.
2662 4203 2791 4258 Plus
2831 4203 3062 4274 adeptus
3093 4212 3202 4272 cst,
3253 4205 3346 4276 qui
3395 4204 3606 4259 minora
3643 4215 3694 4260 te
3741 4206 3969 4261 amisiSSC

2385 4293 2666 4351 credebas.
2688 4293 2822 4363 Quae
2847 4304 2975 4350 sunt
3001 4295 3171 4350 ubera
3194 4294 3480 4361 Ecclesiae,
3512 4295 3617 4350 nisi
3643 4309 3965 4353 sacramenta

2383 4388 2762 4460 baptismatis?
2804 4388 2871 4444 Et
2901 4388 3040 4445 bene
3067 4390 3165 4455 ait,
3193 4391 3486 4457 lactentem,
3531 4389 3687 4460 quasi
3730 4405 3856 4450 eum
3894 4393 3963 4459 qui

2386 4481 2688 4552 baptizatus
2726 4481 2881 4536 lactis
2924 4480 3066 4536 nivei
3111 4494 3331 4537 succum
3376 4483 3640 4552 requirat.
3684 4480 3963 4537 Invenient.

751 4577 840 4631 72.
890 4575 1037 4644 Veni,
1074 4576 1267 4647 inquit,
1305 4577 1469 4646 frater
1499 4592 1662 4643 nteus,
1705 4592 1948 4632 exeamus
1977 4577 2029 4631 in
2072 4593 2278 4649 agrum,
2307 4587 2359 4653 ι)
2387 4575 2587 4647 inquit,
2619 4585 2666 4630 te
2695 4575 2852 4647 faris,
2891 4575 3167 4633 osculabar
3209 4585 3278 4644 te,
3311 4574 3416 4632 hoc
3443 4583 3550 4642 est,
3583 4584 3744 4631 extra
3781 4590 3965 4645 corpus

677 4669 1052 4738 requiescamus
1088 4669 1144 4724 in
1169 4669 1415 4737 castellis,
1447 4668 1683 4724 diluculo
1707 4685 1983 4742 surgamus
2013 4671 2068 4725 in
2103 4671 2280 4726 vineas

750 4871 911 4927 “Vel.
933 4871 1066 4927 edit.
1087 4885 1211 4926 cum
1237 4887 1370 4928 mss.
1391 4871 1616 4942 aliquot,
1637 4871 1770 4928 illud
1793 4871 2055 4928 exsolvere
2070 4888 2089 4936 ;
2105 4869 2266 4925 Rom.

679 4943 809 4998 edit.
834 4959 958 4998 cum
998 4943 1118 4998 aliis
1143 4943 1420 5000 nonnullis
1449 4959 1608 5010 tnss.,
1638 4945 1774 5000 illud
1799 4943 2000 4999 exsolve
2027 4959 2046 4997 :
2074 4942 2270 5000 melius

678 5015 863 5070 cacteti
891 5016 1040 5079 cod.,
1070 5016 1203 5070 illud
1233 5016 1537 5074 exsolveres.

751 5086 778 5124 ι)
808 5087 956 5142 inter
985 5086 1228 5157 prmmia,
1264 5087 1459 5156 quibus
1487 5087 1722 5148 victores
1751 5085 1958 5142 milites
1987 5086 2270 5157 donaban-

680 5167 788 5225 tur,
822 5155 1178 5215 fuisse‘etiatu
1209 5155 1430 5228 torques
1466 5160 1738 5226 proditum
1775 5158 2025 5227 reperies
2054 5157 2194 5228 apttd
2218 5155 2272 5212 J.

678 5230 920 5301 Lipsiutn
946 5230 1037 5284 lib.
1064 5246 1096 5286 v
1124 5229 1194 5290 de
1222 5231 1382 5285 Milit.
1415 5229 1604 5296 Bouh,
1627 5230 1758 5286 dial.
1786 5231 1874 5284 17.

757 5313 778 5339 ο
809 5302 937 5357 Mss.
973 5304 1200 5372 aliquot,
1244 5303 1331 5357 hic
1360 5311 1415 5356 et
1445 5301 1606 5366 infra,
1637 5319 1739 5358 non
1769 5301 2017 5370 deﬁciens
2051 5311 2222 5356 musto
2256 5317 2275 5356 :

681 5372 876 5442 melius
917 5375 1132 5442 reliqui,
1167 5383 1222 5430 et
1250 5383 1460 5428 cuncta:
1490 5373 1622 5432 edit.
1657 5390 1760 5431 non
1785 5373 2031 5442 deﬁciens
2067 5377 2268 5438 mixto;

681 5441 846 5510 LXX,
871 5453 953 5522 ⁵μή
983 5441 1357 5522 (autemautem;
1377 5451 1588 5522 upupa.
1629 5441 1903 5522 Continuo
1933 5447 2098 5522 etiam
2124 5455 2268 5522 post,

679 5518 925 5572 nonnulli
955 5532 1084 5572 mss.
1111 5517 1219 5587 pro
1242 5517 1434 5572 muniti
1461 5519 1644 5588 legunt
1673 5517 1892 5584 minuti,
1933 5518 2028 5574 sed
2050 5519 2158 5585 jam
2184 5517 2267 5571 di-

679 5595 822 5642 ctum
849 5599 934 5646 est
963 5590 1032 5646 de
1059 5591 1160 5644 hac
1190 5589 1442 5648 lectione.

751 5659 775 5694 “
823 5661 1006 5720 Codex
1063 5661 1275 5731 Remig.
1304 5701 1322 5727 ,
1371 5659 1509 5730 Ergo
1559 5660 1836 5721 umbilicus
1881 5659 1925 5714 si
1980 5669 2073 5714 stet
2115 5676 2270 5715 orna-

657 5793 660 5796 .
679 5736 780 5796 tus,
809 5741 915 5787 etc.

753 5809 774 5836 ε
806 5801 878 5855 Ita
913 5819 1042 5860 mss.
1083 5802 1148 5859 ad
1181 5818 1367 5873 unum,
1414 5804 1513 5860 nisi
1546 5801 1687 5868 quod
1733 5803 1860 5858 sicut
1894 5803 2267 5875 prmtermitth

2389 4680 2442 4726 te
2463 4669 2770 4740 reperiens,
2801 4670 2990 4727 osculo
3015 4667 3260 4742 mysticae
3285 4669 3436 4744 pacis
3462 4667 3790 4741 amplectar.
3812 4669 3966 4726 Nemo

2375 4879 2463 4927 tur
2497 4870 2549 4926 in
2597 4871 2739 4929 bene
2777 4870 2966 4926 multis
3001 4889 3014 4925 :
3049 4871 3181 4926 edit.
3223 4880 3433 4937 autem,
3478 4875 3663 4943 gratia
3705 4876 3961 4930 maritate.

2372 4958 2490 5012 qua:
2514 4943 2750 5016 florebat,
2780 4944 3113 5016 vet._etiam.
3145 4943 3278 4999 edit.
3310 4944 3591 5011 omittunt,
3634 4946 3791 5001 sicut.
3823 4948 3963 5016 Quod

2374 5030 2504 5070 vero
2538 5013 2768 5071 habetur
2795 5014 2957 5083 paulo
3001 5015 3137 5069 infra
3170 5016 3226 5068 in
3271 5017 3529 5072 omnibus
3558 5017 3692 5073 edit.
3736 5033 3801 5074 ac
3846 5013 3962 5074 mss.

2376 5086 2957 5160 aliqu0t,cogttationes
2978 5087 3491 5160 rationabiles,etc.,
3517 5105 3625 5143 non
3654 5092 3816 5160 pauci
3845 5107 3960 5146 mss.

2375 5158 2448 5212 ita
2482 5157 2768 5231 eahihent,
2800 5157 3136 5231 cogitationes
3164 5159 3504 5214 rationabiles
3532 5157 3679 5230 fidei,
3709 5163 3841 5218 odor
3878 5166 3964 5216 σῖτα

2375 5229 2730 5312 cumcisiouis,
2764 5229 2979 5285 attentio
3007 5239 3240 5297 ortiatus,
3267 5242 3426 5302 caput
3455 5229 3771 5303 gloriosum.
3805 5235 3962 5290 Ilinus

2395 5315 2664 5356 :oncmne.

2373 5317 2824 5451 u’?cili';:_i_i:__cdit.
2858 5373 3096 5451 sol.t_hic
3127 5382 3183 5428 et
3212 5371 3348 5451 infra
3380 5390 3394 5428 :
3428 5374 3564 5444 Quis
3596 5376 3744 5432 dabit
3780 5390 3830 5434 te
3867 5384 3960 5451 fra-

2379 5451 2538 5516 trem.
2556 5443 2728 5498 Biblia
2755 5454 2939 5516 sancta
2968 5445 3182 5516 fratrem
3210 5443 3492 5516 omittunt.

2450 5523 2476 5560 ις
2497 5514 2614 5568 Νοιι
2650 5531 2788 5570 unus
2806 5514 3130 5572 Ambrosius
3156 5516 3389 5571 virtutes
3415 5515 3669 5576 Gratiani
3702 5523 3955 5580 celebrat;

2376 5598 2553 5654 neque
2579 5585 2724 5666 enim
2752 5585 2820 5642 de
2849 5587 2980 5669 ipsis
3023 5588 3234 5642 minora
3265 5601 3452 5672 quam.
3480 5590 3576 5646 ille
3621 5596 3956 5659 prodiderunt

2375 5655 2738 5732 ltufinusuhb.
2787 5674 2824 5713 ιι
2856 5659 2994 5713 Hist.
3028 5657 3268 5732 caput:
3299 5658 3570 5718 Paulinus
3617 5667 3956 5732 Aquileiensis

2981 5701 2994 5713 .
3028 5682 3148 5724 cap.
3180 5682 3268 5715 Io.
3299 5682 3570 5718 reuulsus
3617 5682 3956 5724 anuuctensn'

2375 5681 2604 5738 tau-suus
2645 5681 2738 5738 ιω.
2787 5681 2824 5713 ιι
2856 5681 2994 5713 ntss.
3028 5681 3268 5740 (2311.10.
3299 5681 3570 5718 rauunus
3617 5681 3868 5738 aqutlcte

2375 5727 2467 5782 ltb.
2499 5742 2572 5781 xu
2603 5727 2737 5783 Hist.
2769 5739 2824 5784 et
2857 5731 3128 5786 Ausontus
3153 5745 3204 5783 ut
3231 5728 3496 5801 Panegyr.
