4022 6192
655 243 797 299 1585

2009 237 2253 296 SANCTI

2375 232 2616 292 lBROSll
3881 223 3960 278 iw

658 357 872 430 1195
899 356 1016 412 Non
1049 369 1214 412 causa
1243 357 1437 413 mortis
1466 359 1768 428 separavit,
1789 371 1928 428 quos
1952 357 2125 425 pietas
2149 369 2253 408 una
2282 358 2335 417 Α
2361 351 2562 406 videbo
2589 357 2796 420 patrem
2827 345 3054 402 meum?
3085 343 3344 414 Speciosa
3367 342 3438 398 de
3463 355 3560 396 me
3591 339 3878 396 voluntas
3898 351 3959 396 ua.

651 450 934 521 jungebat.
960 449 1076 504 Non
1105 449 1360 506 virtutum
1384 450 1636 507 distantia
1667 450 1916 520 dispares
1947 448 2091 510 fecit,
2117 461 2252 517 quos

656 543 852 614 religio
897 559 1002 598 una
1049 543 1287 599 fovebat.
1327 544 1503 614 Super
1541 545 1824 602 columbas
1869 543 2251 613 simpliciores,

657 649 823 705 super
865 636 1075 706 aquilas
1109 636 1373 703 leviores,
1419 653 1586 709 super
1628 652 1799 710 agnos
1846 635 2252 698 clementiores,

653 741 822 798 super
846 729 1046 783 vitulos
1071 729 1502 786 innocentiorcs.
1535 730 1783 787 Gratiani
1818 729 2009 798 sagitta
2041 743 2146 783 non
2173 734 2258 782 est

653 835 870 877 reversa
905 831 1143 884 retro,et
1165 823 1527 879 Valentiniani
1553 823 1768 892 justitia
1797 838 1906 876 non
1937 823 2036 876 fuit
2059 836 2254 885 vacua,

652 930 753 969 nec
792 913 971 970 inanis
999 917 1318 972 auctoritas.
1352 917 1643 985 Quomodo
1672 918 1793 972 sine
1837 931 2012 987 pugna
2041 912 2254 969 occide-

654 1014 786 1062 runt
813 1009 1100 1076 potentes?

729 1099 818 1156 79.
856 1099 1028 1156 Doleo
1069 1102 1122 1156 in
1156 1110 1230 1166 te,
1282 1101 1353 1156 lili
1382 1101 1662 1166 Gratiane,
1692 1101 1874 1157 suavis
1916 1099 2048 1155 mihi
2078 1096 2255 1152 valde.

648 1190 885 1248 Plurima
909 1193 1109 1249 dedisti
1157 1203 1264 1249 tuzc
1295 1195 1514 1264 pietatis
1567 1195 1821 1262 insignia.
1857 1192 1937 1248 Tn
1985 1207 2071 1248 me
2111 1192 2256 1247 inter

648 1292 735 1339 tua
769 1286 1004 1356 pericula
1041 1287 1358 1358 requirebas
1385 1329 1398 1354 ,
1431 1299 1487 1342 tu
1531 1289 1582 1341 in
1616 1288 1728 1341 tuis
1755 1286 2015 1342 enremis
2040 1299 2126 1340 me
2156 1299 2254 1354 ap-

645 1376 890 1446 pellabas
917 1420 931 1444 ,
965 1395 1142 1432 meum
1189 1380 1256 1433 de
1288 1391 1343 1435 te
1387 1381 1510 1450 plus
1536 1379 1765 1435 dolebas
1787 1378 2058 1434 dolorem.
2089 1377 2255 1432 Doleo

646 1475 810 1529 etiam
839 1474 892 1530 iu
923 1484 976 1531 te
1001 1518 1015 1539 ,
1052 1476 1126 1530 lili
1158 1476 1559 1542 Valentiniane,
1600 1478 1882 1545 speciosus
1914 1472 2044 1528 mihi
2073 1471 2251 1526 valde.

645 1565 932 1623 Deciderat
961 1583 1119 1624 amor
1147 1581 1272 1624 tuus
1299 1571 1350 1623 iu
1385 1585 1494 1634 me,
1526 1571 1673 1625 sicut
1697 1585 1853 1622 amor
1879 1568 2142 1638 pignoris.
2176 1565 2254 1620 Tu

643 1675 740 1731 per
767 1677 855 1717 me
885 1663 1116 1731 putabas
1147 1664 1283 1733 eripi
1317 1673 1369 1718 te
1400 1664 1666 1734 periculis
1692 1681 1704 1716 :
1740 1673 1794 1717 tu
1828 1678 1914 1716 tne
1943 1677 2050 1714 non
2075 1660 2252 1714 solum

641 1762 701 1807 ut
732 1764 1012 1824 parentem
1043 1756 1308 1823 diligebas
1334 1797 1350 1820 ,
1397 1755 1496 1811 sed
1526 1767 1583 1810 ut
1636 1756 2041 1823 redemptorem
2076 1752 2171 1816 tui,
2199 1763 2256 1806 et

2361 444 2457 498 sed
2491 459 2596 496 non
2643 439 2836 496 ellicax
2880 437 3254 510 praesumptio.
3291 435 3390 491 llei
3420 434 3566 490 mihi
3599 448 3764 488 vana
3800 437 3960 502 spesit

2363 535 2623 591 homine!
2682 534 2776 589 sed
2818 543 2872 587 tu
2904 534 2957 586 in
2987 531 3273 586 sacerdote
3301 529 3606 584 Dominum
3641 526 3959 595 requirebas

2363 628 2456 682 llei
2502 627 2631 682 tuilti
2661 626 2804 697 quod
2853 625 3187 680 voluntatem
3214 633 3358 677 tuam
3405 637 3514 675 non
3548 628 3699 674 ante
3731 623 3959 689 cognovi

2361 720 2458 776 llei
2491 720 2619 774 mihi
2653 718 2795 789 quod
2851 733 2957 772 ιιοιι
2986 715 3240 773 clanculo
3267 725 3395 770 ante
3426 713 3640 769 misisti
3676 712 3694 766 !
3739 712 3845 767 llei
3877 713 3959 765 mitti

2360 814 2536 884 qualia
2564 811 2721 866 ειηιὶμὶ
2779 810 3040 881 pignora!
3078 807 3349 876 Quomodo
3372 807 3694 860 ceciderunt
3726 815 3943 870 potente:

2362 919 2407 964 ει
2437 907 2694 980 perierunt
2725 921 2872 959 arma
2901 901 3307 974 concupiscenda
3335 899 3398 968 (ll
3430 899 3572 971 Reg.
3611 915 3656 963 ι,
3692 895 3852 969 27)ἳ

2432 1003 2520 1057 80.
2567 1011 2591 1037 δ
2633 1000 2886 1062 Domine,
2910 997 3037 1070 quia
3070 1012 3228 1053 nemo
3277 995 3448 1050 habet
3474 1033 3489 1056 ,
3525 991 3692 1061 quod
3749 991 3850 1046 alii
3884 992 3960 1061 plu

2361 1093 2591 1161 delerat,
2619 1108 2779 1162 quam
2811 1090 2956 1162 quod
2982 1089 3086 1144 sibi
3109 1100 3260 1159 Optat
3286 1106 3299 1154 ;
3346 1102 3452 1142 non
3488 1101 3583 1140 me
3613 1086 3695 1140 ah
3734 1086 3852 1141 illis
3882 1098 3960 1155 post

2361 1201 2592 1244 mortem
2617 1202 2862 1257 separes,
2895 1199 3032 1252 quos
3062 1184 3115 1237 in
3150 1185 3248 1238 hac
3277 1182 3387 1235 vita
3412 1180 3800 1235 charissitnos
3832 1196 3959 1235 sensa.

2362 1283 2600 1345 Domine,
2622 1290 2734 1353 peto
2753 1290 2805 1332 ut
2828 1277 2915 1332 ubi
2936 1293 3026 1348 ego
3050 1280 3218 1345 fuero,
3245 1274 3346 1328 sint
3369 1284 3417 1329 et
3441 1273 3525 1326 illi
3551 1289 3777 1327 mecum
3803 1272 3860 1344 (1
3868 1289 3956 1325 osa.

2361 1391 2493 1441 xvn,
2521 1375 2614 1442 25)
2645 1390 2660 1435 ;
2693 1384 2750 1427 ιιι
2780 1373 2862 1427 vel
2898 1371 3006 1424 illic
3037 1384 3224 1424 eorum
3256 1377 3518 1436 perpetua
3551 1367 3773 1436 copula
3809 1368 3955 1422 fruar,

2360 1473 2483 1542 quia
2541 1470 2626 1523 hic
2678 1469 2752 1521 uti
2805 1481 2993 1522 eorum
3032 1462 3372 1519 diutttrttiore
3410 1460 3830 1531 cottjunct-one
3882 1473 3958 1513 non

2360 1565 2532 1638 potui.
2554 1563 2630 1618 'l‘e
2650 1575 3072 1632 qua-so,suumte
3098 1559 3263 1623 Deus,
3290 1567 3340 1610 ut
3367 1553 3954 1623 charissitnosjnvencs

2363 1669 2574 1714 matura
2629 1653 3034 1710 resurrectione
3081 1651 3108 1690 δ
3150 1649 3382 1704 suscites
3436 1658 3494 1703 et
3526 1648 3876 1710 resuscites;
3917 1657 3954 1697 at

2361 1753 2708 1807 immaturum
2726 1748 2870 1802 hunc
2893 1747 3016 1800 vita:
3037 1744 3195 1800 istius
3232 1756 3454 1798 cursum
3481 1741 3805 1795 maturiore
3818 1739 3955 1793 susci-

640 1844 994 1904 libcratorem
1025 1849 1309 1919 Sperabas.
1341 1848 1421 1904 Tu
1453 1849 1707 1907 dicebas:
1745 1851 2004 1915 Putasne,
2038 1847 2254 1920 1196
2281 1840 2329 1900 Β
2358 1847 2560 1901 talione
2588 1855 2935 1912 compenses.
2961 1842 3154 1895 Amen.

714 1990 740 2018 α
780 1979 982 2036 Omnes
1009 1982 1141 2038 edit.
1169 1999 1232 2038 ac
1260 1985 1412 2056 pauci
1439 1999 1592 2048 mss.,
1628 1984 1693 2039 Et
1715 1985 1836 2056 quia
1857 2000 2038 2039 nemo:
2062 1985 2244 2054 plures

639 2067 774 2109 vero
803 2063 860 2109 et
888 2056 1229 2125 probatiores
1249 2097 1263 2120 ,
1300 2055 1539 2123 Domme,
1567 2067 1674 2111 etc.

2422 1982 2452 2023 δ
2491 1981 2568 2036 Ita
2597 1995 2729 2036 mss.
2767 1994 2937 2048 prope
2961 1977 3026 2032 ad
3060 1992 3258 2058 unum}
3290 1973 3423 2027 edit.
3455 1983 3672 2035 autem.
3708 1980 3761 2028 et
3795 1973 3948 2025 imme-

2359 2064 2534 2108 turum
2550 2091 2565 2106 ο
2585 2094 2598 2107 .
2617 2091 2632 2106 ο
2649 2091 2662 2106 .
2685 2094 2698 2107 .
2732 2065 2936 2106 matura
2964 2059 3341 2104 resurrectione
3367 2061 3704 2114 compenses.

766 2301 890 2385 IN
966 2301 1326 2387 ORAT.
1407 2305 1566 2388 DE
1641 2306 2007 2391 OBITU
2082 2306 2732 2390 THEODOSII
2808 2304 3052 2387 IMP.
3133 2299 3860 2389 ADMONITIO.

2113 2471 2424 2487 _

703 2577 996 2648 Postquam
1017 2577 1362 2636 Theodosius
1393 2579 1614 2651 Magnus
1635 2579 1782 2637 diem
1841 2580 1975 2638 obiit
1999 2581 2312 2649 Mediolani,
2345 2582 2619 2638 Honorius
2646 2582 2766 2654 ejus
2790 2581 2965 2643 titius,
2992 2593 3153 2650 quem
3176 2577 3370 2634 ultimo
3401 2577 3634 2633 allectus
3662 2577 3863 2632 morbo
3895 2593 3949 2633 ex

634 2671 862 2729 Oriente
892 2673 958 2727 ad
992 2688 1052 2728 se
1078 2673 1387 2740 acciverat,
1418 2689 1616 2744 corpus
1642 2673 1788 2729 illius
1808 2674 2339 2746 Constantinopolim
2372 2675 2563 2731 referri
2592 2674 2881 2731 constituit
2904 2715 2919 2738 ,
2957 2682 3015 2726 ut
3041 2675 3091 2724 iu
3117 2673 3373 2740 Sepulero
3404 2670 3756 2739 superiorum
3788 2671 3948 2740 impe-

628 2773 873 2820 ratorum
908 2763 1110 2820 ibidem
1143 2764 1492 2820 conderetur.
1541 2765 1909 2834 Quamobrem
1957 2778 2017 2822 ut
2067 2768 2345 2822 memoriae
2380 2779 2643 2835 pulcrum,
2677 2767 2994 2837 priusquam
3028 2764 3154 2820 inde
3178 2780 3377 2830 corpus
3407 2775 3786 2830 amoveretur,
3819 2765 3946 2835 just:

629 2857 996 2926 persolvet-et,
1023 2855 1446 2927 quadragesimo
1469 2857 1557 2911 die
1584 2873 1613 2910 a
1644 2857 1878 2911 (ἐκδύς
1897 2858 1985 2911 obi
2016 2874 2046 2912 ιι
2071 2859 2189 2926 ejus
2215 2860 2514 2928 parentalia
2549 2873 2700 2914 more
2730 2857 2965 2912 Stticmlti
2997 2858 3208 2912 Curavit
3237 2855 3588 2912 celebranda.
3620 2855 3766 2912 Dum
3797 2858 3947 2929 igitur

621 2947 702 3004 illi
739 2950 970 3021 principi
1002 2951 1245 3015 supremi
1280 2949 1520 3006 houorcs
1551 2950 1946 3006 exhiberentur
1969 2992 1983 3014 ,
2013 2951 2360 3014 Ambrosius,
2397 2961 2668 3023 pra-sente
2695 2951 2889 3006 eodem
2921 2950 3162 3006 llonorio
3186 2992 3200 3018 ,
3234 2966 3393 3021 quem
3426 2949 3750 3008 Occidentis
3780 2952 3944 3022 impc-

625 3050 865 3098 ratorcm
895 3055 1050 3112 pater
1079 3043 1427 3108 instituerat,
1461 3045 1562 3098 bac
1587 3047 1838 3099 Oratione
1863 3044 2133 3098 demortui
2168 3047 2396 3099 virtutes
2427 3045 2851 3101 eomntendavit.

696 3136 868 3190 Docto
898 3136 1125 3191 exordio
1154 3151 1183 3190 a
1218 3135 1484 3206 prodigiis
1514 3153 1638 3206 qua:
1686 3137 2012 3192 videbantur
2043 3137 2336 3194 Theodosd
2379 3151 2610 3193 mortem
2656 3139 3072 3210 pra-nuntiasse,
3126 3140 3275 3194 illum
3310 3155 3417 3195 non
3450 3154 3622 3208 regno
3649 3138 3941 3202 excidisse,

620 3226 717 3281 sed
751 3228 950 3282 terreni
996 3228 1116 3282 loco
1145 3231 1369 3283 (mleste
1395 3231 1675 3298 aCCepisse
1705 3230 1943 3283 allirtnat
1977 3228 2168 3300 (Nam.
2199 3234 2274 3300 l).
2311 3231 2503 3288 Snbdit
2534 3232 2723 3303 (Num.
2776 3235 2835 3303 2)
2864 3233 3100 3290 ﬁliorum
3139 3235 3307 3305 ipsius
3348 3234 3634 3302 lugendam
3666 3252 3781 3290 non
3833 3249 3941 3290 esse

621 3321 935 3386 orbitatem,
959 3335 1081 3376 cum
1107 3320 1370 3376 virtutum
1405 3337 1627 3376 suarum
1659 3321 2058 3387 haereditatem,
2088 3325 2314 3394 gratiam
2341 3325 2564 3381 Christi.
2591 3337 2646 3383 et
2670 3327 2900 3382 militum
2927 3329 3090 3383 ﬁdem
3117 3329 3225 3382 illis
3253 3329 3558 3399 reliquerit.
3592 3329 3724 3384 Mox
3758 3344 3941 3400 punq‘a

621 3412 717 3469 illa
751 3412 961 3467 funebri
986 3452 1001 3474 ,
1053 3428 1157 3483 qua
1203 3426 1412 3483 [latrem
1447 3413 1538 3468 die
1567 3414 1993 3485 quadragesimo
2030 3417 2463 3488 prosequebatur
2494 3420 2787 3487 Honorius,
2856 3438 2978 3477 cunt
3039 3422 3339 3479 honoribus
3365 3439 3395 3478 a
3419 3424 3662 3492 Jusepho
3689 3427 3942 3482 eatlaveri

622 3517 852 3580 paterno
897 3506 1159 3564 exhibitis
1210 3518 1524 3578 compatata
1583 3507 1777 3579 (Nam.
1816 3509 1850 3563 5
1890 3521 1936 3563 et
1974 3515 2128 3580 ηιμ),
2185 3511 2485 3566 feliciorem
2533 3512 2738 3570 Iacobo
2791 3515 3027 3570 usletzdit
3081 3515 3251 3572 fuisse
3304 3516 3698 3580 Theodosium,
3749 3521 3941 3591 quippe

619 3604 709 3676 qui
737 3614 996 3675 tyrannos
1035 3610 1198 3671 atque
1231 3600 1594 3657 idololatriatu
1626 3603 2036 3672 prostravissct.
2070 3603 2198 3658 lude
2256 3601 2445 3672 (Nam.
2476 3604 2509 3660 5
2535 3616 2582 3660 et
2611 3604 2670 3677 6)
2701 3606 2766 3660 ad
2799 3608 3055 3678 principis
3082 3611 3300 3664 veniens
3358 3615 3762 3665 testamentum
3783 3653 3798 3674 ,
3844 3625 3939 3682 quo

614 3698 709 3755 ille
732 3706 789 3754 et
812 3696 1044 3753 subditis
1073 3697 1402 3752 tributorum
1433 3697 1856 3762 relaxationent,
1882 3709 1938 3754 et
1968 3699 2076 3755 iilis
2104 3701 2196 3770 qui
2225 3716 2320 3771 pro
2350 3700 2591 3770 Eugenio
2622 3717 2772 3757 arma
2805 3705 3063 3769 tulerant,
3093 3705 3307 3760 veniam
3336 3702 3715 3770 concedebat;
3743 3723 3815 3762 ex
3849 3709 3936 3760 hoc

615 3795 827 3867 colligit
853 3794 921 3848 ab
947 3794 1060 3849 illis
1085 3792 1344 3849 omnibus
1391 3792 1743 3864 imperatoris
1772 3792 1856 3848 sui
1912 3793 2177 3848 beneﬁcia
2212 3795 2264 3848 iu
2298 3795 2422 3849 liliis
2449 3815 2463 3844 ι
2478 3796 2568 3868 jus
2597 3797 2959 3852 retnetietnla.
3002 3796 3118 3854 Sub
3145 3813 3267 3868 qua:
3289 3811 3582 3853 conversus
3612 3797 3684 3852 ad
3717 3800 3930 3865 milites,

615 3899 675 3948 ut
701 3887 1163 3962 quemadmodum
1187 3899 1284 3942 eos
1315 3884 1450 3940 lldes
1473 3885 1769 3942 'l‘lteodosii
1800 3885 2146 3952 dt-feuderat,
2170 3887 2243 3942 ita
2267 3897 2323 3942 et
2352 3887 2454 3958 ipsi
2482 3887 2590 3945 tide
2617 3905 2715 3954 sua
2738 3888 2973 3944 liliotum
3023 3891 3141 3959 ejus
3164 3889 3588 3946 adolescentiam
3618 3888 3933 3955 delendam,

613 3985 932 4043 exhortatur
963 3981 1154 4056 (Num.
1189 3981 1220 4035 7
1251 3991 1298 4036 et
1325 3979 1483 4051 mp),
1517 3982 1741 4038 eosdem
1768 3995 1892 4036 cum
1917 3981 2162 4036 victoria:
2179 3997 2247 4037 ex
2276 3981 2522 4053 Eugenio
2552 3983 2815 4038 divinitus
2838 3984 3048 4050 telalm,
3082 3995 3193 4038 tum
3221 3985 3490 4040 variarum
3515 3985 3652 4037 tanti
3678 3986 3932 4056 principis

613 4079 870 4133 vii-tutum
898 4076 1162 4131 memoria
1194 4071 1461 4144 instigans
1494 4071 1686 4144 (Nam.
1724 4073 1793 4129 l2
1824 4083 1873 4128 et
1902 4072 2058 4146 αφ).
2096 4073 2355 4146 Adjungit
2382 4084 2564 4131 autent
2593 4073 2785 4148 (Nunt.
2820 4077 2890 4132 15
2926 4086 2975 4130 et
3004 4073 3094 4143 lli)
3121 4076 3412 4133 Arcadium
3440 4086 3604 4146 atque
3630 4076 3930 4132 llonorium

610 4185 720 4227 non
747 4169 977 4225 minoris
1006 4168 1186 4224 {etatis
1211 4182 1355 4230 esse,
1387 4183 1551 4237 quam
1578 4165 1760 4222 Josias
1787 4174 1846 4221 et
1874 4167 1981 4222 Asa
2010 4208 2025 4230 ,
2069 4168 2287 4238 quando
2313 4169 2557 4238 regimen
2588 4169 2913 4240 portulorum
2946 4170 3391 4240 capessiveruut;
3424 4169 3672 4225 l'nznrnm
3705 4187 3844 4228 vero
3881 4181 3930 4224 ut

607 4265 718 4323 illis
748 4275 903 4320 tanto
932 4262 1159 4318 uberius
1182 4259 1493 4331 praesidium
1519 4261 1777 4328 impetret
1801 4275 1830 4314 a
1854 4260 1966 4316 Deo
1989 4259 2351 4324 Theodosius,
2381 4271 2584 4332 quanto
2607 4276 2718 4331 pra:
2740 4260 2931 4316 horum
2961 4262 3278 4332 parentibus
3301 4262 3489 4332 majori
3521 4262 3730 4333 pietate
3756 4265 3928 4318 excelo

607 4359 806 4416 luerat.
839 4357 977 4413 Tum
1007 4356 1258 4412 inStituta
1292 4354 1484 4425 ps:ilmi
1512 4369 1635 4409 cxtv
1658 4354 2000 4425 expositione
2027 4353 2218 4428 (Num.
2257 4356 2323 4411 l7
2353 4368 2398 4410 et
2425 4373 2512 4427 seq
2539 4355 2584 4428 ),
2616 4358 2764 4411 illum
2793 4357 2859 4412 ad
2893 4358 3248 4413 illustrandas
3286 4356 3533 4429 ejusdem
3576 4358 3926 4428 imperatoris

604 4453 835 4509 virtutes
863 4450 1088 4506 adhibet
1110 4447 1451 4521 (Numaxv,
1484 4457 1532 4502 et
1549 4446 1706 4517 θεῷ),
1742 4447 1996 4502 nimirum
2027 4448 2278 4516 pietatem
2310 4450 2451 4518 ejus,
2479 4449 2852 4515 clementiam,
2877 4450 3144 4520 justitiam
3187 4462 3243 4507 et
3270 4465 3539 4506 summam
3566 4451 3620 4505 in
3645 4450 3925 4507 subeundo

604 4545 842 4620 publica:
895 4541 1230 4616 pteniteutize
1283 4541 1413 4611 jngo
1472 4539 1835 4594 humilitatem
1879 4557 1892 4593 :
1941 4542 2141 4612 quibus
2183 4552 2238 4598 et
2279 4544 2413 4598 alias
2462 4543 2722 4614 quasdam
2766 4559 2886 4614 qua:
2941 4559 3092 4600 suam
3144 4545 3198 4601 in
3248 4544 3424 4617 ipsum
3485 4545 3923 4601 benevolentiam

602 4640 1040 4711 charitatemqne
1093 4636 1438 4708 pellexerant
1461 4631 1635 4706 (Num
1664 4634 1734 4688 55
1760 4645 1808 4688 et
1837 4633 1994 4704 δρψ).
2043 4635 2133 4690 ubi
2168 4636 2466 4706 subjouxit,
2497 4653 2842 4694 eoittmunem
2889 4654 2988 4709 pro
3034 4639 3128 4695 illo
3177 4640 3551 4711 precationem
3582 4655 3614 4694 e
3637 4640 3923 4694 memorati

600 4730 798 4805 psalmi
819 4732 1068 4787 versibus
1097 4728 1484 4783 concinnatam
1517 4723 1828 4793 pronuntiat
1851 4721 2042 4795 (Num.
2065 4725 2135 4780 36
2152 4741 2200 4780 et
2228 4727 2385 4798 δαίμ),
2409 4727 2622 4781 etiamsi
2651 4729 2854 4796 passim
2887 4737 3120 4784 testclur
3139 4729 3388 4785 eumdem
3417 4729 3682 4785 virtutum
3701 4746 3924 4786 snarum

597 4824 843 4897 pnetniis
873 4824 924 4878 iit
973 4821 1114 4878 coelo
1141 4819 1268 4876 frui.
1305 4817 1532 4872 Beatum
1563 4816 1673 4871 illic
1703 4831 1826 4871 eum
1857 4831 1982 4873 esse
2013 4816 2267 4885 aflirmat,
2298 4819 2441 4889 qttod
2469 4819 2735 4884 Gratiani.
2766 4820 3109 4890 aliorumque
3137 4822 3435 4878 liberorum
3468 4833 3519 4876 et
3547 4823 3742 4878 uxuris
3766 4824 3922 4880 Flac-

597 4918 740 4975 cilla:
804 4915 1088 4973 consortio
1115 4913 1225 4984 jam
1288 4911 1529 4983 potiatur
1557 4911 1700 4965 sicut
1728 4911 1890 4966 etiam
1922 4910 2263 4966 Consmntini
2294 4912 2716 4969 cluistianornm
2743 4915 3134 4984 imperatorum
3171 4915 3348 4986 primi,
3393 4931 3498 4987 quo
3544 4915 3649 4970 sub
3674 4917 3924 4988 principe

595 5029 627 5072 a
651 5021 838 5070 sancta
871 5013 1073 5068 llelena
1104 5009 1224 5080 ejus
1247 5016 1477 5078 parente
1507 5005 1806 5061 Dominicae
1833 5005 2232 5075 erttcislignum
2260 5006 2535 5062 detectum
2556 5017 2638 5062 est
2663 5007 2854 5079 (Nam.
2877 5009 2948 5064 59
2978 5017 3026 5063 et
3054 5007 3212 5080 πᾳ).
3239 5008 3476 5079 llujusce
3505 5005 3632 5078 ligni
3663 5009 3922 5079 pt'azsidio

595 5106 820 5163 fractam
848 5119 972 5159 esse
996 5112 1355 5174 tyrannorum
1405 5097 1749 5153 insolentiam
1773 5140 1786 5162 ,
1821 5096 2312 5165 eoulirmatamque
2341 5098 2765 5154 christianornm
2789 5098 3064 5154 Cara-arum
3098 5101 3260 5156 tidem
3285 5115 3348 5155 ac
3376 5101 3631 5170 pietatem
3656 5100 3796 5157 dicit
3823 5120 3837 5167 ;
3871 5103 3920 5155 in

590 5199 784 5272 primis
807 5212 938 5253 vero
964 5194 1208 5252 Gratiani
1228 5190 1625 5256 etTheodosii,
1650 5206 1884 5262 quorum
1912 5190 2143 5262 gloriam
2174 5191 2224 5246 ei
2247 5207 2348 5262 qua
2378 5192 2486 5247 vivi
2511 5192 3000 5263 ﬂoruerantJonge
3021 5203 3281 5262 praestare
3298 5203 3576 5250 asseverat
3597 5192 3917 5266 (Num.5‘2}.

591 5293 840 5365 Denique
871 5288 1062 5365 (Nam.
1090 5286 1186 5359 53)
1219 5287 1309 5342 ubi
1337 5283 2134 5340 demonstravitTheodosium
2165 5287 2315 5356 gravi
2341 5287 2472 5356 jugo
2503 5302 2752 5357 pressum
2785 5288 2976 5355 fuisse,
3012 5289 3190 5360 primo
3217 5305 3338 5344 cum
3371 5298 3527 5360 pater
3554 5288 3678 5360 ejus
3706 5293 3916 5348 crudeli

589 5395 768 5444 morte
819 5384 1049 5441 allectus
1077 5381 1197 5446 fuit,
1254 5381 1451 5436 iterum
1504 5396 1630 5435 cum
1681 5377 1894 5448 imperii
1945 5376 2156 5447 pondus
2213 5379 2266 5432 in
2321 5393 2382 5433 se
2425 5381 2687 5450 sustepit,
2719 5393 2994 5451 posuemo
3021 5397 3144 5435 cum
3179 5382 3477 5437 Maximum
3507 5397 3574 5438 ac
3604 5383 3914 5456 Eugenium

586 5479 736 5539 bello
761 5477 1026 5534 adhortns
1053 5487 1160 5540 εει,
1190 5473 1492 5530 llonorium
1515 5482 1703 5542 postea
1726 5471 2047 5527 consolatur
2076 5471 2401 5542 (Num.£4),
2431 5472 2576 5541 qttod
2605 5474 2704 5543 ipsi
2736 5490 2832 5544 per
2855 5473 3130 5546 publicam
3164 5492 3272 5531 non
3295 5476 3458 5532 liceat
3488 5477 3794 5535 utilitatem
3825 5496 3916 5552 pa-

586 5581 806 5630 ternum
835 5585 1035 5637 corpus
1066 5565 1326 5636 prosequi
1354 5561 1917 5632 Constantinopolim,
1951 5576 2061 5628 quo
2090 5561 2223 5616 illud
2270 5561 2611 5618 nobilissima
2663 5578 2864 5636 pompa
2891 5564 3240 5622 referendum
3269 5580 3427 5632 esse,
3457 5581 3523 5623 ac
3562 5583 3689 5625 eam
3721 5571 3910 5628 urbem

578 5649 801 5723 felicem
832 5670 940 5718 tam
972 5670 1201 5730 augusto
1234 5659 1463 5730 pignore
1490 5656 1729 5710 futuram
1762 5650 2020 5724 pra-dicat
2043 5651 2235 5725 (Num.
2265 5654 2385 5723 55.)

657 5755 796 5811 lluic
819 5753 1062 5810 orationi
1091 5749 1393 5825 pra-ﬁgitur
1436 5749 1492 5804 in
1519 5747 1806 5806 codicibus
1827 5743 2158 5818 quibusdam
2190 5747 2308 5807 haec
2341 5745 2637 5821 epigraphe
2661 5791 2679 5817 ,
2729 5747 2974 5807 Psalmutt
2997 5767 3143 5819 cxtv,
3184 5753 3238 5808 in
3271 5753 3429 5808 (ibim
3459 5754 3757 5817 Theodosii
3779 5760 3906 5831 imp.
