4022 6192
143 302 283 360 1385
1276 300 1364 356 DE
1405 296 1606 356 UBl'l‘U
1648 300 1777 356 THE

1885 301 2015 356 0511
2055 299 2332 356 ORATIO.
3311 299 3452 356 1586

135 415 282 471 haud
307 415 474 472 dubie
504 422 727 486 pr0pter
757 413 1162 484 expositionem
1188 413 1434 484 ejusdem
1469 413 1665 484 psalmi
1688 413 1800 468 illic
1831 414 2116 478 insertam,
2139 411 2233 467 sed
2261 411 2490 468 aliorum
2513 411 2762 466 codicum
2789 419 2896 466 tam
2924 412 3258 482 scriptorum
3290 428 3456 483 quam

133 510 412 566 editorum
441 509 623 579 potior
651 507 934 578 inscriptio
961 517 1065 563 est.
1092 507 1268 562 Porro
1295 523 1418 561 cum
1449 506 1692 563 eamdem
1722 508 2026 562 orationem
2054 506 2144 562 die
2172 522 2201 560 a
2225 514 2400 562 morte
2428 505 2722 562 Theodosii
2754 507 3174 578 quadragesimo
3214 506 3456 564 habitam

135 611 377 668 constet,
436 601 690 672 buncque
733 598 1035 670 principem
1068 614 1153 653 xvr
1193 598 1299 652 kal.
1340 597 1619 668 januarias
1663 598 1794 652 anni
1838 597 2032 652 salutis
2061 596 2166 652 595
2197 597 2513 667 exspirasse
2541 612 2696 668 teque
2725 606 2937 652 certum
2979 596 3073 664 sit,
3118 596 3370 653 eamdem
3408 614 3460 653 vt

137 697 254 752 kal.
287 696 427 752 febr.
454 696 658 752 dietam
680 694 846 751 fuisse
876 694 1247 766 intelligimus.
1267 693 1456 764 Neque
1486 702 1668 748 tamen
1699 691 2152 749 dissimulandum
2173 691 2672 764 Magdeburgenses
2697 692 2936 764 (Centur.
2968 707 3045 759 tv,
3065 709 3184 764 cap.
3209 692 3244 748 4
3267 700 3315 746 et
3345 691 3462 762 15),

135 789 388 860 aliosque
418 788 716 846 nonnullos
745 804 814 844 an
845 787 949 844 hoc
975 787 1281 859 epicedium
1311 788 1603 843 Ambrosio
1628 786 1974 843 tribuendum
2005 787 2096 853 sit,
2131 787 2183 841 in
2212 786 2436 842 dubium
2465 801 2777 842 revocasse.
2813 786 3014 843 Verum
3044 801 3146 842 nec
3178 786 3464 854 minimam

136 883 290 940 dubii
319 883 405 940 sui
435 885 704 941 rationein
735 882 993 952 reddunt,
1019 893 1074 939 et
1095 891 1285 939 contra
1314 883 1466 953 ipsos
1489 883 1696 938 intexta
1725 881 2118 938 historicorum
2146 891 2439 940 eventuum
2463 881 2852 954 series,stylus
2878 881 3081 953 operis,
3097 882 3470 954 etScriptura:

141 977 578 1049 interpretanda:
609 985 667 1034 et
693 983 1020 1048 argumento
1051 974 1530 1033 accommodandae
1557 975 1697 1031 ratio
1732 975 1940 1031 invicte
1970 983 2234 1046 pugnant.

172 1121 455 1129 A“__———'——-
2162 1122 3426 1134 “q—WM-_~

513 1156 3435 1406 mm

1299 1484 1879 1570 MEDIOLANENSIS
1922 1485 2261 1570 EPISCOPI

149 1638 426 1780 DE
555 1559 1179 1787 OBITU
1297 1559 2429 1781 ᾗῖιὲὅιῦὂέιι
2542 1635 3332 1791 ORATIO
3378 1665 3463 1786 α.

232 1959 440 2032 1197
476 1961 526 2015 l.
559 1959 672 2015 Hoc
687 1959 884 2016 nobisb
907 1968 1088 2015 motus
1118 1958 1636 2028 terrarum‘graves,
1659 1954 1764 2009 hoc
1793 1967 1845 2026 Α
1939 1954 1994 2008 3.
2025 1953 2158 2024 Ejus
2184 1970 2315 2025 ergo
2360 1954 2625 2026 principis
2660 1965 2715 2012 et
2741 1959 2991 2028 proxime
3016 1961 3482 2019 conclamavimus

143 2049 310 2121 juges
325 2052 520 2121 pluviae
535 2051 970 2117 minabantur,et
988 2052 1132 2106 ultra
1175 2050 1401 2106 solitum
1415 2049 1592 2120 caligo
1609 2057 1762 2103 tene-

156 2140 386 2197 brosior
411 2141 796 2208 denuntiabat,
824 2143 967 2213 quod
988 2141 1448 2198 clementissimus
1471 2140 1770 2210 imperator

155 2234 510 2290 Theodosius
533 2249 863 2291 excessurus
893 2244 1044 2291 esset
1075 2250 1106 2290 e
1136 2235 1321 2290 terris.
1347 2234 1468 2304 Ipsa
1484 2232 1648 2302 igitur
1677 2246 1770 2286 ex-

155 2343 375 2385 cessum
401 2328 520 2399 ejus
541 2328 813 2385 elementa
839 2329 1164 2385 maerebant.
1184 2325 1393 2384 Caelum
1411 2324 1652 2382 tenebris
1673 2324 1769 2378 ob-

153 2424 404 2490 ductum,
421 2438 512 2480 aer
528 2424 741 2494 perpeti
755 2423 986 2479 horrens
1001 2423 1252 2494 caligine,
1264 2430 1408 2479 terra
1423 2419 1771 2492 quatiebatur

159 2517 425 2583 motibus,
463 2516 785 2587 replebatur
827 2531 1095 2588 aquarum
1137 2514 1523 2571 alluvionibus.
1567 2510 1768 2580 Quidni

162 2612 404 2670 mundus
420 2613 536 2684 ipse
550 2612 780 2669 deﬁeret
798 2627 922 2668 eum
940 2612 1246 2683 principem
1264 2609 1526 2666 continuo
1539 2621 1662 2665 esse
1679 2620 1769 2661 ra-

161 2709 450 2782 piendum,
478 2724 577 2780 per
598 2722 760 2780 quem
791 2706 925 2762 dura
949 2705 1136 2762 mundi
1165 2705 1324 2762 istius
1349 2702 1647 2776 temperari
1687 2717 1774 2758 so-

161 2803 362 2868 lerent;
387 2817 511 2858 cum
533 2800 826 2857 criminum
848 2814 1040 2871 poenas
1061 2797 1394 2871 indulgentia
1416 2797 1772 2869 praeveniret.

233 2898 291 2954 2.
327 2898 396 2954 Et
447 2897 540 2954 ille
577 2897 802 2969 quidem
831 2908 853 2936 ο
883 2896 1020 2952 abiit
1061 2896 1313 2968 accipere
1359 2894 1460 2951 sibi
1508 2909 1737 2966 regnum
1760 2934 1773 2958 ,

163 2989 311 3063 quod
330 3004 440 3045 non
461 2989 739 3059 deposuit,
769 2988 867 3046 sed
889 2989 1120 3045 mutavit
1155 2989 1210 3044 in
1237 2987 1589 3044 tabernacula
1615 2986 1776 3042 Chri-

163 3085 234 3142 sti
260 3085 387 3155 jure
431 3083 650 3155 pietatis
677 3083 966 3155 [adscitus,
999 3083 1055 3139 in
1107 3083 1255 3139 illam
1305 3083 1648 3139 Hierusalem
1685 3093 1778 3137 su-

168 3193 398 3251 pernam
422 3219 435 3244 ,
484 3178 578 3232 ubi
609 3191 755 3232 nunc
808 3177 1020 3246 positus
1047 3176 1181 3232 dicit
1206 3195 1219 3231 :
1265 3175 1417 3232 Sicut
1447 3175 1739 3230 audivimus
1760 3216 1775 3242 ,

166 3274 241 3326 ita
266 3282 312 3326 et
338 3271 563 3326 vidimus
610 3271 666 3323 in
711 3269 913 3324 civitate
943 3268 1160 3323 Domini
1188 3269 1460 3336 virtutum,
1489 3269 1543 3322 in
1571 3269 1778 3323 civitate

1876 2047 2092 2119 1198
2112 2047 2342 2115 obitum,
2363 2055 2578 2105 etnunc
2603 2050 3080 2122 quadragesimam
3113 2055 3480 2123 celebramus,

1869 2139 2162 2195 assistente
2173 2139 2346 2194 sacris
2359 2139 2626 2196 altaribus
2638 2141 2885 2198 Honorio
2903 2145 3154 2217 principe
3172 2149 3323 2219 ;quia
3339 2149 3484 2205 sicut

1872 2241 2097 2288 sanctus
2125 2232 2327 2304 Joseph
2377 2235 2518 2304 patri
2568 2249 2667 2291 suo
2694 2235 2864 2293 Jacob
2895 2238 3255 2310 quadraginta
3287 2241 3483 2300 diebus

1840 2345 1842 2347 ’
1871 2328 2209 2386 humationis
2234 2329 2415 2387 ofﬁcia
2446 2331 2663 2400 detulit,
2693 2333 2766 2390 ita
2795 2345 2848 2391 et
2881 2335 2969 2391 hic
2996 2337 3308 2395 Theodosio
3339 2342 3481 2410 patri

1867 2423 2014 2492 justa
2046 2424 2332 2494 persolvit.
2364 2425 2429 2480 Et
2454 2425 2581 2496 quia
2612 2437 2635 2464 θ
2670 2426 2760 2483 alii
2804 2429 3022 2484 tertium
3056 2429 3199 2486 diem
3229 2440 3287 2486 et
3313 2433 3484 2503 trige-

1871 2515 2162 2586 gesimum,
2192 2516 2285 2572 alii
2313 2517 2606 2588 septimum
2662 2528 2717 2574 et
2759 2521 3240 2592 quadragesimum
3289 2525 3481 2582 obser-

1873 2625 2004 2667 vare
2028 2619 2471 2680 consueverunt,
2527 2613 2657 2684 quid
2703 2613 2899 2670 doceat
2929 2616 3123 2682 lectio,
3157 2617 3481 2675 considere-

1875 2720 2016 2762 mus.
2044 2705 2313 2763 Defuncto
2336 2708 2521 2778 itaque
2548 2707 2737 2776 Jacob,
2766 2712 3038 2782 prazcepit,
3063 2711 3260 2782 inquit,
3285 2711 3485 2784 Ioseph

1877 2799 2049 2871 pueris
2076 2800 2428 2870 sepultoribus
2450 2842 2465 2868 ,
2499 2810 2555 2855 ut
2581 2803 2861 2872 sepelirent
2900 2819 3037 2858 eum.
3072 2803 3140 2857 Et
3167 2805 3483 2876 sepelierunt

1876 2894 2164 2966 sepultores
2190 2891 2384 2961 Israel,
2438 2902 2488 2948 et
2525 2896 2710 2967 repleti
2735 2906 2856 2953 sunt
2886 2899 2932 2952 ei
2960 2898 3311 2971 quadraginta
3339 2900 3484 2965 dies;

1876 2989 1951 3042 sic
1981 2989 2116 3043 enim
2145 2988 2542 3044 dinumerantur
2570 2989 2679 3045 dies
2705 2991 3010 3062 sepulturw.
3049 2991 3115 3047 Et
3143 2993 3281 3048 luxit
3311 3010 3427 3049 eum
3463 2992 3480 3030 ί

1878 3079 2148 3153 ngyptus
2195 3083 2524 3154 septuaginta
2552 3081 2736 3138 diebus
2766 3083 2922 3156 (Gen.
2956 3103 2986 3139 L
3013 3127 3029 3151 ,
3071 3085 3154 3155 2).
3191 3085 3318 3142 Haec
3349 3101 3484 3158 ergo

1879 3175 2156 3246 sequenda
2188 3176 2548 3243 solemnitas,‘
2583 3191 2744 3247 quam
2795 3177 3110 3248 praescribit
3148 3180 3333 3237 lectio.
3376 3180 3484 3238 Sed

1878 3267 2042 3322 etiam
2062 3267 2118 3322 in
2145 3268 2570 3325 Deuteronomio
2587 3270 2848 3341 scriptum
2870 3281 2954 3328 est
2976 3289 2988 3325 :
3017 3271 3154 3338 Quia
3173 3273 3490 3344 planxerunt

168 3366 267 3422 Dei
290 3365 490 3429 nostri,
536 3379 690 3433 quant
728 3360 874 3417 Deus
919 3360 1158 3434 [undavit
1201 3362 1256 3416 in
1295 3371 1545 3417 wternum
1597 3359 1774 3433 (Psal.
1806 3377 1853 3438 Β
1881 3359 1980 3429 ﬁlii
2009 3358 2177 3415 Israel
2206 3359 2426 3432 Moysen
2449 3361 2629 3418 diebus
2651 3363 2887 3435 triginta,
2924 3374 2971 3420 et
3000 3367 3344 3422 consummati
3367 3377 3488 3422 sunt

175 3476 348 3525 vau,
375 3457 456 3531 9).
481 3456 590 3514 Sed
619 3456 888 3528 plurimos
918 3465 1196 3526 tamquam
1227 3465 1457 3526 paterno
1483 3455 1774 3512 destitutos

171 3551 432 3626 praesidio
480 3550 816 3622 dereliquit,
853 3564 917 3605 ac
948 3549 1295 3620 potissimum
1333 3549 1496 3604 lilios.
1529 3548 1638 3605 Sed
1669 3565 1776 3604 non

171 3654 302 3702 sunt
326 3643 612 3713 destituti,
663 3657 801 3715 quos
829 3643 1051 3714 pietatis
1095 3657 1207 3699 suae
1233 3642 1452 3713 reliquit
1485 3641 1732 3697 hazredes
1759 3659 1774 3697 :

171 3757 280 3798 non
308 3751 437 3796 sunt
465 3738 740 3806 destituti,
763 3737 959 3809 quibus
981 3736 1188 3794 Christi
1209 3736 1497 3809 acquisivit
1519 3736 1772 3806 gratiam,

171 3833 195 3872 ι¹
239 3847 294 3890 ct
321 3833 602 3890 exercitus
629 3832 822 3888 iidem:
867 3831 956 3887 cui
995 3830 1327 3886 documento
1367 3830 1469 3885 fuit
1497 3829 1664 3884 Deum
1697 3827 1777 3883 fa-

172 3942 302 3984 vere
331 3926 549 3998 pietati,
577 3923 928 3997 ultoremque
958 3937 1082 3979 esse
1113 3922 1376 3992 perﬁdiae.

251 4080 273 4106 ιι
314 4068 530 4138 Scripta
553 4080 698 4122 anno
725 4065 856 4138 315.

251 4140 275 4178 θ’
306 4131 652 4196 Marcellinus
669 4139 721 4191 in
740 4133 1018 4191 Chronico
1039 4141 1228 4188 auctor
1239 4141 1346 4198 est,
1369 4131 1653 4202 proﬂigato
1674 4131 1780 4186 Eu-

174 4213 360 4285 genio,
388 4220 588 4285 terram
636 4206 911 4285 continuis
937 4204 1236 4285 motibusa
1268 4218 1457 4285 mense
1484 4203 1781 4285 septembri

176 4273 242 4341 5a
278 4273 629 4339 novembrem
681 4292 852 4349 usque
882 4277 936 4332 in
965 4275 1288 4349 quibusdam
1303 4274 1556 4349 _Europae
1598 4273 1778 4346 regio-

181 4355 340 4411 nibus
362 4361 673 4422 quassatam
697 4345 866 4422 iui'sse
885 4347 1126 4422 Arcadio
1144 4362 1207 4422 ιιι
1226 4356 1281 4402 et
1302 4345 1545 4402 Honorio
1566 4361 1605 4399 ιι
1631 4345 1776 4422 coss.

178 4428 283 4484 hoc
313 4416 418 4491 est,
444 4437 588 4478 anno
617 4419 746 4483 594,
777 4416 1178 4490 qlliThCOdOSii
1201 4427 1432 4473 mortem
1454 4417 1776 4491 antecessit.

253 4511 274 4537 ε
316 4489 761 4560 Vet.edit.,‘abiit
791 4489 886 4546 sibi
908 4492 961 4545 in
981 4506 1220 4562 regnum,
1249 4491 1424 4560 quod;
1452 4489 1611 4562 Rom.
1638 4489 1776 4562 edit.

178 4585 245 4626 ac
273 4583 406 4626 mss.
455 4568 666 4636 aliquot
691 4606 705 4628 ,
755 4563 879 4618 abiit
903 4563 1023 4628 sibi,
1044 4561 1403 4636 regnumque;
1430 4561 1524 4636 alii
1551 4561 1676 4636 eod.
1701 4569 1784 4636 _ut

178 4657 280 4698 nos
313 4641 366 4695 iu
400 4631 571 4702 textu,
604 4637 649 4691 si
678 4637 896 4692 Belvae.
931 4631 1176 4703 excipias
1201 4675 1217 4700 ,
1248 4631 1340 4689 ubi
1368 4632 1564 4700 habes,
1596 4631 1664 4685 Et
1694 4632 1784 4686 ille

179 4712 387 4785 quidem
409 4725 625 4785 regnum
656 4725 759 4763 non
790 4706 1050 4785 deposuit,
1067 4714 1192 4785 _etc.

252 4781 280 4820 d
304 4775 642 4838 Theodosius
665 4795 786 4835 cum
813 4775 879 4833 iis
899 4776 1322 4848 ignovisset,qui
1343 4775 1571 4847 Eugenii
1602 4783 1784 4848 partes

181 4853 417 4920 amplexi
441 4861 622 4915 erant,
648 4852 771 4906 illos
790 4851 843 4905 in
872 4847 1192 4920 perpetuum
1218 4858 1271 4904 et
1297 4849 1402 4903 sibi
1433 4860 1488 4904 et
1517 4847 1785 4920 liliissuis

183 4917 443 4982 devinxit.
470 4923 582 4978 Hoc
607 4922 764 4978 fateri
784 4917 1005 4976 coactus
1036 4919 1139 4974 fuit
1165 4919 1419 4974 Zozimus
1442 4920 1537 4974 lib.
1561 4935 1613 4972 tv
1641 4917 1783 4973 Hist.

185 5005 242 5054 et
287 4995 636 5060 Claudianus,
662 5008 821 5064 quem
846 4992 1121 5064 ethnicutn
1167 4990 1586 5064 etiamOrpsius
1618 4989 1782 5064 facit,

187 5067 432 5125 eamdem
458 5083 568 5121 rem
601 5069 651 5120 in
679 5061 960 5135 'l’anegyr.
985 5063 1049 5118 de
1069 5079 1122 5117 IV
1147 5063 1362 5135 consul.
1394 5061 1602 5115 Honor.
1633 5061 1788 5116 testi-

190 5141 379 5195 licatur
408 5139 461 5193 in
491 5153 554 5194 ea
583 5137 787 5203 verba,
839 5134 1035 5206 quibus
1084 5134 1222 5206 nihil
1265 5141 1448 5206 potest
1493 5147 1616 5188 esse
1659 5146 1788 5188 con-

186 5210 470 5287 gruentius
496 5224 619 5265 cum
649 5204 973 5272 Ambrosio;
1006 5205 1087 5262 sic
1116 5204 1399 5261 enimille:

280 5325 406 5375 Hinc
430 5336 583 5386 amor,
609 5323 721 5372 hinc
746 5321 972 5386 validum,
996 5321 1176 5372 devoto
1201 5319 1376 5383 milite,
1406 5321 1585 5371 robur:

281 5388 406 5438 Hinc
431 5388 556 5438 natis
572 5385 805 5436 mansura
825 5385 968 5447 ﬁdes,
996 5392 1092 5435 etc.

264 5505 288 5535 ε
321 5495 477 5551 Rom.
524 5493 656 5550 edit.
693 5495 828 5560 sola,
871 5494 964 5548 alii
1001 5493 1206 5548 tertium
1247 5492 1399 5559 diem,
1444 5489 1536 5546 alii
1580 5490 1786 5561 trigesie

189 5583 348 5630 nium,
379 5567 471 5622 alii
494 5567 788 5638 septimum,
820 5575 865 5619 et
891 5565 985 5638 alii
1011 5565 1486 5638 quadragesimum.
1513 5562 1621 5638 Sed
1648 5560 1782 5638 nihil

188 5649 274 5698 est
297 5632 612 5695 imitandum
636 5638 689 5692 in
713 5637 985 5690 communi
1009 5632 1265 5703 lectione,
1286 5636 1331 5690 si
1353 5635 1518 5690 modo
1541 5634 1592 5688 in
1613 5632 1782 5703 priori

187 5712 468 5776 membro,
511 5710 718 5764 tertium
739 5709 904 5772 diem,
949 5717 997 5762 et
1035 5708 1388 5780 trigesimum;
1415 5714 1472 5780 et
1510 5706 1563 5760 in
1597 5714 1781 5780 poste-

187 5784 316 5840 riori
326 5774 622 5851 ,septimum
635 5788 685 5836 et
699 5774 1496 5851 quadragesimuin,disjunctito
1513 5774 1780 5851 accipias.

187 5847 356 5915 Tertii
383 5847 514 5925 diei,
546 5862 603 5912 et
631 5847 1028 5924 quadragesimi
1059 5847 1395 5909 mentionem
1424 5847 1553 5905 facit
1576 5847 1784 5904 Auctor

664 5947 943 6010 ΡΑτιιοι..
983 5945 1156 6008 XVI.

1883 3451 1993 3506 dies
2023 3451 2195 3507 lactus
2222 3452 2401 3526 (Deut.
2431 3471 2614 3522 xxxiv,
2641 3455 2720 3525 8).
2757 3456 2995 3528 Utraque
3015 3473 3146 3529 ergo
3169 3459 3486 3518 observatio

1883 3545 2047 3604 habet
2071 3549 2476 3622 auctoritatem;
2499 3550 2628 3621 quia
2657 3553 3026 3607 necessarium
3050 3552 3272 3627 pietatis
3295 3556 3488 3627 imple-

1884 3649 1971 3695 tur
1997 3637 2259 3697 ofﬁcium.

1955 3732 2010 3787 4.
2047 3733 2230 3791 Bonus
2261 3735 2444 3806 itaque
2489 3735 2724 3807 Joseph,
2755 3737 2848 3807 qui
2879 3737 3108 3793 formam
3151 3739 3242 3810 pio
3268 3742 3481 3798 muneri

1884 3826 2058 3895 dedit,
2088 3843 2251 3898 quem
2278 3827 2495 3883 amabat
2517 3837 2704 3899 pater,
2738 3830 2936 3901 cuique
2959 3830 3133 3886 dixit:
3166 3833 3389 3901 Adjuvet
3442 3845 3490 3889 te

1882 3920 2024 3978 Deus
2047 3939 2216 3991 meus,
2247 3932 2295 3977 et
2320 3923 2586 3979 benedicat
2617 3933 2664 3979 te
2693 3925 3043 3981 benedictione
3069 3935 3220 3982 terra:
3249 3927 3483 3984 habentis

1807 4060 1852 4124 C
1881 4056 2122 4136 Gopstit.
2159 4059 2354 4136 Apost.
2401 4058 2496 4114 lib.
2525 4074 2620 4136 vni
2645 4100 2658 4122 ,
2713 4074 2835 4130 cap.
2883 4059 2994 4136 42;
3017 4061 3112 4116 sed
3159 4062 3228 4136 ab
3250 4079 3318 4120 eo
3343 4067 3488 4136 quod

1883 4130 2048 4206 habet
2092 4130 2163 4206 de
2177 4131 2294 4206 _die
2323 4145 2468 4206 ngno
2491 4174 2505 4197 ,
2563 4131 2877 4206 discrepare
2906 4132 3123 4188 videtur
3154 4130 3487 4206 Augustinus

1881 4201 2088 4274 Quaest.
2142 4201 2246 4274 172
2267 4202 2322 4257 in
2353 4201 2517 4274 Gen.,
2548 4202 2636 4258 ubi
2669 4213 2832 4274 negat
2854 4213 3192 4259 mortuorum
3220 4201 3424 4263 luctum
3455 4227 3484 4264 a

1881 4273 2206 4348 Christianis
2237 4288 2333 4343 per
2371 4273 2488 4348 dies
2516 4288 2712 4348 novem
2747 4273 2969 4348 propter
3022 4289 3356 4348 paganorum
3389 4296 3488 4336 no-

1881 4343 2100 4418 vendial
2140 4359 2276 4418 esse
2303 4345 2702 4418 celebrandum
2724 4343 2758 4400 z‘
2789 4345 2932 4418 diem
2965 4343 3119 4418 vero'
3135 4349 3425 4418 septimum
3456 4371 3487 4407 (ε

1883 4416 2184 4486 Scripturis
2207 4416 2407 4472 divinis
2427 4417 2730 4473 conStituit.
2758 4421 2829 4474 At
2847 4401 3220 4474 Menardus—tiri
3245 4401 3479 4478 Gavii—cor“.

1886 4488 2081 4560 Regul.
2123 4502 2321 4544 novem
2348 4488 2558 4545 dierum
2582 4532 2596 4554 ,
2629 4504 2735 4544 non
2783 4499 2963 4546 autem
3001 4490 3131 4546 noni
3158 4490 3264 4547 diei
3291 4492 3483 4549 obser-

1886 4561 2158 4632 vationem
2187 4561 2257 4615 ab
2282 4562 2590 4632 Augustino
2621 4561 2984 4632 improbatam
3033 4576 3157 4618 esse
3203 4563 3477 4621 observat.

1847 4705 1850 4707 Α
1886 4630 2160 4707 Palladius
2196 4632 2248 4686 in
2280 4630 2545 4707 Lausiaca
2563 4647 2684 4703 cap.
2703 4630 2809 4707 '26,
2840 4632 2948 4689 diei
2979 4633 3400 4707 quadragesimi,
3428 4647 3485 4692 et

1887 4703 2184 4774 secundum
2231 4702 2451 4759 codices
2478 4702 2690 4774 aliquos
2717 4703 2882 4759 etiam
2915 4702 3056 4764 tertii
3086 4702 3477 4763 commeminit.

1888 4773 1966 4850 De
1994 4774 2155 4850 ter_tio
2181 4789 2435 4850 quoque,
2465 4773 2625 4829 simul
2651 4784 2706 4850 et
2736 4774 2805 4850 de
2831 4776 3096 4850 septimo,
3126 4784 3291 4850 atque
3319 4779 3482 4850 trige-

1887 4847 2025 4901 simo
2050 4844 2343 4916 Gregorius
2363 4845 2586 4916 Magnus
2612 4844 2722 4915 agit
2747 4846 2800 4900 in
2828 4846 3072 4912 Sacram,
3099 4844 3284 4903 ubi‘de
3313 4844 3482 4907 missa

1891 4931 1988 4986 pro
2013 4915 2308 4992 defunctis:
2337 4931 2439 4972 nec
2458 4915 2667 4992 nonde
2697 4916 3049 4992 trigesimum
3073 4916 3167 4972 lib.
3193 4933 3245 4972 tv
3269 4918 3478 4992 Dialog.

1888 5003 2009 5059 cap.
2034 4988 2122 5044 55.
2148 4986 2418 5043 Caeterum
2438 4988 2507 5042 de
2534 4987 2684 5059 hisee
2707 4987 2901 5043 ritibus
2927 4988 3216 5059 diligenter
3240 4986 3482 5059 pertrac-

1889 5057 2008 5114 tant
2034 5060 2232 5115 citatus
2262 5059 2548 5115 Menardus
2577 5057 2632 5114 in
2656 5058 2823 5115 Cone.
2855 5057 3050 5129 Reg,
3069 5057 3394 5118 Cottel'erius
3423 5064 3478 5120 in

1888 5131 2123 5187 Constit.
2156 5132 2346 5201 Apost.
2382 5131 2502 5186 loco
2529 5130 2715 5201 citato,
2749 5139 2805 5186 et
2831 5131 3014 5200 plures
3043 5131 3154 5186 alii.

1970 5201 1987 5239 ί
2022 5199 2315 5278 Gratianus
2347 5202 2496 5278 legit,
2533 5199 2702 5256 Israel
2729 5199 2922 5278 septem
2949 5203 3149 5278 diebus.
3172 5202 3482 5278 Quamqui-

1891 5274 2015 5329 dem
2049 5273 2334 5329 lectionem
2365 5274 2491 5328 licet
2517 5287 2622 5327 non
2665 5273 2829 5328 modo
2853 5274 3062 5329 cunctis
3088 5273 3213 5330 cod.
3243 5273 3474 5336 Ambro-

1891 5345 2093 5410 sianis,
2123 5359 2316 5416 verum
2345 5343 2579 5416 etLXX
2609 5343 2842 5416 lnterpr.
2876 5353 3038 5414 atque
3070 5343 3230 5416 Vulg.
3263 5359 3484 5407 contra-

1894 5417 2032 5472 riam
2065 5430 2188 5470 esse
2217 5414 2423 5471 decreti
2445 5414 2784 5487 correctores
2808 5424 3123 5487 agnoscant,
3151 5414 3368 5474 defendi
3405 5433 3483 5477 ta—

1895 5503 2019 5543 men
2065 5501 2228 5558 posse
2252 5486 2620 5556 contendunt,
2668 5497 2781 5542 tum
2813 5486 2956 5558 quod
2997 5488 3050 5542 in
3072 5488 3326 5546 omnibus
3350 5491 3482 5549 Gra-

1894 5557 2027 5631 tiani
2053 5557 2344 5631 cod.etiam
2365 5558 2687 5631 reperiatur.
2704 5568 2815 5631 tum
2841 5559 2986 5630 quod
2999 5559 3190 5615 eodem
3215 5561 3484 5631 cap.Gen.

1887 5629 2090 5699 Joseph
2118 5639 2174 5685 et
2200 5629 2386 5686 caeteri
2432 5630 2533 5703 lilii
2576 5629 2744 5703 Israel
2792 5631 3101 5703 implevisse
3126 5629 3338 5703 septem
3364 5635 3483 5694 dies

1887 5711 2406 5775 commemorantur.
2431 5699 2628 5775 Verum
2657 5701 2830 5771 prima
2847 5699 2984 5775 ratio
3001 5701 3055 5758 id
3077 5699 3242 5775 unum
3265 5706 3482 5775 probat,

1889 5772 2208 5852 Gratianum
2265 5771 2629 5852 Ambrosiano
2683 5773 2982 5852 exemplari
3034 5773 3215 5831 minus
3265 5771 3486 5852 integro

1889 5858 2050 5902 usum
2073 5844 2267 5900 fuisse:
2289 5843 2434 5914 quod
2461 5857 2626 5914 porro
2653 5844 2722 5901 ad
2739 5843 3056 5915 secundam,
3083 5856 3238 5904 extra
3259 5843 3482 5908 dubium

2723 5938 2802 6003 Ut
