  <div class='ocr_page' id='page_1' title='image "/cluster/home/n/w/nwhite01/storage/ocr_20150623/16/uva.x000826550/702.png"; bbox 0 0 4022 6192; ppageno 0'>
   <div class='ocr_carea' id='block_1_1' title="bbox 147 253 317 315">
    <p class='ocr_par' dir='ltr' id='par_1_1' title="bbox 147 253 317 315">
     <span class='ocr_line' id='line_1_1' title="bbox 147 253 317 315; baseline -0.012 0"><span class='ocrx_word' id='word_1_1' title='bbox 147 253 317 315; x_wconf 67' lang='grc' dir='ltr'><strong>ιὸδθ</strong></span> 
     </span>
    </p>
   </div>
   <div class='ocr_carea' id='block_1_2' title="bbox 1341 234 2396 306">
    <p class='ocr_par' dir='ltr' id='par_1_2' title="bbox 1341 234 2396 306">
     <span class='ocr_line' id='line_1_2' title="bbox 1341 234 2396 306; baseline -0.01 0"><span class='ocrx_word' id='word_1_2' title='bbox 1341 246 1431 306; x_wconf 84' lang='lat' dir='ltr'><strong>DE</strong></span> <span class='ocrx_word' id='word_1_3' title='bbox 1470 243 1674 305; x_wconf 73' lang='grc' dir='ltr'><strong>081το</strong></span> <span class='ocrx_word' id='word_1_4' title='bbox 1717 234 2083 305; x_wconf 76' lang='lat' dir='ltr'><strong>THEODOSII</strong></span> <span class='ocrx_word' id='word_1_5' title='bbox 2119 235 2396 299; x_wconf 76' lang='lat' dir='ltr'><strong>ORATIO.</strong></span> 
     </span>
    </p>
   </div>
   <div class='ocr_carea' id='block_1_3' title="bbox 3382 239 3524 304">
    <p class='ocr_par' dir='ltr' id='par_1_3' title="bbox 3382 239 3524 304">
     <span class='ocr_line' id='line_1_3' title="bbox 3382 239 3524 304; baseline -0.014 -1"><span class='ocrx_word' id='word_1_6' title='bbox 3382 239 3524 304; x_wconf 68' lang='grc' dir='ltr'><strong>ιδοο</strong></span> 
     </span>
    </p>
   </div>
   <div class='ocr_carea' id='block_1_4' title="bbox 146 350 1834 435">
    <p class='ocr_par' dir='ltr' id='par_1_4' title="bbox 146 358 1816 435">
     <span class='ocr_line' id='line_1_4' title="bbox 146 358 1816 435; baseline 0 -14"><span class='ocrx_word' id='word_1_7' title='bbox 146 376 208 421; x_wconf 80' lang='lat' dir='ltr'><strong>et</strong></span> <span class='ocrx_word' id='word_1_8' title='bbox 244 362 697 435; x_wconf 68' lang='lat' dir='ltr'><strong>impedimentis</strong></span> <span class='ocrx_word' id='word_1_9' title='bbox 720 364 977 425; x_wconf 87' lang='lat' dir='ltr'><strong>calonum</strong></span> <span class='ocrx_word' id='word_1_10' title='bbox 1004 375 1201 434; x_wconf 86' lang='lat' dir='ltr'><strong>agmen</strong></span> <span class='ocrx_word' id='word_1_11' title='bbox 1227 361 1507 420; x_wconf 79' lang='lat' dir='ltr'><strong>exercitus</strong></span> <span class='ocrx_word' id='word_1_12' title='bbox 1536 358 1700 431; x_wconf 90' lang='lat' dir='ltr'><strong>paulo</strong></span> <span class='ocrx_word' id='word_1_13' title='bbox 1730 373 1816 421; x_wconf 80' lang='lat' dir='ltr'><strong>se-</strong></span> 
     </span>
    </p>
   </div>
   <div class='ocr_carea' id='block_1_5' title="bbox 1943 350 3529 435">
    <p class='ocr_par' dir='ltr' id='par_1_5' title="bbox 1943 350 3529 424">
     <span class='ocr_line' id='line_1_5' title="bbox 1943 350 3529 424; baseline 0.003 -15"><span class='ocrx_word' id='word_1_14' title='bbox 1943 353 2062 411; x_wconf 81' lang='lat' dir='ltr'><strong>itus</strong></span> <span class='ocrx_word' id='word_1_15' title='bbox 2113 352 2431 424; x_wconf 73' lang='lat' dir='ltr'><strong>angelorum</strong></span> <span class='ocrx_word' id='word_1_16' title='bbox 2486 357 2591 407; x_wconf 91' lang='lat' dir='ltr'><strong>est.</strong></span> <span class='ocrx_word' id='word_1_17' title='bbox 2623 352 2774 409; x_wconf 89' lang='lat' dir='ltr'><strong>Bona</strong></span> <span class='ocrx_word' id='word_1_18' title='bbox 2806 350 2993 422; x_wconf 87' lang='lat' dir='ltr'><strong>itaque</strong></span> <span class='ocrx_word' id='word_1_19' title='bbox 3047 350 3206 420; x_wconf 86' lang='lat' dir='ltr'><strong>ﬁdes,</strong></span> <span class='ocrx_word' id='word_1_20' title='bbox 3257 367 3378 424; x_wconf 81' lang='lat' dir='ltr'><strong>quas</strong></span> <span class='ocrx_word' id='word_1_21' title='bbox 3421 356 3529 414; x_wconf 89' lang='lat' dir='ltr'><strong>fre-</strong></span> 
     </span>
    </p>
   </div>
   <div class='ocr_carea' id='block_1_6' title="bbox 140 453 1815 528">
    <p class='ocr_par' dir='ltr' id='par_1_6' title="bbox 140 453 1815 528">
     <span class='ocr_line' id='line_1_6' title="bbox 140 453 1815 528; baseline -0.005 -13"><span class='ocrx_word' id='word_1_22' title='bbox 140 459 279 515; x_wconf 81' lang='lat' dir='ltr'><strong>rius</strong></span> <span class='ocrx_word' id='word_1_23' title='bbox 305 459 369 515; x_wconf 92' lang='lat' dir='ltr'><strong>in</strong></span> <span class='ocrx_word' id='word_1_24' title='bbox 418 458 616 515; x_wconf 85' lang='lat' dir='ltr'><strong>aciem</strong></span> <span class='ocrx_word' id='word_1_25' title='bbox 644 457 1025 524; x_wconf 89' lang='lat' dir='ltr'><strong>descenderet,</strong></span> <span class='ocrx_word' id='word_1_26' title='bbox 1054 467 1107 514; x_wconf 92' lang='lat' dir='ltr'><strong>et</strong></span> <span class='ocrx_word' id='word_1_27' title='bbox 1128 455 1433 528; x_wconf 87' lang='lat' dir='ltr'><strong>iueqnitare</strong></span> <span class='ocrx_word' id='word_1_28' title='bbox 1460 453 1637 513; x_wconf 87' lang='lat' dir='ltr'><strong>hostis</strong></span> <span class='ocrx_word' id='word_1_29' title='bbox 1664 468 1815 513; x_wconf 88' lang='lat' dir='ltr'><strong>mora</strong></span> 
     </span>
    </p>
   </div>
   <div class='ocr_carea' id='block_1_7' title="bbox 145 547 1816 620">
    <p class='ocr_par' dir='ltr' id='par_1_7' title="bbox 145 547 1816 620">
     <span class='ocr_line' id='line_1_7' title="bbox 145 547 1816 620; baseline -0.004 -12"><span class='ocrx_word' id='word_1_30' title='bbox 145 552 297 611; x_wconf 85' lang='lat' dir='ltr'><strong>belli</strong></span> <span class='ocrx_word' id='word_1_31' title='bbox 327 550 669 618; x_wconf 77' lang='lat' dir='ltr'><strong>videretur,</strong></span> <span class='ocrx_word' id='word_1_32' title='bbox 697 550 938 607; x_wconf 84' lang='lat' dir='ltr'><strong>desilivit</strong></span> <span class='ocrx_word' id='word_1_33' title='bbox 960 564 1102 620; x_wconf 90' lang='lat' dir='ltr'><strong>equo</strong></span> <span class='ocrx_word' id='word_1_34' title='bbox 1123 547 1398 620; x_wconf 84' lang='lat' dir='ltr'><strong>princeps,</strong></span> <span class='ocrx_word' id='word_1_35' title='bbox 1424 557 1477 604; x_wconf 89' lang='lat' dir='ltr'><strong>et</strong></span> <span class='ocrx_word' id='word_1_36' title='bbox 1500 557 1626 603; x_wconf 90' lang='lat' dir='ltr'><strong>ante</strong></span> <span class='ocrx_word' id='word_1_37' title='bbox 1644 547 1816 603; x_wconf 88' lang='lat' dir='ltr'><strong>aciem</strong></span> 
     </span>
    </p>
   </div>
   <div class='ocr_carea' id='block_1_8' title="bbox 148 638 1817 717">
    <p class='ocr_par' dir='ltr' id='par_1_8' title="bbox 148 638 1817 717">
     <span class='ocr_line' id='line_1_8' title="bbox 148 638 1817 717; baseline -0.005 -15"><span class='ocrx_word' id='word_1_38' title='bbox 148 645 323 702; x_wconf 80' lang='lat' dir='ltr'><strong>solus</strong></span> <span class='ocrx_word' id='word_1_39' title='bbox 356 643 769 717; x_wconf 79' lang='lat' dir='ltr'><strong>progrediens,</strong></span> <span class='ocrx_word' id='word_1_40' title='bbox 793 644 909 699; x_wconf 95' lang='lat' dir='ltr'><strong>ait:</strong></span> <span class='ocrx_word' id='word_1_41' title='bbox 942 643 1044 700; x_wconf 87' lang='lat' dir='ltr'><strong>Ubi</strong></span> <span class='ocrx_word' id='word_1_42' title='bbox 1063 652 1148 699; x_wconf 90' lang='lat' dir='ltr'><strong>cst</strong></span> <span class='ocrx_word' id='word_1_43' title='bbox 1174 640 1470 701; x_wconf 82' lang='lat' dir='ltr'><strong>Theodosii</strong></span> <span class='ocrx_word' id='word_1_44' title='bbox 1492 639 1671 695; x_wconf 80' lang='lat' dir='ltr'><strong>Deus?</strong></span> <span class='ocrx_word' id='word_1_45' title='bbox 1698 638 1817 699; x_wconf 76' lang='lat' dir='ltr'><strong>lam</strong></span> 
     </span>
    </p>
   </div>
   <div class='ocr_carea' id='block_1_9' title="bbox 152 735 1822 810">
    <p class='ocr_par' dir='ltr' id='par_1_9' title="bbox 152 735 1822 810">
     <span class='ocr_line' id='line_1_9' title="bbox 152 735 1822 810; baseline -0.004 -14"><span class='ocrx_word' id='word_1_46' title='bbox 152 738 278 797; x_wconf 85' lang='lat' dir='ltr'><strong>hoc</strong></span> <span class='ocrx_word' id='word_1_47' title='bbox 307 739 566 797; x_wconf 84' lang='lat' dir='ltr'><strong>Christo</strong></span> <span class='ocrx_word' id='word_1_48' title='bbox 599 738 884 810; x_wconf 81' lang='lat' dir='ltr'><strong>proximus</strong></span> <span class='ocrx_word' id='word_1_49' title='bbox 914 736 1261 809; x_wconf 84' lang='lat' dir='ltr'><strong>loquebatur.</strong></span> <span class='ocrx_word' id='word_1_50' title='bbox 1290 736 1427 806; x_wconf 92' lang='lat' dir='ltr'><strong>Quis</strong></span> <span class='ocrx_word' id='word_1_51' title='bbox 1457 735 1605 793; x_wconf 88' lang='lat' dir='ltr'><strong>enim</strong></span> <span class='ocrx_word' id='word_1_52' title='bbox 1633 742 1822 806; x_wconf 83' lang='lat' dir='ltr'><strong>posset</strong></span> 
     </span>
    </p>
   </div>
   <div class='ocr_carea' id='block_1_10' title="bbox 153 832 1820 906">
    <p class='ocr_par' dir='ltr' id='par_1_10' title="bbox 153 832 1820 906">
     <span class='ocr_line' id='line_1_10' title="bbox 153 832 1820 906; baseline -0.001 -17"><span class='ocrx_word' id='word_1_53' title='bbox 153 834 278 893; x_wconf 84' lang='lat' dir='ltr'><strong>hoc</strong></span> <span class='ocrx_word' id='word_1_54' title='bbox 312 835 569 902; x_wconf 79' lang='lat' dir='ltr'><strong>dicere,</strong></span> <span class='ocrx_word' id='word_1_55' title='bbox 615 835 719 892; x_wconf 82' lang='lat' dir='ltr'><strong>nisi</strong></span> <span class='ocrx_word' id='word_1_56' title='bbox 749 834 841 906; x_wconf 89' lang='lat' dir='ltr'><strong>qui</strong></span> <span class='ocrx_word' id='word_1_57' title='bbox 866 832 1087 891; x_wconf 83' lang='lat' dir='ltr'><strong>Christo</strong></span> <span class='ocrx_word' id='word_1_58' title='bbox 1116 848 1176 890; x_wconf 90' lang='lat' dir='ltr'><strong>se</strong></span> <span class='ocrx_word' id='word_1_59' title='bbox 1204 832 1487 891; x_wconf 69' lang='lat' dir='ltr'><strong>adhmrere</strong></span> <span class='ocrx_word' id='word_1_60' title='bbox 1525 846 1820 904; x_wconf 84' lang='lat' dir='ltr'><strong>cognosce-</strong></span> 
     </span>
    </p>
   </div>
   <div class='ocr_carea' id='block_1_11' title="bbox 156 925 1822 998">
    <p class='ocr_par' dir='ltr' id='par_1_11' title="bbox 156 925 1822 998">
     <span class='ocr_line' id='line_1_11' title="bbox 156 925 1822 998; baseline -0.005 -11"><span class='ocrx_word' id='word_1_61' title='bbox 156 929 300 987; x_wconf 73' lang='lat' dir='ltr'><strong>ret?</strong></span> <span class='ocrx_word' id='word_1_62' title='bbox 344 928 486 998; x_wconf 88' lang='lat' dir='ltr'><strong>Quo</strong></span> <span class='ocrx_word' id='word_1_63' title='bbox 540 928 687 987; x_wconf 90' lang='lat' dir='ltr'><strong>dicto</strong></span> <span class='ocrx_word' id='word_1_64' title='bbox 713 927 973 989; x_wconf 75' lang='lat' dir='ltr'><strong>excitavit</strong></span> <span class='ocrx_word' id='word_1_65' title='bbox 999 942 1218 994; x_wconf 87' lang='lat' dir='ltr'><strong>omnes,</strong></span> <span class='ocrx_word' id='word_1_66' title='bbox 1247 935 1305 983; x_wconf 89' lang='lat' dir='ltr'><strong>et</strong></span> <span class='ocrx_word' id='word_1_67' title='bbox 1334 925 1585 997; x_wconf 81' lang='lat' dir='ltr'><strong>exemplo</strong></span> <span class='ocrx_word' id='word_1_68' title='bbox 1630 938 1822 980; x_wconf 89' lang='lat' dir='ltr'><strong>omnes</strong></span> 
     </span>
    </p>
   </div>
   <div class='ocr_carea' id='block_1_12' title="bbox 156 1016 1817 1092">
    <p class='ocr_par' dir='ltr' id='par_1_12' title="bbox 156 1016 1817 1092">
     <span class='ocr_line' id='line_1_12' title="bbox 156 1016 1817 1092; baseline -0.004 -14"><span class='ocrx_word' id='word_1_69' title='bbox 156 1022 461 1083; x_wconf 69' lang='lat' dir='ltr'><strong>armavit.</strong></span> <span class='ocrx_word' id='word_1_70' title='bbox 491 1020 565 1077; x_wconf 83' lang='lat' dir='ltr'><strong>Et</strong></span> <span class='ocrx_word' id='word_1_71' title='bbox 575 1020 690 1092; x_wconf 88' lang='lat' dir='ltr'><strong>jam</strong></span> <span class='ocrx_word' id='word_1_72' title='bbox 712 1030 864 1081; x_wconf 82' lang='lat' dir='ltr'><strong>certe</strong></span> <span class='ocrx_word' id='word_1_73' title='bbox 892 1018 1081 1077; x_wconf 88' lang='lat' dir='ltr'><strong>senior</strong></span> <span class='ocrx_word' id='word_1_74' title='bbox 1104 1027 1287 1083; x_wconf 71' lang='lat' dir='ltr'><strong>astate,</strong></span> <span class='ocrx_word' id='word_1_75' title='bbox 1320 1018 1417 1075; x_wconf 90' lang='lat' dir='ltr'><strong>sed</strong></span> <span class='ocrx_word' id='word_1_76' title='bbox 1444 1018 1661 1075; x_wconf 88' lang='lat' dir='ltr'><strong>validus</strong></span> <span class='ocrx_word' id='word_1_77' title='bbox 1688 1016 1817 1073; x_wconf 90' lang='lat' dir='ltr'><strong>ﬁde.</strong></span> 
     </span>
    </p>
   </div>
   <div class='ocr_carea' id='block_1_13' title="bbox 241 1111 1822 1184">
    <p class='ocr_par' dir='ltr' id='par_1_13' title="bbox 241 1111 1822 1184">
     <span class='ocr_line' id='line_1_13' title="bbox 241 1111 1822 1184; baseline -0.003 -12"><span class='ocrx_word' id='word_1_78' title='bbox 241 1115 310 1172; x_wconf 91' lang='lat'><strong>8.</strong></span> <span class='ocrx_word' id='word_1_79' title='bbox 359 1123 392 1157; x_wconf 67' lang='grc' dir='ltr'><strong>α</strong></span> <span class='ocrx_word' id='word_1_80' title='bbox 423 1111 733 1171; x_wconf 80' lang='lat' dir='ltr'><strong>Theodosii</strong></span> <span class='ocrx_word' id='word_1_81' title='bbox 774 1126 908 1184; x_wconf 87' lang='lat' dir='ltr'><strong>ergo</strong></span> <span class='ocrx_word' id='word_1_82' title='bbox 931 1111 1069 1168; x_wconf 91' lang='lat' dir='ltr'><strong>ﬁdes</strong></span> <span class='ocrx_word' id='word_1_83' title='bbox 1091 1111 1190 1167; x_wconf 89' lang='lat' dir='ltr'><strong>fuit</strong></span> <span class='ocrx_word' id='word_1_84' title='bbox 1214 1119 1393 1169; x_wconf 83' lang='lat' dir='ltr'><strong>vestra</strong></span> <span class='ocrx_word' id='word_1_85' title='bbox 1424 1111 1650 1167; x_wconf 77' lang='lat' dir='ltr'><strong>victoria</strong></span> <span class='ocrx_word' id='word_1_86' title='bbox 1686 1127 1700 1163; x_wconf 91' lang='lat'><strong>:</strong></span> <span class='ocrx_word' id='word_1_87' title='bbox 1731 1124 1822 1167; x_wconf 55' lang='lat' dir='ltr'><strong>ve.</strong></span> 
     </span>
    </p>
   </div>
   <div class='ocr_carea' id='block_1_14' title="bbox 160 1205 1823 1278">
    <p class='ocr_par' dir='ltr' id='par_1_14' title="bbox 160 1205 1823 1278">
     <span class='ocr_line' id='line_1_14' title="bbox 160 1205 1823 1278; baseline -0.005 -10"><span class='ocrx_word' id='word_1_88' title='bbox 160 1220 297 1268; x_wconf 83' lang='lat' dir='ltr'><strong>stra</strong></span> <span class='ocrx_word' id='word_1_89' title='bbox 329 1208 490 1275; x_wconf 73' lang='lat' dir='ltr'><strong>Ides</strong></span> <span class='ocrx_word' id='word_1_90' title='bbox 521 1208 756 1271; x_wconf 82' lang='lat' dir='ltr'><strong>ﬁliorum</strong></span> <span class='ocrx_word' id='word_1_91' title='bbox 788 1208 908 1278; x_wconf 88' lang='lat' dir='ltr'><strong>ejus</strong></span> <span class='ocrx_word' id='word_1_92' title='bbox 926 1205 1194 1265; x_wconf 84' lang='lat' dir='ltr'><strong>fortitudo</strong></span> <span class='ocrx_word' id='word_1_93' title='bbox 1211 1205 1484 1267; x_wconf 87' lang='lat' dir='ltr'><strong>sit.Fides</strong></span> <span class='ocrx_word' id='word_1_94' title='bbox 1508 1219 1638 1277; x_wconf 89' lang='lat' dir='ltr'><strong>ergo</strong></span> <span class='ocrx_word' id='word_1_95' title='bbox 1664 1212 1823 1275; x_wconf 87' lang='lat' dir='ltr'><strong>auget</strong></span> 
     </span>
    </p>
   </div>
   <div class='ocr_carea' id='block_1_15' title="bbox 164 1299 1826 1374">
    <p class='ocr_par' dir='ltr' id='par_1_15' title="bbox 164 1299 1826 1374">
     <span class='ocr_line' id='line_1_15' title="bbox 164 1299 1826 1374; baseline -0.004 -13"><span class='ocrx_word' id='word_1_96' title='bbox 164 1311 447 1363; x_wconf 72' lang='lat' dir='ltr'><strong>aetatem.</strong></span> <span class='ocrx_word' id='word_1_97' title='bbox 472 1301 724 1374; x_wconf 83' lang='lat' dir='ltr'><strong>Denique</strong></span> <span class='ocrx_word' id='word_1_98' title='bbox 749 1316 849 1358; x_wconf 88' lang='lat' dir='ltr'><strong>nec</strong></span> <span class='ocrx_word' id='word_1_99' title='bbox 868 1299 1169 1367; x_wconf 83' lang='lat' dir='ltr'><strong>Abraham,</strong></span> <span class='ocrx_word' id='word_1_100' title='bbox 1194 1309 1253 1363; x_wconf 90' lang='lat' dir='ltr'><strong>ut</strong></span> <span class='ocrx_word' id='word_1_101' title='bbox 1274 1300 1329 1356; x_wconf 91' lang='lat' dir='ltr'><strong>in</strong></span> <span class='ocrx_word' id='word_1_102' title='bbox 1356 1306 1641 1356; x_wconf 78' lang='lat' dir='ltr'><strong>senectute</strong></span> <span class='ocrx_word' id='word_1_103' title='bbox 1661 1313 1826 1369; x_wconf 85' lang='lat' dir='ltr'><strong>gene-</strong></span> 
     </span>
    </p>
   </div>
   <div class='ocr_carea' id='block_1_16' title="bbox 164 1392 1826 1463">
    <p class='ocr_par' dir='ltr' id='par_1_16' title="bbox 164 1392 1826 1463">
     <span class='ocr_line' id='line_1_16' title="bbox 164 1392 1826 1463; baseline -0.004 -8"><span class='ocrx_word' id='word_1_104' title='bbox 164 1404 343 1455; x_wconf 81' lang='lat' dir='ltr'><strong>raret</strong></span> <span class='ocrx_word' id='word_1_105' title='bbox 373 1395 587 1460; x_wconf 81' lang='lat' dir='ltr'><strong>ﬁlium.</strong></span> <span class='ocrx_word' id='word_1_106' title='bbox 616 1394 989 1452; x_wconf 80' lang='lat' dir='ltr'><strong>consideravit</strong></span> <span class='ocrx_word' id='word_1_107' title='bbox 1023 1403 1239 1451; x_wconf 68' lang='lat' dir='ltr'><strong>aetatem</strong></span> <span class='ocrx_word' id='word_1_108' title='bbox 1267 1412 1279 1448; x_wconf 92' lang='lat'><strong>:</strong></span> <span class='ocrx_word' id='word_1_109' title='bbox 1312 1408 1413 1450; x_wconf 89' lang='lat' dir='ltr'><strong>nec</strong></span> <span class='ocrx_word' id='word_1_110' title='bbox 1443 1392 1599 1460; x_wconf 86' lang='lat' dir='ltr'><strong>Sara,</strong></span> <span class='ocrx_word' id='word_1_111' title='bbox 1641 1402 1700 1448; x_wconf 89' lang='lat' dir='ltr'><strong>ut</strong></span> <span class='ocrx_word' id='word_1_112' title='bbox 1732 1406 1826 1463; x_wconf 89' lang='lat' dir='ltr'><strong>pa-</strong></span> 
     </span>
    </p>
   </div>
   <div class='ocr_carea' id='block_1_17' title="bbox 169 1486 1826 1559">
    <p class='ocr_par' dir='ltr' id='par_1_17' title="bbox 169 1486 1826 1559">
     <span class='ocr_line' id='line_1_17' title="bbox 169 1486 1826 1559; baseline -0.004 -12"><span class='ocrx_word' id='word_1_113' title='bbox 169 1497 363 1548; x_wconf 87' lang='lat' dir='ltr'><strong>reret.</strong></span> <span class='ocrx_word' id='word_1_114' title='bbox 398 1488 525 1548; x_wconf 80' lang='lat' dir='ltr'><strong>Nec</strong></span> <span class='ocrx_word' id='word_1_115' title='bbox 552 1488 749 1549; x_wconf 79' lang='lat' dir='ltr'><strong>mirum</strong></span> <span class='ocrx_word' id='word_1_116' title='bbox 777 1488 825 1545; x_wconf 90' lang='lat' dir='ltr'><strong>si</strong></span> <span class='ocrx_word' id='word_1_117' title='bbox 851 1497 1011 1559; x_wconf 82' lang='lat' dir='ltr'><strong>auget</strong></span> <span class='ocrx_word' id='word_1_118' title='bbox 1038 1497 1256 1548; x_wconf 80' lang='lat' dir='ltr'><strong>:ctatem</strong></span> <span class='ocrx_word' id='word_1_119' title='bbox 1281 1486 1440 1553; x_wconf 85' lang='lat' dir='ltr'><strong>ﬁdes,</strong></span> <span class='ocrx_word' id='word_1_120' title='bbox 1472 1501 1597 1542; x_wconf 89' lang='lat' dir='ltr'><strong>cum</strong></span> <span class='ocrx_word' id='word_1_121' title='bbox 1624 1500 1826 1557; x_wconf 70' lang='lat' dir='ltr'><strong>reprae-</strong></span> 
     </span>
    </p>
   </div>
   <div class='ocr_carea' id='block_1_18' title="bbox 171 1580 1823 1651">
    <p class='ocr_par' dir='ltr' id='par_1_18' title="bbox 171 1580 1823 1651">
     <span class='ocr_line' id='line_1_18' title="bbox 171 1580 1823 1651; baseline -0.001 -13"><span class='ocrx_word' id='word_1_122' title='bbox 171 1591 381 1640; x_wconf 86' lang='lat' dir='ltr'><strong>sentet</strong></span> <span class='ocrx_word' id='word_1_123' title='bbox 407 1582 621 1641; x_wconf 82' lang='lat' dir='ltr'><strong>futura.</strong></span> <span class='ocrx_word' id='word_1_124' title='bbox 642 1581 780 1651; x_wconf 90' lang='lat' dir='ltr'><strong>Quid</strong></span> <span class='ocrx_word' id='word_1_125' title='bbox 803 1582 951 1638; x_wconf 88' lang='lat' dir='ltr'><strong>enim</strong></span> <span class='ocrx_word' id='word_1_126' title='bbox 973 1589 1059 1638; x_wconf 89' lang='lat' dir='ltr'><strong>est</strong></span> <span class='ocrx_word' id='word_1_127' title='bbox 1086 1580 1249 1646; x_wconf 87' lang='lat' dir='ltr'><strong>ﬁdes;</strong></span> <span class='ocrx_word' id='word_1_128' title='bbox 1281 1581 1385 1637; x_wconf 86' lang='lat' dir='ltr'><strong>nisi</strong></span> <span class='ocrx_word' id='word_1_129' title='bbox 1405 1596 1586 1637; x_wconf 88' lang='lat' dir='ltr'><strong>rerum</strong></span> <span class='ocrx_word' id='word_1_130' title='bbox 1614 1595 1823 1649; x_wconf 85' lang='lat' dir='ltr'><strong>earum,</strong></span> 
     </span>
    </p>
   </div>
   <div class='ocr_carea' id='block_1_19' title="bbox 170 1672 1825 1749">
    <p class='ocr_par' dir='ltr' id='par_1_19' title="bbox 170 1672 1825 1749">
     <span class='ocr_line' id='line_1_19' title="bbox 170 1672 1825 1749; baseline -0.002 -16"><span class='ocrx_word' id='word_1_131' title='bbox 170 1692 313 1749; x_wconf 77' lang='lat' dir='ltr'><strong>quae</strong></span> <span class='ocrx_word' id='word_1_132' title='bbox 329 1685 665 1749; x_wconf 81' lang='lat' dir='ltr'><strong>sperantur,</strong></span> <span class='ocrx_word' id='word_1_133' title='bbox 689 1676 990 1733; x_wconf 84' lang='lat' dir='ltr'><strong>substantia</strong></span> <span class='ocrx_word' id='word_1_134' title='bbox 1016 1673 1205 1748; x_wconf 84' lang='lat' dir='ltr'><strong>(Hebr.</strong></span> <span class='ocrx_word' id='word_1_135' title='bbox 1236 1690 1312 1742; x_wconf 74' lang='grc' dir='ltr'>ιι,</span> <span class='ocrx_word' id='word_1_136' title='bbox 1341 1672 1431 1745; x_wconf 78' lang='lat' dir='ltr'><strong>l)?</strong></span> <span class='ocrx_word' id='word_1_137' title='bbox 1457 1673 1546 1731; x_wconf 84' lang='lat' dir='ltr'><strong>Sic</strong></span> <span class='ocrx_word' id='word_1_138' title='bbox 1561 1688 1662 1730; x_wconf 85' lang='lat' dir='ltr'><strong>nos</strong></span> <span class='ocrx_word' id='word_1_139' title='bbox 1681 1674 1825 1730; x_wconf 85' lang='lat' dir='ltr'><strong>Scri-</strong></span> 
     </span>
    </p>
   </div>
   <div class='ocr_carea' id='block_1_20' title="bbox 174 1761 3265 1841">
    <p class='ocr_par' dir='ltr' id='par_1_20' title="bbox 174 1761 3265 1841">
     <span class='ocr_line' id='line_1_20' title="bbox 174 1761 3265 1841; baseline -0.003 -15"><span class='ocrx_word' id='word_1_140' title='bbox 174 1777 387 1841; x_wconf 61' lang='lat' dir='ltr'><strong>ptura),</strong></span> <span class='ocrx_word' id='word_1_141' title='bbox 423 1767 654 1828; x_wconf 78' lang='lat' dir='ltr'><strong>docent.</strong></span> <span class='ocrx_word' id='word_1_142' title='bbox 687 1767 831 1839; x_wconf 82' lang='lat' dir='ltr'><strong>Ergo</strong></span> <span class='ocrx_word' id='word_1_143' title='bbox 875 1767 922 1825; x_wconf 94' lang='lat' dir='ltr'><strong>si</strong></span> <span class='ocrx_word' id='word_1_144' title='bbox 951 1766 1257 1826; x_wconf 85' lang='lat' dir='ltr'><strong>substantia</strong></span> <span class='ocrx_word' id='word_1_145' title='bbox 1301 1780 1519 1834; x_wconf 87' lang='lat' dir='ltr'><strong>eorum,</strong></span> <span class='ocrx_word' id='word_1_146' title='bbox 1552 1780 1673 1838; x_wconf 70' lang='lat' dir='ltr'><strong>qum</strong></span> <span class='ocrx_word' id='word_1_147' title='bbox 1702 1780 1828 1837; x_wconf 81' lang='lat' dir='ltr'><strong>spe-</strong></span> <span class='ocrx_word' id='word_1_148' title='bbox 1857 1763 1908 1825; x_wconf 89' lang='lat' dir='ltr'><strong>B</strong></span> <span class='ocrx_word' id='word_1_149' title='bbox 1932 1777 2093 1832; x_wconf 73' lang='lat' dir='ltr'><strong>guunt</strong></span> <span class='ocrx_word' id='word_1_150' title='bbox 2138 1771 2186 1817; x_wconf 85' lang='lat' dir='ltr'><strong>et</strong></span> <span class='ocrx_word' id='word_1_151' title='bbox 2232 1761 2536 1816; x_wconf 65' lang='lat' dir='ltr'><strong>honorabili:</strong></span> <span class='ocrx_word' id='word_1_152' title='bbox 2585 1771 2662 1817; x_wconf 86' lang='lat' dir='ltr'><strong>est</strong></span> <span class='ocrx_word' id='word_1_153' title='bbox 2692 1761 2844 1818; x_wconf 71' lang='lat' dir='ltr'><strong>homo</strong></span> <span class='ocrx_word' id='word_1_154' title='bbox 2896 1763 3193 1819; x_wconf 73' lang='lat' dir='ltr'><strong>misericors</strong></span> <span class='ocrx_word' id='word_1_155' title='bbox 3246 1778 3265 1817; x_wconf 89' lang='lat'><strong>:</strong></span> 
     </span>
    </p>
   </div>
   <div class='ocr_carea' id='block_1_21' title="bbox 176 1859 1824 1934">
    <p class='ocr_par' dir='ltr' id='par_1_21' title="bbox 176 1859 1824 1934">
     <span class='ocr_line' id='line_1_21' title="bbox 176 1859 1824 1934; baseline -0.002 -15"><span class='ocrx_word' id='word_1_156' title='bbox 176 1875 423 1931; x_wconf 82' lang='lat' dir='ltr'><strong>rantur,</strong></span> <span class='ocrx_word' id='word_1_157' title='bbox 476 1860 616 1919; x_wconf 90' lang='lat' dir='ltr'><strong>ﬁdes</strong></span> <span class='ocrx_word' id='word_1_158' title='bbox 640 1871 726 1920; x_wconf 90' lang='lat' dir='ltr'><strong>est</strong></span> <span class='ocrx_word' id='word_1_159' title='bbox 753 1880 767 1928; x_wconf 89' lang='lat'><strong>;</strong></span> <span class='ocrx_word' id='word_1_160' title='bbox 800 1870 1004 1934; x_wconf 89' lang='lat' dir='ltr'><strong>quanto</strong></span> <span class='ocrx_word' id='word_1_161' title='bbox 1029 1860 1200 1933; x_wconf 87' lang='lat' dir='ltr'><strong>magis</strong></span> <span class='ocrx_word' id='word_1_162' title='bbox 1241 1877 1453 1927; x_wconf 87' lang='lat' dir='ltr'><strong>eorum,</strong></span> <span class='ocrx_word' id='word_1_163' title='bbox 1485 1876 1608 1932; x_wconf 61' lang='lat' dir='ltr'><strong>quae</strong></span> <span class='ocrx_word' id='word_1_164' title='bbox 1635 1859 1824 1917; x_wconf 80' lang='lat' dir='ltr'><strong>viden-</strong></span> 
     </span>
    </p>
   </div>
   <div class='ocr_carea' id='block_1_22' title="bbox 183 1952 1831 2026">
    <p class='ocr_par' dir='ltr' id='par_1_22' title="bbox 183 1952 1831 2026">
     <span class='ocr_line' id='line_1_22' title="bbox 183 1952 1831 2026; baseline -0.002 -14"><span class='ocrx_word' id='word_1_165' title='bbox 183 1957 326 2013; x_wconf 83' lang='lat' dir='ltr'><strong>tur?</strong></span> <span class='ocrx_word' id='word_1_166' title='bbox 352 1956 523 2013; x_wconf 85' lang='lat' dir='ltr'><strong>Bona</strong></span> <span class='ocrx_word' id='word_1_167' title='bbox 554 1955 711 2019; x_wconf 82' lang='lat' dir='ltr'><strong>ﬁdes,</strong></span> <span class='ocrx_word' id='word_1_168' title='bbox 742 1954 813 2012; x_wconf 90' lang='lat' dir='ltr'><strong>dc</strong></span> <span class='ocrx_word' id='word_1_169' title='bbox 843 1969 953 2026; x_wconf 87' lang='lat' dir='ltr'><strong>qua</strong></span> <span class='ocrx_word' id='word_1_170' title='bbox 976 1955 1244 2024; x_wconf 83' lang='lat' dir='ltr'><strong>scriptum</strong></span> <span class='ocrx_word' id='word_1_171' title='bbox 1270 1964 1353 2013; x_wconf 85' lang='lat' dir='ltr'><strong>est</strong></span> <span class='ocrx_word' id='word_1_172' title='bbox 1384 1972 1397 2008; x_wconf 91' lang='lat'><strong>:</strong></span> <span class='ocrx_word' id='word_1_173' title='bbox 1437 1952 1625 2010; x_wconf 82' lang='lat' dir='ltr'><strong>Justus</strong></span> <span class='ocrx_word' id='word_1_174' title='bbox 1654 1963 1831 2010; x_wconf 78' lang='lat' dir='ltr'><strong>autem</strong></span> 
     </span>
    </p>
   </div>
   <div class='ocr_carea' id='block_1_23' title="bbox 178 2046 1828 2121">
    <p class='ocr_par' dir='ltr' id='par_1_23' title="bbox 178 2046 1828 2121">
     <span class='ocr_line' id='line_1_23' title="bbox 178 2046 1828 2121; baseline -0.001 -16"><span class='ocrx_word' id='word_1_175' title='bbox 178 2064 251 2105; x_wconf 77' lang='lat' dir='ltr'><strong>ea:</strong></span> <span class='ocrx_word' id='word_1_176' title='bbox 281 2048 400 2119; x_wconf 77' lang='lat' dir='ltr'><strong>ﬁde</strong></span> <span class='ocrx_word' id='word_1_177' title='bbox 433 2048 563 2103; x_wconf 72' lang='lat' dir='ltr'><strong>vivit</strong></span> <span class='ocrx_word' id='word_1_178' title='bbox 592 2047 784 2121; x_wconf 86' lang='lat' dir='ltr'><strong>(Hebr.</strong></span> <span class='ocrx_word' id='word_1_179' title='bbox 811 2063 866 2115; x_wconf 75' lang='grc' dir='ltr'>ι,</span> <span class='ocrx_word' id='word_1_180' title='bbox 897 2047 1015 2118; x_wconf 76' lang='grc'><strong>50).</strong></span> <span class='ocrx_word' id='word_1_181' title='bbox 1061 2046 1219 2115; x_wconf 89' lang='lat' dir='ltr'><strong>Quod</strong></span> <span class='ocrx_word' id='word_1_182' title='bbox 1252 2047 1299 2103; x_wconf 87' lang='lat' dir='ltr'><strong>si</strong></span> <span class='ocrx_word' id='word_1_183' title='bbox 1330 2046 1696 2104; x_wconf 82' lang='lat' dir='ltr'><strong>substraxerit</strong></span> <span class='ocrx_word' id='word_1_184' title='bbox 1722 2062 1782 2103; x_wconf 88' lang='lat' dir='ltr'><strong>se</strong></span> <span class='ocrx_word' id='word_1_185' title='bbox 1812 2088 1828 2117; x_wconf 93' lang='lat'><strong>,</strong></span> 
     </span>
    </p>
   </div>
   <div class='ocr_carea' id='block_1_24' title="bbox 184 2141 1016 2213">
    <p class='ocr_par' dir='ltr' id='par_1_24' title="bbox 184 2141 1016 2213">
     <span class='ocr_line' id='line_1_24' title="bbox 184 2141 1016 2213; baseline -0.005 -15"><span class='ocrx_word' id='word_1_186' title='bbox 184 2158 306 2198; x_wconf 90' lang='lat' dir='ltr'><strong>non</strong></span> <span class='ocrx_word' id='word_1_187' title='bbox 345 2141 605 2213; x_wconf 86' lang='lat' dir='ltr'><strong>placebit</strong></span> <span class='ocrx_word' id='word_1_188' title='bbox 631 2142 831 2197; x_wconf 71' lang='lat' dir='ltr'><strong>auium</strong></span> <span class='ocrx_word' id='word_1_189' title='bbox 859 2156 1016 2197; x_wconf 70' lang='lat' dir='ltr'><strong>meat.</strong></span> 
     </span>
    </p>
   </div>
   <div class='ocr_carea' id='block_1_25' title="bbox 267 2233 1828 2305">
    <p class='ocr_par' dir='ltr' id='par_1_25' title="bbox 267 2233 1828 2305">
     <span class='ocr_line' id='line_1_25' title="bbox 267 2233 1828 2305; baseline -0.003 -11"><span class='ocrx_word' id='word_1_190' title='bbox 267 2236 332 2294; x_wconf 68' lang='grc' dir='ltr'><strong>θ.</strong></span> <span class='ocrx_word' id='word_1_191' title='bbox 379 2234 507 2292; x_wconf 87' lang='lat' dir='ltr'><strong>Nos</strong></span> <span class='ocrx_word' id='word_1_192' title='bbox 538 2242 720 2292; x_wconf 83' lang='lat' dir='ltr'><strong>autem</strong></span> <span class='ocrx_word' id='word_1_193' title='bbox 738 2247 849 2290; x_wconf 83' lang='lat' dir='ltr'><strong>non</strong></span> <span class='ocrx_word' id='word_1_194' title='bbox 870 2233 1258 2292; x_wconf 85' lang='lat' dir='ltr'><strong>subtrahamus</strong></span> <span class='ocrx_word' id='word_1_195' title='bbox 1284 2250 1383 2291; x_wconf 86' lang='lat' dir='ltr'><strong>nos</strong></span> <span class='ocrx_word' id='word_1_196' title='bbox 1400 2236 1472 2291; x_wconf 89' lang='lat' dir='ltr'><strong>ad</strong></span> <span class='ocrx_word' id='word_1_197' title='bbox 1486 2234 1828 2305; x_wconf 75' lang='lat' dir='ltr'><strong>dispendium</strong></span> 
     </span>
    </p>
   </div>
   <div class='ocr_carea' id='block_1_26' title="bbox 181 2325 1831 2395">
    <p class='ocr_par' dir='ltr' id='par_1_26' title="bbox 181 2325 1831 2395">
     <span class='ocr_line' id='line_1_26' title="bbox 181 2325 1831 2395; baseline 0 -11"><span class='ocrx_word' id='word_1_198' title='bbox 181 2328 431 2395; x_wconf 70' lang='lat' dir='ltr'><strong>animm,</strong></span> <span class='ocrx_word' id='word_1_199' title='bbox 471 2326 571 2383; x_wconf 89' lang='lat' dir='ltr'><strong>sed</strong></span> <span class='ocrx_word' id='word_1_200' title='bbox 602 2325 969 2383; x_wconf 69' lang='lat' dir='ltr'><strong>inhrereamus</strong></span> <span class='ocrx_word' id='word_1_201' title='bbox 995 2325 1122 2382; x_wconf 91' lang='lat' dir='ltr'><strong>ﬁdei</strong></span> <span class='ocrx_word' id='word_1_202' title='bbox 1143 2326 1211 2383; x_wconf 90' lang='lat' dir='ltr'><strong>ad</strong></span> <span class='ocrx_word' id='word_1_203' title='bbox 1241 2327 1442 2385; x_wconf 81' lang='lat' dir='ltr'><strong>animae</strong></span> <span class='ocrx_word' id='word_1_204' title='bbox 1492 2339 1695 2384; x_wconf 65' lang='lat' dir='ltr'><strong>nostrae</strong></span> <span class='ocrx_word' id='word_1_205' title='bbox 1743 2344 1831 2384; x_wconf 62' lang='lat' dir='ltr'><strong>ac.</strong></span> 
     </span>
    </p>
   </div>
   <div class='ocr_carea' id='block_1_27' title="bbox 183 2419 1837 2492">
    <p class='ocr_par' dir='ltr' id='par_1_27' title="bbox 183 2419 1837 2492">
     <span class='ocr_line' id='line_1_27' title="bbox 183 2419 1837 2492; baseline 0.002 -17"><span class='ocrx_word' id='word_1_206' title='bbox 183 2420 610 2492; x_wconf 79' lang='lat' dir='ltr'><strong>quisitinnem;</strong></span> <span class='ocrx_word' id='word_1_207' title='bbox 659 2419 917 2490; x_wconf 87' lang='lat' dir='ltr'><strong>quoniam</strong></span> <span class='ocrx_word' id='word_1_208' title='bbox 956 2419 1013 2476; x_wconf 92' lang='lat' dir='ltr'><strong>in</strong></span> <span class='ocrx_word' id='word_1_209' title='bbox 1055 2420 1157 2481; x_wconf 84' lang='lat' dir='ltr'><strong>hac</strong></span> <span class='ocrx_word' id='word_1_210' title='bbox 1193 2420 1321 2477; x_wconf 89' lang='lat' dir='ltr'><strong>ﬁdei</strong></span> <span class='ocrx_word' id='word_1_211' title='bbox 1361 2420 1552 2477; x_wconf 91' lang='lat' dir='ltr'><strong>militia</strong></span> <span class='ocrx_word' id='word_1_212' title='bbox 1586 2422 1837 2479; x_wconf 82' lang='lat' dir='ltr'><strong>testimo-</strong></span> 
     </span>
    </p>
   </div>
   <div class='ocr_carea' id='block_1_28' title="bbox 197 2512 1835 2579">
    <p class='ocr_par' dir='ltr' id='par_1_28' title="bbox 197 2512 1835 2579">
     <span class='ocr_line' id='line_1_28' title="bbox 197 2512 1835 2579; baseline -0.001 -7"><span class='ocrx_word' id='word_1_213' title='bbox 197 2515 365 2573; x_wconf 84' lang='lat' dir='ltr'><strong>nium</strong></span> <span class='ocrx_word' id='word_1_214' title='bbox 401 2512 693 2573; x_wconf 82' lang='lat' dir='ltr'><strong>consecuti</strong></span> <span class='ocrx_word' id='word_1_215' title='bbox 723 2522 848 2569; x_wconf 89' lang='lat' dir='ltr'><strong>sunt</strong></span> <span class='ocrx_word' id='word_1_216' title='bbox 875 2514 1126 2575; x_wconf 80' lang='lat' dir='ltr'><strong>seniores</strong></span> <span class='ocrx_word' id='word_1_217' title='bbox 1156 2514 1327 2571; x_wconf 83' lang='lat' dir='ltr'><strong>nostri</strong></span> <span class='ocrx_word' id='word_1_218' title='bbox 1358 2513 1659 2579; x_wconf 76' lang='lat' dir='ltr'><strong>Abraham,</strong></span> <span class='ocrx_word' id='word_1_219' title='bbox 1683 2514 1835 2571; x_wconf 65' lang='lat' dir='ltr'><strong>Isaac</strong></span> 
     </span>
    </p>
   </div>
   <div class='ocr_carea' id='block_1_29' title="bbox 193 2606 1826 2680">
    <p class='ocr_par' dir='ltr' id='par_1_29' title="bbox 193 2606 1826 2680">
     <span class='ocr_line' id='line_1_29' title="bbox 193 2606 1826 2680; baseline 0 -15"><span class='ocrx_word' id='word_1_220' title='bbox 193 2619 254 2669; x_wconf 85' lang='lat' dir='ltr'><strong>et</strong></span> <span class='ocrx_word' id='word_1_221' title='bbox 288 2608 501 2669; x_wconf 57' lang='grc' dir='ltr'><strong>διξοὶ).</strong></span> <span class='ocrx_word' id='word_1_222' title='bbox 540 2606 610 2663; x_wconf 84' lang='grc' dir='ltr'>Ει</span> <span class='ocrx_word' id='word_1_223' title='bbox 654 2606 781 2665; x_wconf 87' lang='lat' dir='ltr'><strong>ideo</strong></span> <span class='ocrx_word' id='word_1_224' title='bbox 821 2606 1196 2669; x_wconf 63' lang='lat' dir='ltr'><strong>haereditatem,</strong></span> <span class='ocrx_word' id='word_1_225' title='bbox 1235 2607 1393 2664; x_wconf 85' lang='lat' dir='ltr'><strong>nobis</strong></span> <span class='ocrx_word' id='word_1_226' title='bbox 1423 2608 1547 2664; x_wconf 84' lang='lat' dir='ltr'><strong>ﬁdei</strong></span> <span class='ocrx_word' id='word_1_227' title='bbox 1601 2609 1826 2680; x_wconf 87' lang='lat' dir='ltr'><strong>relique-</strong></span> 
     </span>
    </p>
   </div>
   <div class='ocr_carea' id='block_1_30' title="bbox 194 2701 1834 2775">
    <p class='ocr_par' dir='ltr' id='par_1_30' title="bbox 194 2701 1834 2775">
     <span class='ocr_line' id='line_1_30' title="bbox 194 2701 1834 2775; baseline 0 -15"><span class='ocrx_word' id='word_1_228' title='bbox 194 2713 361 2768; x_wconf 80' lang='lat' dir='ltr'><strong>runt.</strong></span> <span class='ocrx_word' id='word_1_229' title='bbox 397 2701 613 2762; x_wconf 85' lang='lat' dir='ltr'><strong>Fidelis</strong></span> <span class='ocrx_word' id='word_1_230' title='bbox 639 2701 939 2767; x_wconf 85' lang='lat' dir='ltr'><strong>Abraham,</strong></span> <span class='ocrx_word' id='word_1_231' title='bbox 966 2701 1058 2773; x_wconf 86' lang='lat' dir='ltr'><strong>qui</strong></span> <span class='ocrx_word' id='word_1_232' title='bbox 1085 2716 1194 2758; x_wconf 90' lang='lat' dir='ltr'><strong>non</strong></span> <span class='ocrx_word' id='word_1_233' title='bbox 1223 2719 1290 2758; x_wconf 87' lang='lat' dir='ltr'><strong>ex</strong></span> <span class='ocrx_word' id='word_1_234' title='bbox 1328 2702 1609 2775; x_wconf 83' lang='lat' dir='ltr'><strong>Operibus,</strong></span> <span class='ocrx_word' id='word_1_235' title='bbox 1644 2704 1740 2760; x_wconf 90' lang='lat' dir='ltr'><strong>sed</strong></span> <span class='ocrx_word' id='word_1_236' title='bbox 1768 2718 1834 2760; x_wconf 79' lang='lat' dir='ltr'><strong>ex</strong></span> 
     </span>
    </p>
   </div>
   <div class='ocr_carea' id='block_1_31' title="bbox 194 2794 1830 2869">
    <p class='ocr_par' dir='ltr' id='par_1_31' title="bbox 194 2794 1830 2869">
     <span class='ocr_line' id='line_1_31' title="bbox 194 2794 1830 2869; baseline 0.001 -16"><span class='ocrx_word' id='word_1_237' title='bbox 194 2797 317 2857; x_wconf 79' lang='lat' dir='ltr'><strong>ﬁde</strong></span> <span class='ocrx_word' id='word_1_238' title='bbox 352 2794 701 2869; x_wconf 77' lang='lat' dir='ltr'><strong>iustiﬁcatus</strong></span> <span class='ocrx_word' id='word_1_239' title='bbox 739 2807 857 2862; x_wconf 86' lang='lat' dir='ltr'><strong>est;</strong></span> <span class='ocrx_word' id='word_1_240' title='bbox 890 2796 1148 2868; x_wconf 83' lang='lat' dir='ltr'><strong>quoniam</strong></span> <span class='ocrx_word' id='word_1_241' title='bbox 1181 2797 1292 2853; x_wconf 82' lang='lat' dir='ltr'><strong>Deo</strong></span> <span class='ocrx_word' id='word_1_242' title='bbox 1334 2796 1573 2854; x_wconf 82' lang='lat' dir='ltr'><strong>credidit</strong></span> <span class='ocrx_word' id='word_1_243' title='bbox 1605 2814 1618 2852; x_wconf 88' lang='lat'><strong>:</strong></span> <span class='ocrx_word' id='word_1_244' title='bbox 1651 2797 1830 2866; x_wconf 85' lang='lat' dir='ltr'><strong>Isaac,</strong></span> 
     </span>
    </p>
   </div>
   <div class='ocr_carea' id='block_1_32' title="bbox 196 2887 1835 2962">
    <p class='ocr_par' dir='ltr' id='par_1_32' title="bbox 196 2887 1835 2962">
     <span class='ocr_line' id='line_1_32' title="bbox 196 2887 1835 2962; baseline -0.001 -15"><span class='ocrx_word' id='word_1_245' title='bbox 196 2890 300 2961; x_wconf 83' lang='lat' dir='ltr'><strong>qui</strong></span> <span class='ocrx_word' id='word_1_246' title='bbox 332 2905 436 2961; x_wconf 88' lang='lat' dir='ltr'><strong>per</strong></span> <span class='ocrx_word' id='word_1_247' title='bbox 467 2888 638 2947; x_wconf 88' lang='lat' dir='ltr'><strong>ﬁdem</strong></span> <span class='ocrx_word' id='word_1_248' title='bbox 671 2903 773 2946; x_wconf 90' lang='lat' dir='ltr'><strong>nec</strong></span> <span class='ocrx_word' id='word_1_249' title='bbox 791 2889 1029 2961; x_wconf 86' lang='lat' dir='ltr'><strong>gladium</strong></span> <span class='ocrx_word' id='word_1_250' title='bbox 1059 2887 1277 2946; x_wconf 90' lang='lat' dir='ltr'><strong>ferituri</strong></span> <span class='ocrx_word' id='word_1_251' title='bbox 1301 2890 1546 2959; x_wconf 89' lang='lat' dir='ltr'><strong>parentis</strong></span> <span class='ocrx_word' id='word_1_252' title='bbox 1573 2892 1791 2962; x_wconf 81' lang='lat' dir='ltr'><strong>expavit</strong></span> <span class='ocrx_word' id='word_1_253' title='bbox 1822 2910 1835 2946; x_wconf 89' lang='lat'><strong>:</strong></span> 
     </span>
    </p>
   </div>
   <div class='ocr_carea' id='block_1_33' title="bbox 196 2982 1833 3059">
    <p class='ocr_par' dir='ltr' id='par_1_33' title="bbox 196 2982 1833 3059">
     <span class='ocr_line' id='line_1_33' title="bbox 196 2982 1833 3059; baseline 0.002 -19"><span class='ocrx_word' id='word_1_254' title='bbox 196 2983 426 3053; x_wconf 84' lang='lat' dir='ltr'><strong>Jacob,</strong></span> <span class='ocrx_word' id='word_1_255' title='bbox 462 2983 563 3055; x_wconf 83' lang='lat' dir='ltr'><strong>qui</strong></span> <span class='ocrx_word' id='word_1_256' title='bbox 588 2991 833 3054; x_wconf 61' lang='lat' dir='ltr'><strong>paterna</strong></span> <span class='ocrx_word' id='word_1_257' title='bbox 874 2982 1003 3040; x_wconf 87' lang='lat' dir='ltr'><strong>ﬁdei</strong></span> <span class='ocrx_word' id='word_1_258' title='bbox 1034 2983 1281 3057; x_wconf 75' lang='lat' dir='ltr'><strong>vestigiis</strong></span> <span class='ocrx_word' id='word_1_259' title='bbox 1306 2984 1548 3041; x_wconf 82' lang='lat' dir='ltr'><strong>intentus</strong></span> <span class='ocrx_word' id='word_1_260' title='bbox 1596 2987 1833 3059; x_wconf 69' lang='lat'><strong>1201,</strong></span> 
     </span>
    </p>
   </div>
   <div class='ocr_carea' id='block_1_34' title="bbox 198 3076 1840 3148">
    <p class='ocr_par' dir='ltr' id='par_1_34' title="bbox 198 3076 1840 3148">
     <span class='ocr_line' id='line_1_34' title="bbox 198 3076 1840 3148; baseline 0 -13"><span class='ocrx_word' id='word_1_261' title='bbox 198 3078 340 3135; x_wconf 89' lang='lat' dir='ltr'><strong>dum</strong></span> <span class='ocrx_word' id='word_1_262' title='bbox 369 3079 484 3135; x_wconf 85' lang='lat' dir='ltr'><strong>iter</strong></span> <span class='ocrx_word' id='word_1_263' title='bbox 505 3076 639 3147; x_wconf 83' lang='lat' dir='ltr'><strong>agit,</strong></span> <span class='ocrx_word' id='word_1_264' title='bbox 666 3076 989 3148; x_wconf 77' lang='lat' dir='ltr'><strong>angelorum</strong></span> <span class='ocrx_word' id='word_1_265' title='bbox 1013 3076 1149 3134; x_wconf 87' lang='lat' dir='ltr'><strong>vidit</strong></span> <span class='ocrx_word' id='word_1_266' title='bbox 1161 3076 1522 3147; x_wconf 57' lang='lat' dir='ltr'><strong>exercitum,”</strong></span> <span class='ocrx_word' id='word_1_267' title='bbox 1545 3086 1601 3134; x_wconf 92' lang='lat' dir='ltr'><strong>et</strong></span> <span class='ocrx_word' id='word_1_268' title='bbox 1617 3079 1840 3135; x_wconf 79' lang='lat' dir='ltr'><strong>vocavit</strong></span> 
     </span>
    </p>
   </div>
   <div class='ocr_carea' id='block_1_35' title="bbox 201 3169 1139 3243">
    <p class='ocr_par' dir='ltr' id='par_1_35' title="bbox 201 3169 1139 3243">
     <span class='ocr_line' id='line_1_35' title="bbox 201 3169 1139 3243; baseline -0.005 -12"><span class='ocrx_word' id='word_1_269' title='bbox 201 3173 516 3231; x_wconf 75' lang='lat' dir='ltr'><strong>concilium</strong></span> <span class='ocrx_word' id='word_1_270' title='bbox 547 3169 643 3226; x_wconf 79' lang='lat' dir='ltr'><strong>Dei</strong></span> <span class='ocrx_word' id='word_1_271' title='bbox 668 3169 828 3243; x_wconf 76' lang='lat' dir='ltr'><strong>(Gen.</strong></span> <span class='ocrx_word' id='word_1_272' title='bbox 862 3185 1030 3237; x_wconf 79' lang='lat' dir='ltr'><strong>um,</strong></span> <span class='ocrx_word' id='word_1_273' title='bbox 1059 3171 1139 3242; x_wconf 71' lang='grc'><strong>1).</strong></span> 
     </span>
    </p>
   </div>
   <div class='ocr_carea' id='block_1_36' title="bbox 284 3262 1839 3335">
    <p class='ocr_par' dir='ltr' id='par_1_36' title="bbox 284 3262 1839 3335">
     <span class='ocr_line' id='line_1_36' title="bbox 284 3262 1839 3335; baseline -0.001 -13"><span class='ocrx_word' id='word_1_274' title='bbox 284 3266 379 3322; x_wconf 70' lang='grc'><strong>10.</strong></span> <span class='ocrx_word' id='word_1_275' title='bbox 428 3262 581 3319; x_wconf 81' lang='lat' dir='ltr'><strong>Alibi</strong></span> <span class='ocrx_word' id='word_1_276' title='bbox 612 3276 851 3332; x_wconf 87' lang='lat' dir='ltr'><strong>quoque,</strong></span> <span class='ocrx_word' id='word_1_277' title='bbox 875 3262 928 3317; x_wconf 91' lang='lat' dir='ltr'><strong>id</strong></span> <span class='ocrx_word' id='word_1_278' title='bbox 961 3271 1065 3330; x_wconf 89' lang='lat' dir='ltr'><strong>est,</strong></span> <span class='ocrx_word' id='word_1_279' title='bbox 1099 3263 1332 3321; x_wconf 89' lang='lat' dir='ltr'><strong>inlibris</strong></span> <span class='ocrx_word' id='word_1_280' title='bbox 1356 3264 1695 3335; x_wconf 84' lang='lat' dir='ltr'><strong>Regnorum,</strong></span> <span class='ocrx_word' id='word_1_281' title='bbox 1727 3264 1839 3320; x_wconf 85' lang='lat' dir='ltr'><strong>Eli-</strong></span> 
     </span>
    </p>
   </div>
   <div class='ocr_carea' id='block_1_37' title="bbox 196 3355 1841 3420">
    <p class='ocr_par' dir='ltr' id='par_1_37' title="bbox 196 3355 1841 3420">
     <span class='ocr_line' id='line_1_37' title="bbox 196 3355 1841 3420; baseline -0.002 -4"><span class='ocrx_word' id='word_1_282' title='bbox 196 3373 353 3416; x_wconf 66' lang='lat' dir='ltr'><strong>saaus</strong></span> <span class='ocrx_word' id='word_1_283' title='bbox 384 3364 522 3414; x_wconf 77' lang='lat' dir='ltr'><strong>erat</strong></span> <span class='ocrx_word' id='word_1_284' title='bbox 551 3355 695 3410; x_wconf 88' lang='lat' dir='ltr'><strong>intra</strong></span> <span class='ocrx_word' id='word_1_285' title='bbox 719 3355 1051 3420; x_wconf 85' lang='lat' dir='ltr'><strong>Samariam,</strong></span> <span class='ocrx_word' id='word_1_286' title='bbox 1081 3363 1139 3411; x_wconf 91' lang='lat' dir='ltr'><strong>et</strong></span> <span class='ocrx_word' id='word_1_287' title='bbox 1166 3357 1354 3413; x_wconf 80' lang='lat' dir='ltr'><strong>subito</strong></span> <span class='ocrx_word' id='word_1_288' title='bbox 1374 3372 1499 3413; x_wconf 88' lang='lat' dir='ltr'><strong>eum</strong></span> <span class='ocrx_word' id='word_1_289' title='bbox 1531 3358 1841 3414; x_wconf 88' lang='lat' dir='ltr'><strong>circumfu—</strong></span> 
     </span>
    </p>
   </div>
   <div class='ocr_carea' id='block_1_38' title="bbox 197 3448 1843 3524">
    <p class='ocr_par' dir='ltr' id='par_1_38' title="bbox 197 3448 1843 3524">
     <span class='ocr_line' id='line_1_38' title="bbox 197 3448 1843 3524; baseline -0.001 -14"><span class='ocrx_word' id='word_1_290' title='bbox 197 3469 301 3510; x_wconf 88' lang='lat' dir='ltr'><strong>sus</strong></span> <span class='ocrx_word' id='word_1_291' title='bbox 327 3453 620 3524; x_wconf 67' lang='lat' dir='ltr'><strong>sva-orum</strong></span> <span class='ocrx_word' id='word_1_292' title='bbox 653 3450 871 3506; x_wconf 88' lang='lat' dir='ltr'><strong>obsedit</strong></span> <span class='ocrx_word' id='word_1_293' title='bbox 910 3450 1211 3507; x_wconf 80' lang='lat' dir='ltr'><strong>exercitus.</strong></span> <span class='ocrx_word' id='word_1_294' title='bbox 1253 3448 1411 3507; x_wconf 76' lang='lat' dir='ltr'><strong>Vidit</strong></span> <span class='ocrx_word' id='word_1_295' title='bbox 1432 3466 1529 3508; x_wconf 90' lang='lat' dir='ltr'><strong>eos</strong></span> <span class='ocrx_word' id='word_1_296' title='bbox 1557 3452 1707 3509; x_wconf 85' lang='lat' dir='ltr'><strong>Giezi</strong></span> <span class='ocrx_word' id='word_1_297' title='bbox 1728 3496 1744 3521; x_wconf 92' lang='lat'><strong>,</strong></span> <span class='ocrx_word' id='word_1_298' title='bbox 1787 3463 1843 3509; x_wconf 90' lang='lat' dir='ltr'><strong>et</strong></span> 
     </span>
    </p>
   </div>
   <div class='ocr_carea' id='block_1_39' title="bbox 198 3543 1843 3618">
    <p class='ocr_par' dir='ltr' id='par_1_39' title="bbox 198 3543 1843 3618">
     <span class='ocr_line' id='line_1_39' title="bbox 198 3543 1843 3618; baseline -0.001 -15"><span class='ocrx_word' id='word_1_299' title='bbox 198 3547 281 3603; x_wconf 88' lang='lat' dir='ltr'><strong>ait</strong></span> <span class='ocrx_word' id='word_1_300' title='bbox 306 3544 380 3602; x_wconf 92' lang='lat' dir='ltr'><strong>ad</strong></span> <span class='ocrx_word' id='word_1_301' title='bbox 407 3543 708 3601; x_wconf 81' lang='lat' dir='ltr'><strong>dominum</strong></span> <span class='ocrx_word' id='word_1_302' title='bbox 738 3559 903 3600; x_wconf 88' lang='lat' dir='ltr'><strong>suum</strong></span> <span class='ocrx_word' id='word_1_303' title='bbox 927 3560 940 3598; x_wconf 89' lang='lat'><strong>:</strong></span> <span class='ocrx_word' id='word_1_304' title='bbox 976 3544 1022 3598; x_wconf 77' lang='grc' dir='ltr'><strong><em>θ</em></strong></span> <span class='ocrx_word' id='word_1_305' title='bbox 1047 3545 1277 3611; x_wconf 82' lang='lat' dir='ltr'><strong>domine,</strong></span> <span class='ocrx_word' id='word_1_306' title='bbox 1299 3544 1426 3616; x_wconf 83' lang='lat' dir='ltr'><strong>quid</strong></span> <span class='ocrx_word' id='word_1_307' title='bbox 1454 3547 1708 3618; x_wconf 81' lang='lat' dir='ltr'><strong>faciemus</strong></span> <span class='ocrx_word' id='word_1_308' title='bbox 1727 3546 1753 3600; x_wconf 82' lang='lat'><strong><em>?</em></strong></span> <span class='ocrx_word' id='word_1_309' title='bbox 1774 3546 1843 3602; x_wconf 87' lang='lat' dir='ltr'><strong>Et</strong></span> 
     </span>
    </p>
   </div>
   <div class='ocr_carea' id='block_1_40' title="bbox 202 3635 1842 3709">
    <p class='ocr_par' dir='ltr' id='par_1_40' title="bbox 202 3635 1842 3709">
     <span class='ocr_line' id='line_1_40' title="bbox 202 3635 1842 3709; baseline -0.001 -14"><span class='ocrx_word' id='word_1_310' title='bbox 202 3639 351 3695; x_wconf 75' lang='lat' dir='ltr'><strong>dixit</strong></span> <span class='ocrx_word' id='word_1_311' title='bbox 385 3635 641 3693; x_wconf 69' lang='lat' dir='ltr'><strong>Blisreus</strong></span> <span class='ocrx_word' id='word_1_312' title='bbox 660 3635 962 3709; x_wconf 88' lang='lat' dir='ltr'><strong>propheta:</strong></span> <span class='ocrx_word' id='word_1_313' title='bbox 989 3636 1121 3692; x_wconf 86' lang='lat' dir='ltr'><strong>Noli</strong></span> <span class='ocrx_word' id='word_1_314' title='bbox 1152 3639 1372 3705; x_wconf 82' lang='lat' dir='ltr'><strong>timere;</strong></span> <span class='ocrx_word' id='word_1_315' title='bbox 1393 3639 1639 3709; x_wconf 84' lang='lat' dir='ltr'><strong>quoniam</strong></span> <span class='ocrx_word' id='word_1_316' title='bbox 1669 3640 1842 3695; x_wconf 82' lang='lat' dir='ltr'><strong>nobis-</strong></span> 
     </span>
    </p>
   </div>
   <div class='ocr_carea' id='block_1_41' title="bbox 207 3730 1845 3803">
    <p class='ocr_par' dir='ltr' id='par_1_41' title="bbox 207 3730 1845 3803">
     <span class='ocr_line' id='line_1_41' title="bbox 207 3730 1845 3803; baseline 0.001 -16"><span class='ocrx_word' id='word_1_317' title='bbox 207 3749 328 3788; x_wconf 87' lang='lat' dir='ltr'><strong>cum</strong></span> <span class='ocrx_word' id='word_1_318' title='bbox 354 3731 547 3803; x_wconf 80' lang='lat' dir='ltr'><strong>plures</strong></span> <span class='ocrx_word' id='word_1_319' title='bbox 569 3740 711 3795; x_wconf 85' lang='lat' dir='ltr'><strong>sum,</strong></span> <span class='ocrx_word' id='word_1_320' title='bbox 740 3747 896 3798; x_wconf 88' lang='lat' dir='ltr'><strong>quam</strong></span> <span class='ocrx_word' id='word_1_321' title='bbox 919 3747 1035 3785; x_wconf 87' lang='lat' dir='ltr'><strong>cum</strong></span> <span class='ocrx_word' id='word_1_322' title='bbox 1058 3732 1185 3786; x_wconf 84' lang='lat' dir='ltr'><strong>illis.</strong></span> <span class='ocrx_word' id='word_1_323' title='bbox 1216 3730 1286 3786; x_wconf 84' lang='lat' dir='ltr'><strong>Et</strong></span> <span class='ocrx_word' id='word_1_324' title='bbox 1314 3733 1512 3803; x_wconf 80' lang='lat' dir='ltr'><strong>rogavit</strong></span> <span class='ocrx_word' id='word_1_325' title='bbox 1540 3742 1599 3786; x_wconf 82' lang='lat' dir='ltr'><strong>ut</strong></span> <span class='ocrx_word' id='word_1_326' title='bbox 1618 3734 1845 3803; x_wconf 83' lang='lat' dir='ltr'><strong>aperiret</strong></span> 
     </span>
    </p>
   </div>
   <div class='ocr_carea' id='block_1_42' title="bbox 212 3820 1841 3898">
    <p class='ocr_par' dir='ltr' id='par_1_42' title="bbox 212 3820 1841 3898">
     <span class='ocr_line' id='line_1_42' title="bbox 212 3820 1841 3898; baseline 0.001 -19"><span class='ocrx_word' id='word_1_327' title='bbox 212 3824 492 3880; x_wconf 68' lang='lat' dir='ltr'><strong>Dominus</strong></span> <span class='ocrx_word' id='word_1_328' title='bbox 522 3821 698 3876; x_wconf 77' lang='lat' dir='ltr'><strong>oculos</strong></span> <span class='ocrx_word' id='word_1_329' title='bbox 716 3820 882 3877; x_wconf 62' lang='grc' dir='ltr'><strong>αἰαὶ.</strong></span> <span class='ocrx_word' id='word_1_330' title='bbox 917 3821 984 3878; x_wconf 82' lang='grc' dir='ltr'>Ει</span> <span class='ocrx_word' id='word_1_331' title='bbox 1012 3824 1178 3891; x_wconf 77' lang='lat' dir='ltr'><strong>aperti</strong></span> <span class='ocrx_word' id='word_1_332' title='bbox 1205 3834 1328 3879; x_wconf 82' lang='lat' dir='ltr'><strong>sunt</strong></span> <span class='ocrx_word' id='word_1_333' title='bbox 1355 3825 1494 3879; x_wconf 86' lang='lat' dir='ltr'><strong>oculi</strong></span> <span class='ocrx_word' id='word_1_334' title='bbox 1521 3828 1655 3898; x_wconf 88' lang='lat' dir='ltr'><strong>ejus,</strong></span> <span class='ocrx_word' id='word_1_335' title='bbox 1687 3836 1733 3879; x_wconf 84' lang='lat' dir='ltr'><strong>et</strong></span> <span class='ocrx_word' id='word_1_336' title='bbox 1764 3826 1841 3880; x_wconf 82' lang='lat' dir='ltr'><strong>vi-</strong></span> 
     </span>
    </p>
   </div>
   <div class='ocr_carea' id='block_1_43' title="bbox 216 3915 1843 3990">
    <p class='ocr_par' dir='ltr' id='par_1_43' title="bbox 216 3915 1843 3990">
     <span class='ocr_line' id='line_1_43' title="bbox 216 3915 1843 3990; baseline -0.001 -16"><span class='ocrx_word' id='word_1_337' title='bbox 216 3919 296 3974; x_wconf 81' lang='lat' dir='ltr'><strong>dit</strong></span> <span class='ocrx_word' id='word_1_338' title='bbox 325 3917 549 3990; x_wconf 57' lang='lat' dir='ltr'><strong>pietatm</strong></span> <span class='ocrx_word' id='word_1_339' title='bbox 592 3925 817 3971; x_wconf 71' lang='lat' dir='ltr'><strong>montem</strong></span> <span class='ocrx_word' id='word_1_340' title='bbox 843 3918 985 3989; x_wconf 87' lang='lat' dir='ltr'><strong>equis</strong></span> <span class='ocrx_word' id='word_1_341' title='bbox 1025 3926 1074 3973; x_wconf 91' lang='lat' dir='ltr'><strong>et</strong></span> <span class='ocrx_word' id='word_1_342' title='bbox 1104 3915 1342 3971; x_wconf 86' lang='lat' dir='ltr'><strong>curribus</strong></span> <span class='ocrx_word' id='word_1_343' title='bbox 1385 3917 1438 3971; x_wconf 84' lang='lat' dir='ltr'><strong>in</strong></span> <span class='ocrx_word' id='word_1_344' title='bbox 1479 3917 1700 3972; x_wconf 84' lang='lat' dir='ltr'><strong>circuitu</strong></span> <span class='ocrx_word' id='word_1_345' title='bbox 1728 3917 1843 3973; x_wconf 82' lang='lat' dir='ltr'><strong>Eli-</strong></span> 
     </span>
    </p>
   </div>
   <div class='ocr_carea' id='block_1_44' title="bbox 216 4007 1843 4081">
    <p class='ocr_par' dir='ltr' id='par_1_44' title="bbox 216 4007 1843 4081">
     <span class='ocr_line' id='line_1_44' title="bbox 216 4007 1843 4081; baseline 0.001 -16"><span class='ocrx_word' id='word_1_346' title='bbox 216 4013 335 4070; x_wconf 78' lang='lat' dir='ltr'><strong>uri.</strong></span> <span class='ocrx_word' id='word_1_347' title='bbox 372 4009 451 4065; x_wconf 80' lang='lat' dir='ltr'><strong>Et</strong></span> <span class='ocrx_word' id='word_1_348' title='bbox 479 4010 681 4080; x_wconf 76' lang='lat' dir='ltr'><strong>rogauit</strong></span> <span class='ocrx_word' id='word_1_349' title='bbox 712 4009 939 4065; x_wconf 76' lang='lat' dir='ltr'><strong>Elisccus</strong></span> <span class='ocrx_word' id='word_1_350' title='bbox 968 4018 1023 4061; x_wconf 85' lang='lat' dir='ltr'><strong>ut</strong></span> <span class='ocrx_word' id='word_1_351' title='bbox 1062 4017 1351 4081; x_wconf 76' lang='lat' dir='ltr'><strong>percuteret</strong></span> <span class='ocrx_word' id='word_1_352' title='bbox 1390 4025 1477 4064; x_wconf 89' lang='lat' dir='ltr'><strong>eos</strong></span> <span class='ocrx_word' id='word_1_353' title='bbox 1508 4007 1650 4065; x_wconf 83' lang='lat' dir='ltr'><strong>Deus</strong></span> <span class='ocrx_word' id='word_1_354' title='bbox 1691 4012 1843 4066; x_wconf 69' lang='lat' dir='ltr'><strong>cerci-</strong></span> 
     </span>
    </p>
   </div>
   <div class='ocr_carea' id='block_1_45' title="bbox 221 4104 1846 4177">
    <p class='ocr_par' dir='ltr' id='par_1_45' title="bbox 221 4104 1846 4177">
     <span class='ocr_line' id='line_1_45' title="bbox 221 4104 1846 4177; baseline -0.001 -15"><span class='ocrx_word' id='word_1_355' title='bbox 221 4117 352 4173; x_wconf 79' lang='lat' dir='ltr'><strong>tate,</strong></span> <span class='ocrx_word' id='word_1_356' title='bbox 381 4113 439 4160; x_wconf 89' lang='lat' dir='ltr'><strong>et</strong></span> <span class='ocrx_word' id='word_1_357' title='bbox 463 4104 696 4174; x_wconf 75' lang='lat' dir='ltr'><strong>percussi</strong></span> <span class='ocrx_word' id='word_1_358' title='bbox 743 4114 884 4172; x_wconf 84' lang='lat' dir='ltr'><strong>sunt,</strong></span> <span class='ocrx_word' id='word_1_359' title='bbox 930 4113 982 4159; x_wconf 82' lang='lat' dir='ltr'><strong>et</strong></span> <span class='ocrx_word' id='word_1_360' title='bbox 1008 4104 1318 4158; x_wconf 81' lang='lat' dir='ltr'><strong>introierunt</strong></span> <span class='ocrx_word' id='word_1_361' title='bbox 1348 4105 1402 4157; x_wconf 82' lang='lat' dir='ltr'><strong>in</strong></span> <span class='ocrx_word' id='word_1_362' title='bbox 1433 4106 1714 4174; x_wconf 79' lang='lat' dir='ltr'><strong>civitatem,</strong></span> <span class='ocrx_word' id='word_1_363' title='bbox 1744 4122 1846 4177; x_wconf 87' lang='lat' dir='ltr'><strong>quo</strong></span> 
     </span>
    </p>
   </div>
   <div class='ocr_carea' id='block_1_46' title="bbox 220 4195 1853 4271">
    <p class='ocr_par' dir='ltr' id='par_1_46' title="bbox 220 4195 1853 4271">
     <span class='ocr_line' id='line_1_46' title="bbox 220 4195 1853 4271; baseline 0 -16"><span class='ocrx_word' id='word_1_364' title='bbox 220 4199 651 4271; x_wconf 76' lang='lat' dir='ltr'><strong>ingrederentur,</strong></span> <span class='ocrx_word' id='word_1_365' title='bbox 682 4213 1006 4269; x_wconf 81' lang='lat' dir='ltr'><strong>nequaquam</strong></span> <span class='ocrx_word' id='word_1_366' title='bbox 1051 4198 1282 4253; x_wconf 81' lang='lat' dir='ltr'><strong>uidentes</strong></span> <span class='ocrx_word' id='word_1_367' title='bbox 1313 4195 1403 4268; x_wconf 85' lang='lat' dir='ltr'><strong>(IV</strong></span> <span class='ocrx_word' id='word_1_368' title='bbox 1437 4198 1565 4268; x_wconf 81' lang='lat' dir='ltr'><strong>Reg.</strong></span> <span class='ocrx_word' id='word_1_369' title='bbox 1595 4211 1670 4266; x_wconf 87' lang='lat' dir='ltr'><strong>vt,</strong></span> <span class='ocrx_word' id='word_1_370' title='bbox 1707 4198 1774 4254; x_wconf 71' lang='grc'><strong>15</strong></span> <span class='ocrx_word' id='word_1_371' title='bbox 1799 4209 1853 4257; x_wconf 80' lang='lat' dir='ltr'><strong>et</strong></span> 
     </span>
    </p>
   </div>
   <div class='ocr_carea' id='block_1_47' title="bbox 223 4288 1844 4362">
    <p class='ocr_par' dir='ltr' id='par_1_47' title="bbox 223 4288 1844 4362">
     <span class='ocr_line' id='line_1_47' title="bbox 223 4288 1844 4362; baseline 0.001 -14"><span class='ocrx_word' id='word_1_372' title='bbox 223 4291 386 4362; x_wconf 85' lang='lat' dir='ltr'><strong>seq.).</strong></span> <span class='ocrx_word' id='word_1_373' title='bbox 425 4288 671 4347; x_wconf 78' lang='lat' dir='ltr'><strong>Audistis</strong></span> <span class='ocrx_word' id='word_1_374' title='bbox 695 4299 851 4348; x_wconf 87' lang='lat' dir='ltr'><strong>certe</strong></span> <span class='ocrx_word' id='word_1_375' title='bbox 872 4331 888 4358; x_wconf 92' lang='lat'><strong>,</strong></span> <span class='ocrx_word' id='word_1_376' title='bbox 922 4291 1162 4358; x_wconf 84' lang='lat' dir='ltr'><strong>milites,</strong></span> <span class='ocrx_word' id='word_1_377' title='bbox 1204 4289 1297 4362; x_wconf 88' lang='lat' dir='ltr'><strong>qui</strong></span> <span class='ocrx_word' id='word_1_378' title='bbox 1328 4290 1645 4349; x_wconf 83' lang='lat' dir='ltr'><strong>circumfusi</strong></span> <span class='ocrx_word' id='word_1_379' title='bbox 1680 4294 1844 4361; x_wconf 84' lang='lat' dir='ltr'><strong>estis,</strong></span> 
     </span>
    </p>
   </div>
   <div class='ocr_carea' id='block_1_48' title="bbox 225 4380 1846 4458">
    <p class='ocr_par' dir='ltr' id='par_1_48' title="bbox 225 4380 1846 4458">
     <span class='ocr_line' id='line_1_48' title="bbox 225 4380 1846 4458; baseline 0.004 -22"><span class='ocrx_word' id='word_1_380' title='bbox 225 4383 359 4455; x_wconf 84' lang='lat' dir='ltr'><strong>quia</strong></span> <span class='ocrx_word' id='word_1_381' title='bbox 392 4382 486 4437; x_wconf 91' lang='lat' dir='ltr'><strong>ubi</strong></span> <span class='ocrx_word' id='word_1_382' title='bbox 517 4380 766 4452; x_wconf 74' lang='lat' dir='ltr'><strong>perﬁdia,</strong></span> <span class='ocrx_word' id='word_1_383' title='bbox 798 4381 875 4438; x_wconf 89' lang='lat' dir='ltr'><strong>ibi</strong></span> <span class='ocrx_word' id='word_1_384' title='bbox 904 4384 1127 4440; x_wconf 64' lang='lat' dir='ltr'><strong>emeitas</strong></span> <span class='ocrx_word' id='word_1_385' title='bbox 1155 4392 1261 4441; x_wconf 82' lang='lat' dir='ltr'><strong>est.</strong></span> <span class='ocrx_word' id='word_1_386' title='bbox 1287 4383 1480 4440; x_wconf 72' lang='lat' dir='ltr'><strong>Merito</strong></span> <span class='ocrx_word' id='word_1_387' title='bbox 1506 4399 1637 4458; x_wconf 87' lang='lat' dir='ltr'><strong>ergo</strong></span> <span class='ocrx_word' id='word_1_388' title='bbox 1667 4400 1846 4443; x_wconf 63' lang='lat' dir='ltr'><strong>caicus</strong></span> 
     </span>
    </p>
   </div>
   <div class='ocr_carea' id='block_1_49' title="bbox 224 4474 1845 4545">
    <p class='ocr_par' dir='ltr' id='par_1_49' title="bbox 224 4474 1845 4545">
     <span class='ocr_line' id='line_1_49' title="bbox 224 4474 1845 4545; baseline 0.001 -12"><span class='ocrx_word' id='word_1_389' title='bbox 224 4484 353 4533; x_wconf 79' lang='lat' dir='ltr'><strong>erat</strong></span> <span class='ocrx_word' id='word_1_390' title='bbox 380 4475 659 4532; x_wconf 80' lang='lat' dir='ltr'><strong>exercitus</strong></span> <span class='ocrx_word' id='word_1_391' title='bbox 685 4474 1009 4532; x_wconf 86' lang='lat' dir='ltr'><strong>inﬁdelium.</strong></span> <span class='ocrx_word' id='word_1_392' title='bbox 1045 4474 1151 4534; x_wconf 83' lang='lat' dir='ltr'><strong>Ubi</strong></span> <span class='ocrx_word' id='word_1_393' title='bbox 1183 4485 1365 4534; x_wconf 83' lang='lat' dir='ltr'><strong>autem</strong></span> <span class='ocrx_word' id='word_1_394' title='bbox 1394 4475 1556 4545; x_wconf 89' lang='lat' dir='ltr'><strong>ﬁdes,</strong></span> <span class='ocrx_word' id='word_1_395' title='bbox 1592 4478 1667 4536; x_wconf 86' lang='lat' dir='ltr'><strong>ibi</strong></span> <span class='ocrx_word' id='word_1_396' title='bbox 1688 4494 1845 4537; x_wconf 84' lang='lat' dir='ltr'><strong>exer-</strong></span> 
     </span>
    </p>
   </div>
   <div class='ocr_carea' id='block_1_50' title="bbox 1918 446 3526 521">
    <p class='ocr_par' dir='ltr' id='par_1_50' title="bbox 1918 446 3526 521">
     <span class='ocr_line' id='line_1_50' title="bbox 1918 446 3526 521; baseline 0.001 -16"><span class='ocrx_word' id='word_1_397' title='bbox 1918 456 2152 521; x_wconf 87' lang='lat' dir='ltr'><strong>quenter</strong></span> <span class='ocrx_word' id='word_1_398' title='bbox 2181 457 2441 520; x_wconf 83' lang='lat' dir='ltr'><strong>Operatur</strong></span> <span class='ocrx_word' id='word_1_399' title='bbox 2473 446 2528 504; x_wconf 89' lang='lat' dir='ltr'><strong>in</strong></span> <span class='ocrx_word' id='word_1_400' title='bbox 2558 448 2809 507; x_wconf 83' lang='lat' dir='ltr'><strong>mortuis.</strong></span> <span class='ocrx_word' id='word_1_401' title='bbox 2848 446 3090 518; x_wconf 86' lang='lat' dir='ltr'><strong>Denique</strong></span> <span class='ocrx_word' id='word_1_402' title='bbox 3136 447 3526 519; x_wconf 86' lang='lat' dir='ltr'><strong>adversarius,</strong></span> 
     </span>
    </p>
   </div>
   <div class='ocr_carea' id='block_1_51' title="bbox 1918 539 3532 614">
    <p class='ocr_par' dir='ltr' id='par_1_51' title="bbox 1918 539 3532 614">
     <span class='ocr_line' id='line_1_51' title="bbox 1918 539 3532 614; baseline 0.001 -16"><span class='ocrx_word' id='word_1_403' title='bbox 1918 551 1974 598; x_wconf 90' lang='lat' dir='ltr'><strong>et</strong></span> <span class='ocrx_word' id='word_1_404' title='bbox 2022 541 2267 612; x_wconf 84' lang='lat' dir='ltr'><strong>legiones</strong></span> <span class='ocrx_word' id='word_1_405' title='bbox 2311 554 2423 596; x_wconf 78' lang='lat' dir='ltr'><strong>sua:</strong></span> <span class='ocrx_word' id='word_1_406' title='bbox 2464 539 2785 612; x_wconf 88' lang='lat' dir='ltr'><strong>quotidiana</strong></span> <span class='ocrx_word' id='word_1_407' title='bbox 2830 550 3136 614; x_wconf 86' lang='lat' dir='ltr'><strong>martyrum</strong></span> <span class='ocrx_word' id='word_1_408' title='bbox 3165 542 3370 601; x_wconf 90' lang='lat' dir='ltr'><strong>virtute</strong></span> <span class='ocrx_word' id='word_1_409' title='bbox 3420 554 3532 602; x_wconf 91' lang='lat' dir='ltr'><strong>tor-</strong></span> 
     </span>
    </p>
   </div>
   <div class='ocr_carea' id='block_1_52' title="bbox 1917 632 3528 706">
    <p class='ocr_par' dir='ltr' id='par_1_52' title="bbox 1917 632 3528 706">
     <span class='ocr_line' id='line_1_52' title="bbox 1917 632 3528 706; baseline 0.005 -18"><span class='ocrx_word' id='word_1_410' title='bbox 1917 643 2177 706; x_wconf 86' lang='lat' dir='ltr'><strong>quentur.</strong></span> <span class='ocrx_word' id='word_1_411' title='bbox 2204 632 2360 691; x_wconf 89' lang='lat' dir='ltr'><strong>Unde</strong></span> <span class='ocrx_word' id='word_1_412' title='bbox 2381 633 2617 691; x_wconf 88' lang='lat' dir='ltr'><strong>arbitror</strong></span> <span class='ocrx_word' id='word_1_413' title='bbox 2639 634 2786 706; x_wconf 90' lang='lat' dir='ltr'><strong>quod</strong></span> <span class='ocrx_word' id='word_1_414' title='bbox 2803 646 2825 677; x_wconf 80' lang='grc' dir='ltr'><strong>ο</strong></span> <span class='ocrx_word' id='word_1_415' title='bbox 2840 635 2928 691; x_wconf 87' lang='lat' dir='ltr'><strong>ﬁla</strong></span> <span class='ocrx_word' id='word_1_416' title='bbox 2949 635 3280 697; x_wconf 86' lang='lat' dir='ltr'><strong>chordarum</strong></span> <span class='ocrx_word' id='word_1_417' title='bbox 3301 638 3528 696; x_wconf 80' lang='lat' dir='ltr'><strong>citharae</strong></span> 
     </span>
    </p>
   </div>
   <div class='ocr_carea' id='block_1_53' title="bbox 1920 710 3525 801">
    <p class='ocr_par' dir='ltr' id='par_1_53' title="bbox 1920 710 3525 801">
     <span class='ocr_line' id='line_1_53' title="bbox 1920 710 3525 801; baseline 0.004 -18"><span class='ocrx_word' id='word_1_418' title='bbox 1920 727 2048 783; x_wconf 88' lang='lat' dir='ltr'><strong>ideo</strong></span> <span class='ocrx_word' id='word_1_419' title='bbox 2064 710 2201 784; x_wconf 79' lang='lat' dir='ltr'><strong>lich</strong></span> <span class='ocrx_word' id='word_1_420' title='bbox 2214 726 2754 801; x_wconf 87' lang='lat' dir='ltr'><strong>dicantur,quoniam</strong></span> <span class='ocrx_word' id='word_1_421' title='bbox 2768 738 3047 787; x_wconf 88' lang='lat' dir='ltr'><strong>etmortua</strong></span> <span class='ocrx_word' id='word_1_422' title='bbox 3062 746 3258 791; x_wconf 85' lang='lat' dir='ltr'><strong>sonum</strong></span> <span class='ocrx_word' id='word_1_423' title='bbox 3271 733 3525 792; x_wconf 89' lang='lat' dir='ltr'><strong>reddant.</strong></span> 
     </span>
    </p>
   </div>
   <div class='ocr_carea' id='block_1_54' title="bbox 1997 821 3532 895">
    <p class='ocr_par' dir='ltr' id='par_1_54' title="bbox 1997 821 3532 895">
     <span class='ocr_line' id='line_1_54' title="bbox 1997 821 3532 895; baseline 0.007 -19"><span class='ocrx_word' id='word_1_424' title='bbox 1997 821 2083 877; x_wconf 78' lang='lat' dir='ltr'><strong>il.</strong></span> <span class='ocrx_word' id='word_1_425' title='bbox 2127 821 2249 888; x_wconf 91' lang='lat' dir='ltr'><strong>Quo</strong></span> <span class='ocrx_word' id='word_1_426' title='bbox 2278 822 2453 893; x_wconf 88' lang='lat' dir='ltr'><strong>magis</strong></span> <span class='ocrx_word' id='word_1_427' title='bbox 2475 837 2539 877; x_wconf 89' lang='lat' dir='ltr'><strong>ac</strong></span> <span class='ocrx_word' id='word_1_428' title='bbox 2572 822 2746 894; x_wconf 87' lang='lat' dir='ltr'><strong>magis</strong></span> <span class='ocrx_word' id='word_1_429' title='bbox 2768 823 3096 880; x_wconf 88' lang='lat' dir='ltr'><strong>enitendum</strong></span> <span class='ocrx_word' id='word_1_430' title='bbox 3121 836 3225 895; x_wconf 89' lang='lat' dir='ltr'><strong>est,</strong></span> <span class='ocrx_word' id='word_1_431' title='bbox 3252 843 3321 884; x_wconf 90' lang='lat' dir='ltr'><strong>ne</strong></span> <span class='ocrx_word' id='word_1_432' title='bbox 3350 828 3404 884; x_wconf 93' lang='lat' dir='ltr'><strong>in</strong></span> <span class='ocrx_word' id='word_1_433' title='bbox 3427 828 3532 887; x_wconf 92' lang='lat' dir='ltr'><strong>hoc</strong></span> 
     </span>
    </p>
   </div>
   <div class='ocr_carea' id='block_1_55' title="bbox 1922 911 3529 993">
    <p class='ocr_par' dir='ltr' id='par_1_55' title="bbox 1922 911 3529 993">
     <span class='ocr_line' id='line_1_55' title="bbox 1922 911 3529 993; baseline 0.006 -24"><span class='ocrx_word' id='word_1_434' title='bbox 1922 911 1949 952; x_wconf 73' lang='grc' dir='ltr'><strong>ἀ</strong></span> <span class='ocrx_word' id='word_1_435' title='bbox 1975 915 2195 973; x_wconf 89' lang='lat' dir='ltr'><strong>vivendi</strong></span> <span class='ocrx_word' id='word_1_436' title='bbox 2225 930 2454 975; x_wconf 89' lang='lat' dir='ltr'><strong>munere</strong></span> <span class='ocrx_word' id='word_1_437' title='bbox 2483 917 2597 981; x_wconf 87' lang='lat' dir='ltr'><strong>siti,</strong></span> <span class='ocrx_word' id='word_1_438' title='bbox 2629 916 2801 977; x_wconf 85' lang='lat' dir='ltr'><strong>simus</strong></span> <span class='ocrx_word' id='word_1_439' title='bbox 2826 916 3027 989; x_wconf 85' lang='lat' dir='ltr'><strong>ingrati</strong></span> <span class='ocrx_word' id='word_1_440' title='bbox 3056 935 3069 973; x_wconf 90' lang='lat'><strong>:</strong></span> <span class='ocrx_word' id='word_1_441' title='bbox 3104 919 3202 976; x_wconf 89' lang='lat' dir='ltr'><strong>sed</strong></span> <span class='ocrx_word' id='word_1_442' title='bbox 3232 920 3306 991; x_wconf 90' lang='lat' dir='ltr'><strong>pii</strong></span> <span class='ocrx_word' id='word_1_443' title='bbox 3337 920 3529 993; x_wconf 84' lang='lat' dir='ltr'><strong>pigno-</strong></span> 
     </span>
    </p>
   </div>
   <div class='ocr_carea' id='block_1_56' title="bbox 1923 1007 3533 1085">
    <p class='ocr_par' dir='ltr' id='par_1_56' title="bbox 1923 1007 3533 1085">
     <span class='ocr_line' id='line_1_56' title="bbox 1923 1007 3533 1085; baseline 0.006 -21"><span class='ocrx_word' id='word_1_444' title='bbox 1923 1007 2079 1069; x_wconf 88' lang='lat' dir='ltr'><strong>ribus</strong></span> <span class='ocrx_word' id='word_1_445' title='bbox 2109 1009 2376 1082; x_wconf 83' lang='lat' dir='ltr'><strong>principis</strong></span> <span class='ocrx_word' id='word_1_446' title='bbox 2398 1010 2651 1069; x_wconf 87' lang='lat' dir='ltr'><strong>sedulum</strong></span> <span class='ocrx_word' id='word_1_447' title='bbox 2680 1026 2744 1068; x_wconf 89' lang='lat' dir='ltr'><strong>ac</strong></span> <span class='ocrx_word' id='word_1_448' title='bbox 2772 1012 3007 1082; x_wconf 84' lang='lat' dir='ltr'><strong>patrium</strong></span> <span class='ocrx_word' id='word_1_449' title='bbox 3034 1014 3421 1085; x_wconf 87' lang='lat' dir='ltr'><strong>impendamus</strong></span> <span class='ocrx_word' id='word_1_450' title='bbox 3449 1016 3533 1073; x_wconf 82' lang='lat' dir='ltr'><strong>af-</strong></span> 
     </span>
    </p>
   </div>
   <div class='ocr_carea' id='block_1_57' title="bbox 1921 1104 3536 1183">
    <p class='ocr_par' dir='ltr' id='par_1_57' title="bbox 1921 1104 3536 1183">
     <span class='ocr_line' id='line_1_57' title="bbox 1921 1104 3536 1183; baseline 0.006 -23"><span class='ocrx_word' id='word_1_451' title='bbox 1921 1104 2149 1164; x_wconf 85' lang='lat' dir='ltr'><strong>fectum.</strong></span> <span class='ocrx_word' id='word_1_452' title='bbox 2179 1105 2388 1165; x_wconf 87' lang='lat' dir='ltr'><strong>Solvite</strong></span> <span class='ocrx_word' id='word_1_453' title='bbox 2422 1106 2553 1165; x_wconf 87' lang='lat' dir='ltr'><strong>ﬁliis</strong></span> <span class='ocrx_word' id='word_1_454' title='bbox 2578 1106 2700 1179; x_wconf 83' lang='lat' dir='ltr'><strong>ejus</strong></span> <span class='ocrx_word' id='word_1_455' title='bbox 2724 1148 2738 1172; x_wconf 86' lang='lat'><strong>,</strong></span> <span class='ocrx_word' id='word_1_456' title='bbox 2766 1108 2912 1180; x_wconf 90' lang='lat' dir='ltr'><strong>quod</strong></span> <span class='ocrx_word' id='word_1_457' title='bbox 2948 1108 3162 1169; x_wconf 83' lang='lat' dir='ltr'><strong>debetis</strong></span> <span class='ocrx_word' id='word_1_458' title='bbox 3195 1111 3359 1183; x_wconf 89' lang='lat' dir='ltr'><strong>patri.</strong></span> <span class='ocrx_word' id='word_1_459' title='bbox 3404 1111 3536 1169; x_wconf 85' lang='lat' dir='ltr'><strong>Plus</strong></span> 
     </span>
    </p>
   </div>
   <div class='ocr_carea' id='block_1_58' title="bbox 1923 1199 3533 1272">
    <p class='ocr_par' dir='ltr' id='par_1_58' title="bbox 1923 1199 3533 1272">
     <span class='ocr_line' id='line_1_58' title="bbox 1923 1199 3533 1272; baseline 0.004 -18"><span class='ocrx_word' id='word_1_460' title='bbox 1923 1199 2137 1259; x_wconf 85' lang='lat' dir='ltr'><strong>debetis</strong></span> <span class='ocrx_word' id='word_1_461' title='bbox 2169 1199 2459 1269; x_wconf 84' lang='lat' dir='ltr'><strong>defuncto,</strong></span> <span class='ocrx_word' id='word_1_462' title='bbox 2489 1216 2651 1272; x_wconf 82' lang='lat' dir='ltr'><strong>quam</strong></span> <span class='ocrx_word' id='word_1_463' title='bbox 2680 1201 2953 1260; x_wconf 88' lang='lat' dir='ltr'><strong>debuistis</strong></span> <span class='ocrx_word' id='word_1_464' title='bbox 2976 1203 3206 1261; x_wconf 78' lang='lat' dir='ltr'><strong>virenti.</strong></span> <span class='ocrx_word' id='word_1_465' title='bbox 3241 1204 3458 1262; x_wconf 85' lang='lat' dir='ltr'><strong>Etenim</strong></span> <span class='ocrx_word' id='word_1_466' title='bbox 3489 1207 3533 1263; x_wconf 90' lang='lat' dir='ltr'><strong>si</strong></span> 
     </span>
    </p>
   </div>
   <div class='ocr_carea' id='block_1_59' title="bbox 1925 1292 3531 1366">
    <p class='ocr_par' dir='ltr' id='par_1_59' title="bbox 1925 1292 3531 1366">
     <span class='ocr_line' id='line_1_59' title="bbox 1925 1292 3531 1366; baseline 0.004 -19"><span class='ocrx_word' id='word_1_467' title='bbox 1925 1292 1980 1347; x_wconf 90' lang='lat' dir='ltr'><strong>in</strong></span> <span class='ocrx_word' id='word_1_468' title='bbox 2000 1292 2194 1349; x_wconf 84' lang='lat' dir='ltr'><strong>liberis</strong></span> <span class='ocrx_word' id='word_1_469' title='bbox 2211 1294 2553 1363; x_wconf 88' lang='lat' dir='ltr'><strong>privatorum</strong></span> <span class='ocrx_word' id='word_1_470' title='bbox 2574 1310 2687 1351; x_wconf 84' lang='lat' dir='ltr'><strong>non</strong></span> <span class='ocrx_word' id='word_1_471' title='bbox 2710 1295 2829 1352; x_wconf 89' lang='lat' dir='ltr'><strong>sine</strong></span> <span class='ocrx_word' id='word_1_472' title='bbox 2850 1296 3003 1366; x_wconf 84' lang='lat' dir='ltr'><strong>gravi</strong></span> <span class='ocrx_word' id='word_1_473' title='bbox 3023 1297 3235 1354; x_wconf 88' lang='lat' dir='ltr'><strong>scelere</strong></span> <span class='ocrx_word' id='word_1_474' title='bbox 3256 1296 3531 1353; x_wconf 79' lang='lat' dir='ltr'><strong>minorum</strong></span> 
     </span>
    </p>
   </div>
   <div class='ocr_carea' id='block_1_60' title="bbox 1919 1387 3534 1464">
    <p class='ocr_par' dir='ltr' id='par_1_60' title="bbox 1919 1387 3534 1464">
     <span class='ocr_line' id='line_1_60' title="bbox 1919 1387 3534 1464; baseline 0.002 -20"><span class='ocrx_word' id='word_1_475' title='bbox 1919 1387 2044 1459; x_wconf 86' lang='lat' dir='ltr'><strong>jura</strong></span> <span class='ocrx_word' id='word_1_476' title='bbox 2070 1397 2447 1458; x_wconf 77' lang='lat' dir='ltr'><strong>temerantur;</strong></span> <span class='ocrx_word' id='word_1_477' title='bbox 2470 1400 2681 1461; x_wconf 88' lang='lat' dir='ltr'><strong>quanto</strong></span> <span class='ocrx_word' id='word_1_478' title='bbox 2700 1391 2875 1464; x_wconf 78' lang='lat' dir='ltr'><strong>magis</strong></span> <span class='ocrx_word' id='word_1_479' title='bbox 2900 1391 2953 1446; x_wconf 89' lang='lat' dir='ltr'><strong>in</strong></span> <span class='ocrx_word' id='word_1_480' title='bbox 2987 1390 3115 1447; x_wconf 89' lang='lat' dir='ltr'><strong>ﬁliis</strong></span> <span class='ocrx_word' id='word_1_481' title='bbox 3142 1391 3534 1462; x_wconf 79' lang='lat' dir='ltr'><strong>imperatoris?</strong></span> 
     </span>
    </p>
   </div>
   <div class='ocr_carea' id='block_1_61' title="bbox 2002 1480 3542 1554">
    <p class='ocr_par' dir='ltr' id='par_1_61' title="bbox 2002 1480 3542 1554">
     <span class='ocr_line' id='line_1_61' title="bbox 2002 1480 3542 1554; baseline 0.002 -19"><span class='ocrx_word' id='word_1_482' title='bbox 2002 1480 2090 1539; x_wconf 70' lang='grc' dir='ltr'><strong>η.</strong></span> <span class='ocrx_word' id='word_1_483' title='bbox 2129 1480 2380 1541; x_wconf 81' lang='lat' dir='ltr'><strong>Addatur</strong></span> <span class='ocrx_word' id='word_1_484' title='bbox 2425 1496 2493 1538; x_wconf 90' lang='lat' dir='ltr'><strong>eo</strong></span> <span class='ocrx_word' id='word_1_485' title='bbox 2540 1482 2702 1551; x_wconf 86' lang='lat' dir='ltr'><strong>cujus</strong></span> <span class='ocrx_word' id='word_1_486' title='bbox 2756 1483 3143 1552; x_wconf 85' lang='lat' dir='ltr'><strong>imperatoris?</strong></span> <span class='ocrx_word' id='word_1_487' title='bbox 3185 1483 3542 1554; x_wconf 85' lang='lat' dir='ltr'><strong>Imperatoris</strong></span> 
     </span>
    </p>
   </div>
   <div class='ocr_carea' id='block_1_62' title="bbox 1928 1574 3543 1649">
    <p class='ocr_par' dir='ltr' id='par_1_62' title="bbox 1928 1574 3543 1649">
     <span class='ocr_line' id='line_1_62' title="bbox 1928 1574 3543 1649; baseline 0.004 -20"><span class='ocrx_word' id='word_1_488' title='bbox 1928 1574 2027 1645; x_wconf 90' lang='lat' dir='ltr'><strong>pii,</strong></span> <span class='ocrx_word' id='word_1_489' title='bbox 2051 1575 2400 1646; x_wconf 84' lang='lat' dir='ltr'><strong>imperatoris</strong></span> <span class='ocrx_word' id='word_1_490' title='bbox 2426 1575 2829 1642; x_wconf 84' lang='lat' dir='ltr'><strong>misericordis,</strong></span> <span class='ocrx_word' id='word_1_491' title='bbox 2860 1576 3217 1649; x_wconf 84' lang='lat' dir='ltr'><strong>imperatoris</strong></span> <span class='ocrx_word' id='word_1_492' title='bbox 3239 1576 3437 1646; x_wconf 86' lang='lat' dir='ltr'><strong>fidelis,</strong></span> <span class='ocrx_word' id='word_1_493' title='bbox 3471 1576 3543 1635; x_wconf 87' lang='lat' dir='ltr'><strong>de</strong></span> 
     </span>
    </p>
   </div>
   <div class='ocr_carea' id='block_1_63' title="bbox 1928 1668 3543 1741">
    <p class='ocr_par' dir='ltr' id='par_1_63' title="bbox 1928 1668 3543 1741">
     <span class='ocr_line' id='line_1_63' title="bbox 1928 1668 3543 1741; baseline 0.002 -17"><span class='ocrx_word' id='word_1_494' title='bbox 1928 1682 2037 1739; x_wconf 90' lang='lat' dir='ltr'><strong>quo</strong></span> <span class='ocrx_word' id='word_1_495' title='bbox 2068 1684 2177 1725; x_wconf 90' lang='lat' dir='ltr'><strong>non</strong></span> <span class='ocrx_word' id='word_1_496' title='bbox 2207 1669 2487 1726; x_wconf 86' lang='lat' dir='ltr'><strong>mediocre</strong></span> <span class='ocrx_word' id='word_1_497' title='bbox 2513 1669 2700 1727; x_wconf 86' lang='lat' dir='ltr'><strong>locuta</strong></span> <span class='ocrx_word' id='word_1_498' title='bbox 2729 1679 2815 1727; x_wconf 83' lang='lat' dir='ltr'><strong>est</strong></span> <span class='ocrx_word' id='word_1_499' title='bbox 2843 1668 3127 1741; x_wconf 85' lang='lat' dir='ltr'><strong>Scriptura</strong></span> <span class='ocrx_word' id='word_1_500' title='bbox 3158 1670 3389 1729; x_wconf 87' lang='lat' dir='ltr'><strong>dicens:</strong></span> <span class='ocrx_word' id='word_1_501' title='bbox 3419 1669 3543 1728; x_wconf 73' lang='lat' dir='ltr'><strong>Ha-</strong></span> 
     </span>
    </p>
   </div>
   <div class='ocr_carea' id='block_1_64' title="bbox 3313 1764 3544 1820">
    <p class='ocr_par' dir='ltr' id='par_1_64' title="bbox 3313 1764 3544 1820">
     <span class='ocr_line' id='line_1_64' title="bbox 3313 1764 3544 1820; baseline 0.009 -3"><span class='ocrx_word' id='word_1_502' title='bbox 3313 1764 3544 1820; x_wconf 82' lang='lat' dir='ltr'><strong>invenire</strong></span> 
     </span>
    </p>
   </div>
   <div class='ocr_carea' id='block_1_65' title="bbox 1930 1852 3543 1928">
    <p class='ocr_par' dir='ltr' id='par_1_65' title="bbox 1930 1852 3543 1928">
     <span class='ocr_line' id='line_1_65' title="bbox 1930 1852 3543 1928; baseline 0.004 -21"><span class='ocrx_word' id='word_1_503' title='bbox 1930 1864 2103 1911; x_wconf 82' lang='lat' dir='ltr'><strong>autem</strong></span> <span class='ocrx_word' id='word_1_504' title='bbox 2123 1854 2292 1910; x_wconf 80' lang='lat' dir='ltr'><strong>uirum</strong></span> <span class='ocrx_word' id='word_1_505' title='bbox 2314 1855 2522 1925; x_wconf 71' lang='lat' dir='ltr'><strong>ﬁdelem</strong></span> <span class='ocrx_word' id='word_1_506' title='bbox 2551 1852 2773 1923; x_wconf 69' lang='lat' dir='ltr'><strong>diﬁicile</strong></span> <span class='ocrx_word' id='word_1_507' title='bbox 2792 1863 2865 1912; x_wconf 85' lang='lat' dir='ltr'><strong>est</strong></span> <span class='ocrx_word' id='word_1_508' title='bbox 2896 1854 3084 1927; x_wconf 75' lang='lat' dir='ltr'><strong>(Prov.</strong></span> <span class='ocrx_word' id='word_1_509' title='bbox 3105 1872 3199 1921; x_wconf 74' lang='lat' dir='ltr'><strong>xx,</strong></span> <span class='ocrx_word' id='word_1_510' title='bbox 3225 1856 3306 1928; x_wconf 86' lang='lat'><strong>6).</strong></span> <span class='ocrx_word' id='word_1_511' title='bbox 3335 1857 3394 1914; x_wconf 89' lang='lat' dir='ltr'><strong>Si</strong></span> <span class='ocrx_word' id='word_1_512' title='bbox 3428 1872 3543 1914; x_wconf 85' lang='lat' dir='ltr'><strong>ma-</strong></span> 
     </span>
    </p>
   </div>
   <div class='ocr_carea' id='block_1_66' title="bbox 1929 1949 3545 2025">
    <p class='ocr_par' dir='ltr' id='par_1_66' title="bbox 1929 1949 3545 2025">
     <span class='ocr_line' id='line_1_66' title="bbox 1929 1949 3545 2025; baseline 0.003 -22"><span class='ocrx_word' id='word_1_513' title='bbox 1929 1965 2097 2022; x_wconf 84' lang='lat' dir='ltr'><strong>guum</strong></span> <span class='ocrx_word' id='word_1_514' title='bbox 2123 1959 2208 2007; x_wconf 89' lang='lat' dir='ltr'><strong>est</strong></span> <span class='ocrx_word' id='word_1_515' title='bbox 2234 1949 2653 2009; x_wconf 87' lang='lat' dir='ltr'><strong>misericordem</strong></span> <span class='ocrx_word' id='word_1_516' title='bbox 2671 1959 2766 2006; x_wconf 88' lang='lat' dir='ltr'><strong>aut</strong></span> <span class='ocrx_word' id='word_1_517' title='bbox 2783 1950 2997 2008; x_wconf 80' lang='lat' dir='ltr'><strong>ﬁdelem</strong></span> <span class='ocrx_word' id='word_1_518' title='bbox 3022 1966 3425 2025; x_wconf 85' lang='lat' dir='ltr'><strong>quemcumque</strong></span> <span class='ocrx_word' id='word_1_519' title='bbox 3445 1952 3545 2010; x_wconf 86' lang='lat' dir='ltr'><strong>ho-</strong></span> 
     </span>
    </p>
   </div>
   <div class='ocr_carea' id='block_1_67' title="bbox 1932 2044 3546 2119">
    <p class='ocr_par' dir='ltr' id='par_1_67' title="bbox 1932 2044 3546 2119">
     <span class='ocr_line' id='line_1_67' title="bbox 1932 2044 3546 2119; baseline 0.004 -20"><span class='ocrx_word' id='word_1_520' title='bbox 1932 2044 2137 2101; x_wconf 86' lang='lat' dir='ltr'><strong>minem</strong></span> <span class='ocrx_word' id='word_1_521' title='bbox 2167 2044 2455 2111; x_wconf 87' lang='lat' dir='ltr'><strong>invenire;</strong></span> <span class='ocrx_word' id='word_1_522' title='bbox 2493 2054 2700 2116; x_wconf 86' lang='lat' dir='ltr'><strong>quanto</strong></span> <span class='ocrx_word' id='word_1_523' title='bbox 2731 2045 2900 2117; x_wconf 87' lang='lat' dir='ltr'><strong>magis</strong></span> <span class='ocrx_word' id='word_1_524' title='bbox 2932 2046 3346 2118; x_wconf 80' lang='lat' dir='ltr'><strong>imperatorem,</strong></span> <span class='ocrx_word' id='word_1_525' title='bbox 3380 2063 3546 2119; x_wconf 85' lang='lat' dir='ltr'><strong>quem</strong></span> 
     </span>
    </p>
   </div>
   <div class='ocr_carea' id='block_1_68' title="bbox 1933 2138 3545 2211">
    <p class='ocr_par' dir='ltr' id='par_1_68' title="bbox 1933 2138 3545 2211">
     <span class='ocr_line' id='line_1_68' title="bbox 1933 2138 3545 2211; baseline 0.002 -18"><span class='ocrx_word' id='word_1_526' title='bbox 1933 2148 2180 2209; x_wconf 86' lang='lat' dir='ltr'><strong>potestas</strong></span> <span class='ocrx_word' id='word_1_527' title='bbox 2207 2138 2275 2195; x_wconf 88' lang='lat' dir='ltr'><strong>ad</strong></span> <span class='ocrx_word' id='word_1_528' title='bbox 2305 2139 2683 2197; x_wconf 79' lang='lat' dir='ltr'><strong>ulciscendum</strong></span> <span class='ocrx_word' id='word_1_529' title='bbox 2708 2139 2962 2211; x_wconf 88' lang='lat' dir='ltr'><strong>impellit,</strong></span> <span class='ocrx_word' id='word_1_530' title='bbox 2988 2140 3085 2197; x_wconf 88' lang='lat' dir='ltr'><strong>sed</strong></span> <span class='ocrx_word' id='word_1_531' title='bbox 3109 2150 3334 2199; x_wconf 83' lang='lat' dir='ltr'><strong>revocat</strong></span> <span class='ocrx_word' id='word_1_532' title='bbox 3363 2152 3545 2199; x_wconf 85' lang='lat' dir='ltr'><strong>tamen</strong></span> 
     </span>
    </p>
   </div>
   <div class='ocr_carea' id='block_1_69' title="bbox 1932 2232 3546 2307">
    <p class='ocr_par' dir='ltr' id='par_1_69' title="bbox 1932 2232 3546 2307">
     <span class='ocr_line' id='line_1_69' title="bbox 1932 2232 3546 2307; baseline 0.004 -20"><span class='ocrx_word' id='word_1_533' title='bbox 1932 2233 2003 2288; x_wconf 90' lang='lat' dir='ltr'><strong>ab</strong></span> <span class='ocrx_word' id='word_1_534' title='bbox 2032 2233 2241 2291; x_wconf 87' lang='lat' dir='ltr'><strong>ultione</strong></span> <span class='ocrx_word' id='word_1_535' title='bbox 2269 2232 2589 2291; x_wconf 77' lang='lat' dir='ltr'><strong>miseratio?</strong></span> <span class='ocrx_word' id='word_1_536' title='bbox 2615 2233 2757 2299; x_wconf 87' lang='lat' dir='ltr'><strong>Quid</strong></span> <span class='ocrx_word' id='word_1_537' title='bbox 2786 2235 3137 2305; x_wconf 65' lang='lat' dir='ltr'><strong>praestantius</strong></span> <span class='ocrx_word' id='word_1_538' title='bbox 3166 2235 3276 2292; x_wconf 79' lang='lat' dir='ltr'><strong>ﬁde</strong></span> <span class='ocrx_word' id='word_1_539' title='bbox 3309 2237 3546 2307; x_wconf 84' lang='lat' dir='ltr'><strong>impera-</strong></span> 
     </span>
    </p>
   </div>
   <div class='ocr_carea' id='block_1_70' title="bbox 1936 2325 3545 2399">
    <p class='ocr_par' dir='ltr' id='par_1_70' title="bbox 1936 2325 3545 2399">
     <span class='ocr_line' id='line_1_70' title="bbox 1936 2325 3545 2399; baseline 0.004 -19"><span class='ocrx_word' id='word_1_540' title='bbox 1936 2326 2093 2389; x_wconf 84' lang='lat' dir='ltr'><strong>toris,</strong></span> <span class='ocrx_word' id='word_1_541' title='bbox 2119 2341 2283 2396; x_wconf 88' lang='lat' dir='ltr'><strong>quem</strong></span> <span class='ocrx_word' id='word_1_542' title='bbox 2316 2342 2423 2381; x_wconf 86' lang='lat' dir='ltr'><strong>nun</strong></span> <span class='ocrx_word' id='word_1_543' title='bbox 2452 2325 2683 2384; x_wconf 78' lang='lat' dir='ltr'><strong>extollat</strong></span> <span class='ocrx_word' id='word_1_544' title='bbox 2710 2327 2975 2397; x_wconf 80' lang='lat' dir='ltr'><strong>potentia,</strong></span> <span class='ocrx_word' id='word_1_545' title='bbox 3008 2327 3265 2399; x_wconf 87' lang='lat' dir='ltr'><strong>superbia</strong></span> <span class='ocrx_word' id='word_1_546' title='bbox 3290 2346 3400 2385; x_wconf 84' lang='lat' dir='ltr'><strong>non</strong></span> <span class='ocrx_word' id='word_1_547' title='bbox 3431 2333 3545 2386; x_wconf 79' lang='lat' dir='ltr'><strong>eri-</strong></span> 
     </span>
    </p>
   </div>
   <div class='ocr_carea' id='block_1_71' title="bbox 1934 2418 3543 2491">
    <p class='ocr_par' dir='ltr' id='par_1_71' title="bbox 1934 2418 3543 2491">
     <span class='ocr_line' id='line_1_71' title="bbox 1934 2418 3543 2491; baseline 0.001 -17"><span class='ocrx_word' id='word_1_548' title='bbox 1934 2429 2046 2490; x_wconf 84' lang='lat' dir='ltr'><strong>gat,</strong></span> <span class='ocrx_word' id='word_1_549' title='bbox 2083 2418 2181 2474; x_wconf 89' lang='lat' dir='ltr'><strong>sed</strong></span> <span class='ocrx_word' id='word_1_550' title='bbox 2211 2419 2385 2489; x_wconf 86' lang='lat' dir='ltr'><strong>pietas</strong></span> <span class='ocrx_word' id='word_1_551' title='bbox 2416 2418 2683 2475; x_wconf 78' lang='lat' dir='ltr'><strong>inclinet?</strong></span> <span class='ocrx_word' id='word_1_552' title='bbox 2708 2418 2778 2475; x_wconf 82' lang='lat' dir='ltr'><strong>de</strong></span> <span class='ocrx_word' id='word_1_553' title='bbox 2814 2435 2924 2491; x_wconf 90' lang='lat' dir='ltr'><strong>quo</strong></span> <span class='ocrx_word' id='word_1_554' title='bbox 2968 2419 3233 2490; x_wconf 69' lang='lat' dir='ltr'><strong>praeclare</strong></span> <span class='ocrx_word' id='word_1_555' title='bbox 3279 2419 3543 2478; x_wconf 87' lang='lat' dir='ltr'><strong>Salomon</strong></span> 
     </span>
    </p>
   </div>
   <div class='ocr_carea' id='block_1_72' title="bbox 1935 2510 3546 2586">
    <p class='ocr_par' dir='ltr' id='par_1_72' title="bbox 1935 2510 3546 2586">
     <span class='ocr_line' id='line_1_72' title="bbox 1935 2510 3546 2586; baseline 0.001 -18"><span class='ocrx_word' id='word_1_556' title='bbox 1935 2513 2055 2568; x_wconf 88' lang='lat' dir='ltr'><strong>ait:</strong></span> <span class='ocrx_word' id='word_1_557' title='bbox 2089 2523 2112 2551; x_wconf 74' lang='grc' dir='ltr'>ε</span> <span class='ocrx_word' id='word_1_558' title='bbox 2143 2510 2323 2580; x_wconf 81' lang='lat' dir='ltr'><strong>Iniqui</strong></span> <span class='ocrx_word' id='word_1_559' title='bbox 2364 2513 2501 2584; x_wconf 81' lang='lat' dir='ltr'><strong>regis</strong></span> <span class='ocrx_word' id='word_1_560' title='bbox 2545 2512 2802 2569; x_wconf 78' lang='lat' dir='ltr'><strong>minitatio</strong></span> <span class='ocrx_word' id='word_1_561' title='bbox 2848 2513 3035 2569; x_wconf 81' lang='lat' dir='ltr'><strong>similis</strong></span> <span class='ocrx_word' id='word_1_562' title='bbox 3080 2515 3279 2586; x_wconf 77' lang='lat' dir='ltr'><strong>rugitui</strong></span> <span class='ocrx_word' id='word_1_563' title='bbox 3323 2514 3488 2571; x_wconf 71' lang='lat' dir='ltr'><strong>leonis</strong></span> <span class='ocrx_word' id='word_1_564' title='bbox 3528 2530 3546 2570; x_wconf 78' lang='lat'><strong>.&#39;</strong></span> 
     </span>
    </p>
   </div>
   <div class='ocr_carea' id='block_1_73' title="bbox 1938 2604 3540 2680">
    <p class='ocr_par' dir='ltr' id='par_1_73' title="bbox 1938 2604 3540 2680">
     <span class='ocr_line' id='line_1_73' title="bbox 1938 2604 3540 2680; baseline 0.004 -22"><span class='ocrx_word' id='word_1_565' title='bbox 1938 2605 2074 2661; x_wconf 83' lang='lat' dir='ltr'><strong>sicut</strong></span> <span class='ocrx_word' id='word_1_566' title='bbox 2098 2614 2268 2660; x_wconf 83' lang='lat' dir='ltr'><strong>autem</strong></span> <span class='ocrx_word' id='word_1_567' title='bbox 2297 2620 2386 2660; x_wconf 88' lang='lat' dir='ltr'><strong>ros</strong></span> <span class='ocrx_word' id='word_1_568' title='bbox 2412 2605 2468 2660; x_wconf 82' lang='lat' dir='ltr'><strong>in</strong></span> <span class='ocrx_word' id='word_1_569' title='bbox 2494 2604 2673 2672; x_wconf 75' lang='lat' dir='ltr'><strong>herba,</strong></span> <span class='ocrx_word' id='word_1_570' title='bbox 2703 2606 2779 2660; x_wconf 84' lang='lat' dir='ltr'><strong>sic</strong></span> <span class='ocrx_word' id='word_1_571' title='bbox 2807 2614 2859 2661; x_wconf 79' lang='lat' dir='ltr'><strong>et</strong></span> <span class='ocrx_word' id='word_1_572' title='bbox 2884 2606 3123 2661; x_wconf 78' lang='lat' dir='ltr'><strong>hilaritas</strong></span> <span class='ocrx_word' id='word_1_573' title='bbox 3165 2611 3281 2680; x_wconf 83' lang='lat' dir='ltr'><strong>ejus</strong></span> <span class='ocrx_word' id='word_1_574' title='bbox 3330 2608 3348 2678; x_wconf 91' lang='lat'><strong>(</strong></span> <span class='ocrx_word' id='word_1_575' title='bbox 3376 2607 3540 2664; x_wconf 76' lang='lat' dir='ltr'><strong>Prov.</strong></span> 
     </span>
    </p>
   </div>
   <div class='ocr_carea' id='block_1_74' title="bbox 1939 2697 3548 2774">
    <p class='ocr_par' dir='ltr' id='par_1_74' title="bbox 1939 2697 3548 2774">
     <span class='ocr_line' id='line_1_74' title="bbox 1939 2697 3548 2774; baseline 0.004 -22"><span class='ocrx_word' id='word_1_576' title='bbox 1939 2713 2059 2766; x_wconf 65' lang='grc' dir='ltr'><strong>χιχ,</strong></span> <span class='ocrx_word' id='word_1_577' title='bbox 2090 2697 2204 2768; x_wconf 73' lang='grc'><strong>12).</strong></span> <span class='ocrx_word' id='word_1_578' title='bbox 2232 2697 2511 2765; x_wconf 82' lang='lat' dir='ltr'><strong>Quantum</strong></span> <span class='ocrx_word' id='word_1_579' title='bbox 2544 2697 2713 2770; x_wconf 86' lang='lat' dir='ltr'><strong>igitur</strong></span> <span class='ocrx_word' id='word_1_580' title='bbox 2743 2707 2829 2754; x_wconf 78' lang='lat' dir='ltr'><strong>est</strong></span> <span class='ocrx_word' id='word_1_581' title='bbox 2858 2701 3136 2769; x_wconf 89' lang='lat' dir='ltr'><strong>deponere</strong></span> <span class='ocrx_word' id='word_1_582' title='bbox 3161 2708 3429 2758; x_wconf 84' lang='lat' dir='ltr'><strong>terrorem</strong></span> <span class='ocrx_word' id='word_1_583' title='bbox 3449 2718 3548 2774; x_wconf 89' lang='lat' dir='ltr'><strong>po-</strong></span> 
     </span>
    </p>
   </div>
   <div class='ocr_carea' id='block_1_75' title="bbox 1940 2791 3075 2864">
    <p class='ocr_par' dir='ltr' id='par_1_75' title="bbox 1940 2791 3075 2864">
     <span class='ocr_line' id='line_1_75' title="bbox 1940 2791 3075 2864; baseline 0.001 -18"><span class='ocrx_word' id='word_1_584' title='bbox 1940 2792 2148 2859; x_wconf 77' lang='lat' dir='ltr'><strong>tentiae,</strong></span> <span class='ocrx_word' id='word_1_585' title='bbox 2182 2791 2445 2862; x_wconf 70' lang='lat' dir='ltr'><strong>prmierre</strong></span> <span class='ocrx_word' id='word_1_586' title='bbox 2484 2791 2813 2847; x_wconf 84' lang='lat' dir='ltr'><strong>suavitatem</strong></span> <span class='ocrx_word' id='word_1_587' title='bbox 2837 2792 3075 2864; x_wconf 70' lang='lat' dir='ltr'><strong>gratim?</strong></span> 
     </span>
    </p>
   </div>
   <div class='ocr_carea' id='block_1_76' title="bbox 2014 2882 3549 2957">
    <p class='ocr_par' dir='ltr' id='par_1_76' title="bbox 2014 2882 3549 2957">
     <span class='ocr_line' id='line_1_76' title="bbox 2014 2882 3549 2957; baseline 0.003 -18"><span class='ocrx_word' id='word_1_588' title='bbox 2014 2885 2102 2940; x_wconf 77' lang='grc'><strong>15.</strong></span> <span class='ocrx_word' id='word_1_589' title='bbox 2147 2883 2484 2941; x_wconf 88' lang='lat' dir='ltr'><strong>Beneﬁcium</strong></span> <span class='ocrx_word' id='word_1_590' title='bbox 2517 2899 2577 2940; x_wconf 89' lang='lat' dir='ltr'><strong>sc</strong></span> <span class='ocrx_word' id='word_1_591' title='bbox 2610 2882 2837 2954; x_wconf 90' lang='lat' dir='ltr'><strong>putabat</strong></span> <span class='ocrx_word' id='word_1_592' title='bbox 2863 2884 3144 2956; x_wconf 83' lang='lat' dir='ltr'><strong>accepisse</strong></span> <span class='ocrx_word' id='word_1_593' title='bbox 3165 2896 3412 2957; x_wconf 65' lang='lat' dir='ltr'><strong>augustas</strong></span> <span class='ocrx_word' id='word_1_594' title='bbox 3436 2902 3549 2944; x_wconf 89' lang='lat' dir='ltr'><strong>me-</strong></span> 
     </span>
    </p>
   </div>
   <div class='ocr_carea' id='block_1_77' title="bbox 1939 2978 3551 3054">
    <p class='ocr_par' dir='ltr' id='par_1_77' title="bbox 1939 2978 3551 3054">
     <span class='ocr_line' id='line_1_77' title="bbox 1939 2978 3551 3054; baseline 0.006 -21"><span class='ocrx_word' id='word_1_595' title='bbox 1939 2978 2130 3035; x_wconf 74' lang='lat' dir='ltr'><strong>moriae</strong></span> <span class='ocrx_word' id='word_1_596' title='bbox 2184 2978 2549 3049; x_wconf 83' lang='lat' dir='ltr'><strong>Theodosius,</strong></span> <span class='ocrx_word' id='word_1_597' title='bbox 2604 2994 2728 3035; x_wconf 83' lang='lat' dir='ltr'><strong>cum</strong></span> <span class='ocrx_word' id='word_1_598' title='bbox 2778 2992 3067 3052; x_wconf 81' lang='lat' dir='ltr'><strong>rogaretur</strong></span> <span class='ocrx_word' id='word_1_599' title='bbox 3124 2983 3439 3054; x_wconf 82' lang='lat' dir='ltr'><strong>ignoscere;</strong></span> <span class='ocrx_word' id='word_1_600' title='bbox 3494 2996 3551 3042; x_wconf 85' lang='lat' dir='ltr'><strong>et</strong></span> 
     </span>
    </p>
   </div>
   <div class='ocr_carea' id='block_1_78' title="bbox 1938 3071 3550 3143">
    <p class='ocr_par' dir='ltr' id='par_1_78' title="bbox 1938 3071 3550 3143">
     <span class='ocr_line' id='line_1_78' title="bbox 1938 3071 3550 3143; baseline 0.006 -16"><span class='ocrx_word' id='word_1_601' title='bbox 1938 3079 2070 3128; x_wconf 89' lang='lat' dir='ltr'><strong>tunc</strong></span> <span class='ocrx_word' id='word_1_602' title='bbox 2113 3071 2335 3143; x_wconf 81' lang='lat' dir='ltr'><strong>propior</strong></span> <span class='ocrx_word' id='word_1_603' title='bbox 2375 3080 2495 3128; x_wconf 90' lang='lat' dir='ltr'><strong>erat</strong></span> <span class='ocrx_word' id='word_1_604' title='bbox 2534 3073 2708 3129; x_wconf 69' lang='lat' dir='ltr'><strong>venia:</strong></span> <span class='ocrx_word' id='word_1_605' title='bbox 2733 3115 2749 3142; x_wconf 91' lang='lat'><strong>,</strong></span> <span class='ocrx_word' id='word_1_606' title='bbox 2786 3088 2913 3130; x_wconf 84' lang='lat' dir='ltr'><strong>cum</strong></span> <span class='ocrx_word' id='word_1_607' title='bbox 2962 3074 3201 3132; x_wconf 72' lang='lat' dir='ltr'><strong>fuissetf</strong></span> <span class='ocrx_word' id='word_1_608' title='bbox 3241 3079 3550 3137; x_wconf 86' lang='lat' dir='ltr'><strong>commotio</strong></span> 
     </span>
    </p>
   </div>
   <div class='ocr_carea' id='block_1_79' title="bbox 1864 3146 3550 3240">
    <p class='ocr_par' dir='ltr' id='par_1_79' title="bbox 1864 3146 3550 3240">
     <span class='ocr_line' id='line_1_79' title="bbox 1864 3146 3550 3240; baseline 0.005 -21"><span class='ocrx_word' id='word_1_609' title='bbox 1864 3146 1909 3208; x_wconf 71' lang='grc' dir='ltr'>Ο</span> <span class='ocrx_word' id='word_1_610' title='bbox 1944 3162 2119 3234; x_wconf 81' lang='lat' dir='ltr'><strong>major</strong></span> <span class='ocrx_word' id='word_1_611' title='bbox 2133 3163 2453 3220; x_wconf 84' lang='lat' dir='ltr'><strong>iracundiae.</strong></span> <span class='ocrx_word' id='word_1_612' title='bbox 2470 3163 2845 3236; x_wconf 67' lang='lat' dir='ltr'><strong>Praerogativa</strong></span> <span class='ocrx_word' id='word_1_613' title='bbox 2859 3167 3072 3240; x_wconf 67' lang='lat'><strong>1202</strong></span> <span class='ocrx_word' id='word_1_614' title='bbox 3093 3168 3412 3239; x_wconf 88' lang='lat' dir='ltr'><strong>ignoscendi</strong></span> <span class='ocrx_word' id='word_1_615' title='bbox 3426 3180 3550 3227; x_wconf 89' lang='lat' dir='ltr'><strong>erat</strong></span> 
     </span>
    </p>
   </div>
   <div class='ocr_carea' id='block_1_80' title="bbox 1944 3258 3547 3335">
    <p class='ocr_par' dir='ltr' id='par_1_80' title="bbox 1944 3258 3547 3335">
     <span class='ocr_line' id='line_1_80' title="bbox 1944 3258 3547 3335; baseline 0.004 -21"><span class='ocrx_word' id='word_1_616' title='bbox 1944 3258 2281 3331; x_wconf 84' lang='lat' dir='ltr'><strong>indignatum</strong></span> <span class='ocrx_word' id='word_1_617' title='bbox 2299 3259 2494 3315; x_wconf 82' lang='lat' dir='ltr'><strong>fuisse:</strong></span> <span class='ocrx_word' id='word_1_618' title='bbox 2510 3260 3021 3332; x_wconf 86' lang='lat' dir='ltr'><strong>et0ptabaturineo</strong></span> <span class='ocrx_word' id='word_1_619' title='bbox 3037 3305 3053 3334; x_wconf 91' lang='lat'><strong>,</strong></span> <span class='ocrx_word' id='word_1_620' title='bbox 3076 3264 3223 3335; x_wconf 83' lang='lat' dir='ltr'><strong>quod</strong></span> <span class='ocrx_word' id='word_1_621' title='bbox 3244 3264 3299 3320; x_wconf 91' lang='lat' dir='ltr'><strong>in</strong></span> <span class='ocrx_word' id='word_1_622' title='bbox 3329 3264 3456 3322; x_wconf 89' lang='lat' dir='ltr'><strong>aliis</strong></span> <span class='ocrx_word' id='word_1_623' title='bbox 3480 3266 3547 3321; x_wconf 80' lang='lat' dir='ltr'><strong>ti-</strong></span> 
     </span>
    </p>
   </div>
   <div class='ocr_carea' id='block_1_81' title="bbox 1941 3353 3554 3429">
    <p class='ocr_par' dir='ltr' id='par_1_81' title="bbox 1941 3353 3554 3429">
     <span class='ocr_line' id='line_1_81' title="bbox 1941 3353 3554 3429; baseline 0.006 -21"><span class='ocrx_word' id='word_1_624' title='bbox 1941 3353 2214 3423; x_wconf 86' lang='lat' dir='ltr'><strong>mebatur,</strong></span> <span class='ocrx_word' id='word_1_625' title='bbox 2240 3365 2298 3409; x_wconf 89' lang='lat' dir='ltr'><strong>ut</strong></span> <span class='ocrx_word' id='word_1_626' title='bbox 2315 3354 2671 3411; x_wconf 88' lang='lat' dir='ltr'><strong>irasceretur.</strong></span> <span class='ocrx_word' id='word_1_627' title='bbox 2698 3355 2812 3413; x_wconf 84' lang='lat' dir='ltr'><strong>Hoc</strong></span> <span class='ocrx_word' id='word_1_628' title='bbox 2828 3366 2949 3413; x_wconf 85' lang='lat' dir='ltr'><strong>erat</strong></span> <span class='ocrx_word' id='word_1_629' title='bbox 2968 3359 3270 3416; x_wconf 84' lang='lat' dir='ltr'><strong>remedium</strong></span> <span class='ocrx_word' id='word_1_630' title='bbox 3294 3377 3554 3429; x_wconf 87' lang='lat' dir='ltr'><strong>reorum;</strong></span> 
     </span>
    </p>
   </div>
   <div class='ocr_carea' id='block_1_82' title="bbox 1942 3448 3556 3527">
    <p class='ocr_par' dir='ltr' id='par_1_82' title="bbox 1942 3448 3556 3527">
     <span class='ocr_line' id='line_1_82' title="bbox 1942 3448 3556 3527; baseline 0.006 -22"><span class='ocrx_word' id='word_1_631' title='bbox 1942 3449 2205 3521; x_wconf 83' lang='lat' dir='ltr'><strong>quoniam</strong></span> <span class='ocrx_word' id='word_1_632' title='bbox 2260 3466 2385 3505; x_wconf 82' lang='lat' dir='ltr'><strong>cum</strong></span> <span class='ocrx_word' id='word_1_633' title='bbox 2445 3448 2679 3509; x_wconf 74' lang='lat' dir='ltr'><strong>haberet</strong></span> <span class='ocrx_word' id='word_1_634' title='bbox 2729 3467 2895 3523; x_wconf 87' lang='lat' dir='ltr'><strong>supra</strong></span> <span class='ocrx_word' id='word_1_635' title='bbox 2946 3468 3137 3512; x_wconf 85' lang='lat' dir='ltr'><strong>omnes</strong></span> <span class='ocrx_word' id='word_1_636' title='bbox 3186 3465 3556 3527; x_wconf 86' lang='lat' dir='ltr'><strong>potestatem,</strong></span> 
     </span>
    </p>
   </div>
   <div class='ocr_carea' id='block_1_83' title="bbox 1941 3544 3559 3622">
    <p class='ocr_par' dir='ltr' id='par_1_83' title="bbox 1941 3544 3559 3622">
     <span class='ocr_line' id='line_1_83' title="bbox 1941 3544 3559 3622; baseline 0.006 -23"><span class='ocrx_word' id='word_1_637' title='bbox 1941 3544 2097 3615; x_wconf 83' lang='lat' dir='ltr'><strong>quasi</strong></span> <span class='ocrx_word' id='word_1_638' title='bbox 2124 3559 2324 3615; x_wconf 87' lang='lat' dir='ltr'><strong>parens</strong></span> <span class='ocrx_word' id='word_1_639' title='bbox 2350 3546 2705 3616; x_wconf 82' lang='lat' dir='ltr'><strong>expostulare</strong></span> <span class='ocrx_word' id='word_1_640' title='bbox 2729 3546 2991 3615; x_wconf 88' lang='lat' dir='ltr'><strong>malebat,</strong></span> <span class='ocrx_word' id='word_1_641' title='bbox 3020 3564 3185 3620; x_wconf 82' lang='lat' dir='ltr'><strong>quam</strong></span> <span class='ocrx_word' id='word_1_642' title='bbox 3208 3552 3363 3622; x_wconf 86' lang='lat' dir='ltr'><strong>quasi</strong></span> <span class='ocrx_word' id='word_1_643' title='bbox 3387 3550 3559 3621; x_wconf 77' lang='lat' dir='ltr'><strong>judex</strong></span> 
     </span>
    </p>
   </div>
   <div class='ocr_carea' id='block_1_84' title="bbox 1940 3638 3547 3714">
    <p class='ocr_par' dir='ltr' id='par_1_84' title="bbox 1940 3638 3547 3714">
     <span class='ocr_line' id='line_1_84' title="bbox 1940 3638 3547 3714; baseline 0.005 -22"><span class='ocrx_word' id='word_1_644' title='bbox 1940 3638 2915 3711; x_wconf 43' lang='lat' dir='ltr'><strong>punire.Sepetrementesjvidimus,</strong></span> <span class='ocrx_word' id='word_1_645' title='bbox 2941 3656 3080 3711; x_wconf 89' lang='lat' dir='ltr'><strong>quos</strong></span> <span class='ocrx_word' id='word_1_646' title='bbox 3095 3643 3424 3714; x_wconf 84' lang='lat' dir='ltr'><strong>objurgabat</strong></span> <span class='ocrx_word' id='word_1_647' title='bbox 3446 3685 3461 3711; x_wconf 92' lang='lat'><strong>,</strong></span> <span class='ocrx_word' id='word_1_648' title='bbox 3487 3658 3547 3700; x_wconf 90' lang='lat' dir='ltr'><strong>et</strong></span> 
     </span>
    </p>
   </div>
   <div class='ocr_carea' id='block_1_85' title="bbox 1940 3732 3563 3806">
    <p class='ocr_par' dir='ltr' id='par_1_85' title="bbox 1940 3732 3563 3806">
     <span class='ocr_line' id='line_1_85' title="bbox 1940 3732 3563 3806; baseline 0.004 -17"><span class='ocrx_word' id='word_1_649' title='bbox 1940 3733 2519 3804; x_wconf 45' lang='lat' dir='ltr'><strong>couvictosﬁceleris,</strong></span> <span class='ocrx_word' id='word_1_650' title='bbox 2559 3749 2685 3789; x_wconf 87' lang='lat' dir='ltr'><strong>cum</strong></span> <span class='ocrx_word' id='word_1_651' title='bbox 2729 3732 3171 3806; x_wconf 48' lang='lat' dir='ltr'><strong>desperassent?</strong></span> <span class='ocrx_word' id='word_1_652' title='bbox 3187 3737 3398 3794; x_wconf 83' lang='lat' dir='ltr'><strong>solutus</strong></span> <span class='ocrx_word' id='word_1_653' title='bbox 3448 3741 3563 3795; x_wconf 83' lang='lat' dir='ltr'><strong>cri-</strong></span> 
     </span>
    </p>
   </div>
   <div class='ocr_carea' id='block_1_86' title="bbox 1945 3824 3557 3902">
    <p class='ocr_par' dir='ltr' id='par_1_86' title="bbox 1945 3824 3557 3902">
     <span class='ocr_line' id='line_1_86' title="bbox 1945 3824 3557 3902; baseline 0.006 -23"><span class='ocrx_word' id='word_1_654' title='bbox 1945 3825 2113 3881; x_wconf 88' lang='lat' dir='ltr'><strong>mine.</strong></span> <span class='ocrx_word' id='word_1_655' title='bbox 2142 3824 2376 3880; x_wconf 85' lang='lat' dir='ltr'><strong>Vincere</strong></span> <span class='ocrx_word' id='word_1_656' title='bbox 2405 3824 2551 3880; x_wconf 89' lang='lat' dir='ltr'><strong>enim</strong></span> <span class='ocrx_word' id='word_1_657' title='bbox 2583 3825 2839 3894; x_wconf 91' lang='lat' dir='ltr'><strong>volebat,</strong></span> <span class='ocrx_word' id='word_1_658' title='bbox 2871 3843 2981 3882; x_wconf 84' lang='lat' dir='ltr'><strong>non</strong></span> <span class='ocrx_word' id='word_1_659' title='bbox 3008 3829 3248 3898; x_wconf 85' lang='lat' dir='ltr'><strong>plectere</strong></span> <span class='ocrx_word' id='word_1_660' title='bbox 3280 3831 3557 3902; x_wconf 69' lang='lat' dir='ltr'><strong>aequitatis</strong></span> 
     </span>
    </p>
   </div>
   <div class='ocr_carea' id='block_1_87' title="bbox 1938 3914 3559 3988">
    <p class='ocr_par' dir='ltr' id='par_1_87' title="bbox 1938 3914 3559 3988">
     <span class='ocr_line' id='line_1_87' title="bbox 1938 3914 3559 3988; baseline 0.006 -17"><span class='ocrx_word' id='word_1_661' title='bbox 1938 3914 2129 3987; x_wconf 73' lang='lat' dir='ltr'><strong>iudex,</strong></span> <span class='ocrx_word' id='word_1_662' title='bbox 2157 3931 2266 3970; x_wconf 84' lang='lat' dir='ltr'><strong>non</strong></span> <span class='ocrx_word' id='word_1_663' title='bbox 2289 3930 2465 3986; x_wconf 70' lang='lat' dir='ltr'><strong>paenae</strong></span> <span class='ocrx_word' id='word_1_664' title='bbox 2487 3915 2714 3981; x_wconf 84' lang='lat' dir='ltr'><strong>arbiter,</strong></span> <span class='ocrx_word' id='word_1_665' title='bbox 2741 3918 2834 3987; x_wconf 90' lang='lat' dir='ltr'><strong>qui</strong></span> <span class='ocrx_word' id='word_1_666' title='bbox 2864 3932 3161 3988; x_wconf 83' lang='lat' dir='ltr'><strong>numquam</strong></span> <span class='ocrx_word' id='word_1_667' title='bbox 3181 3922 3403 3977; x_wconf 83' lang='lat' dir='ltr'><strong>veniam</strong></span> <span class='ocrx_word' id='word_1_668' title='bbox 3430 3936 3559 3980; x_wconf 90' lang='lat' dir='ltr'><strong>con-</strong></span> 
     </span>
    </p>
   </div>
   <div class='ocr_carea' id='block_1_88' title="bbox 1944 4010 3555 4085">
    <p class='ocr_par' dir='ltr' id='par_1_88' title="bbox 1944 4010 3555 4085">
     <span class='ocr_line' id='line_1_88' title="bbox 1944 4010 3555 4085; baseline 0.007 -18"><span class='ocrx_word' id='word_1_669' title='bbox 1944 4010 2113 4067; x_wconf 77' lang='lat' dir='ltr'><strong>ﬁtenti</strong></span> <span class='ocrx_word' id='word_1_670' title='bbox 2137 4018 2367 4081; x_wconf 81' lang='lat' dir='ltr'><strong>negaret</strong></span> <span class='ocrx_word' id='word_1_671' title='bbox 2393 4029 2406 4065; x_wconf 93' lang='lat'><strong>:</strong></span> <span class='ocrx_word' id='word_1_672' title='bbox 2436 4017 2533 4066; x_wconf 76' lang='lat' dir='ltr'><strong>aut</strong></span> <span class='ocrx_word' id='word_1_673' title='bbox 2566 4011 2613 4066; x_wconf 90' lang='lat' dir='ltr'><strong>si</strong></span> <span class='ocrx_word' id='word_1_674' title='bbox 2644 4010 2774 4081; x_wconf 89' lang='lat' dir='ltr'><strong>quid</strong></span> <span class='ocrx_word' id='word_1_675' title='bbox 2799 4021 2969 4081; x_wconf 87' lang='lat' dir='ltr'><strong>esset,</strong></span> <span class='ocrx_word' id='word_1_676' title='bbox 3002 4013 3145 4085; x_wconf 89' lang='lat' dir='ltr'><strong>quod</strong></span> <span class='ocrx_word' id='word_1_677' title='bbox 3176 4018 3389 4075; x_wconf 82' lang='lat' dir='ltr'><strong>occulta</strong></span> <span class='ocrx_word' id='word_1_678' title='bbox 3417 4034 3555 4078; x_wconf 91' lang='lat' dir='ltr'><strong>con-</strong></span> 
     </span>
    </p>
   </div>
   <div class='ocr_carea' id='block_1_89' title="bbox 1946 4102 3558 4186">
    <p class='ocr_par' dir='ltr' id='par_1_89' title="bbox 1946 4102 3558 4186">
     <span class='ocr_line' id='line_1_89' title="bbox 1946 4102 3558 4186; baseline 0.008 -26"><span class='ocrx_word' id='word_1_679' title='bbox 1946 4103 2174 4160; x_wconf 84' lang='lat' dir='ltr'><strong>scientia</strong></span> <span class='ocrx_word' id='word_1_680' title='bbox 2204 4102 2539 4170; x_wconf 88' lang='lat' dir='ltr'><strong>involveret,</strong></span> <span class='ocrx_word' id='word_1_681' title='bbox 2588 4103 2698 4159; x_wconf 89' lang='lat' dir='ltr'><strong>Deo</strong></span> <span class='ocrx_word' id='word_1_682' title='bbox 2729 4105 3010 4162; x_wconf 87' lang='lat' dir='ltr'><strong>servabat.</strong></span> <span class='ocrx_word' id='word_1_683' title='bbox 3047 4105 3199 4165; x_wconf 78' lang='lat' dir='ltr'><strong>Hanc</strong></span> <span class='ocrx_word' id='word_1_684' title='bbox 3218 4125 3409 4168; x_wconf 81' lang='lat' dir='ltr'><strong>vocem</strong></span> <span class='ocrx_word' id='word_1_685' title='bbox 3437 4115 3558 4186; x_wconf 89' lang='lat' dir='ltr'><strong>ejus</strong></span> 
     </span>
    </p>
   </div>
   <div class='ocr_carea' id='block_1_90' title="bbox 1948 4196 3559 4273">
    <p class='ocr_par' dir='ltr' id='par_1_90' title="bbox 1948 4196 3559 4273">
     <span class='ocr_line' id='line_1_90' title="bbox 1948 4196 3559 4273; baseline 0.008 -20"><span class='ocrx_word' id='word_1_686' title='bbox 1948 4197 2200 4253; x_wconf 81' lang='lat' dir='ltr'><strong>homines</strong></span> <span class='ocrx_word' id='word_1_687' title='bbox 2228 4196 2422 4266; x_wconf 88' lang='lat' dir='ltr'><strong>magis,</strong></span> <span class='ocrx_word' id='word_1_688' title='bbox 2456 4211 2619 4267; x_wconf 88' lang='lat' dir='ltr'><strong>quam</strong></span> <span class='ocrx_word' id='word_1_689' title='bbox 2653 4211 2870 4266; x_wconf 74' lang='lat' dir='ltr'><strong>poenam</strong></span> <span class='ocrx_word' id='word_1_690' title='bbox 2907 4198 3203 4257; x_wconf 85' lang='lat' dir='ltr'><strong>timebant:</strong></span> <span class='ocrx_word' id='word_1_691' title='bbox 3237 4206 3381 4273; x_wconf 82' lang='lat' dir='ltr'><strong>quod</strong></span> <span class='ocrx_word' id='word_1_692' title='bbox 3407 4216 3559 4266; x_wconf 89' lang='lat' dir='ltr'><strong>tanta</strong></span> 
     </span>
    </p>
   </div>
   <div class='ocr_carea' id='block_1_91' title="bbox 1946 4291 3555 4363">
    <p class='ocr_par' dir='ltr' id='par_1_91' title="bbox 1946 4291 3555 4363">
     <span class='ocr_line' id='line_1_91' title="bbox 1946 4291 3555 4363; baseline 0.007 -15"><span class='ocrx_word' id='word_1_693' title='bbox 1946 4291 2248 4363; x_wconf 87' lang='lat' dir='ltr'><strong>imperator</strong></span> <span class='ocrx_word' id='word_1_694' title='bbox 2273 4298 2464 4362; x_wconf 86' lang='lat' dir='ltr'><strong>ageret</strong></span> <span class='ocrx_word' id='word_1_695' title='bbox 2485 4291 2841 4358; x_wconf 88' lang='lat' dir='ltr'><strong>verecundia,</strong></span> <span class='ocrx_word' id='word_1_696' title='bbox 2875 4302 2931 4347; x_wconf 94' lang='lat' dir='ltr'><strong>ut</strong></span> <span class='ocrx_word' id='word_1_697' title='bbox 2957 4293 3148 4350; x_wconf 85' lang='lat' dir='ltr'><strong>mallet</strong></span> <span class='ocrx_word' id='word_1_698' title='bbox 3168 4296 3274 4353; x_wconf 89' lang='lat' dir='ltr'><strong>sibi</strong></span> <span class='ocrx_word' id='word_1_699' title='bbox 3300 4296 3555 4360; x_wconf 86' lang='lat' dir='ltr'><strong>homines</strong></span> 
     </span>
    </p>
   </div>
   <div class='ocr_carea' id='block_1_92' title="bbox 1947 4386 2988 4458">
    <p class='ocr_par' dir='ltr' id='par_1_92' title="bbox 1947 4386 2988 4458">
     <span class='ocr_line' id='line_1_92' title="bbox 1947 4386 2988 4458; baseline -0.003 -13"><span class='ocrx_word' id='word_1_700' title='bbox 1947 4386 2211 4458; x_wconf 84' lang='lat' dir='ltr'><strong>religione</strong></span> <span class='ocrx_word' id='word_1_701' title='bbox 2238 4400 2402 4456; x_wconf 88' lang='lat' dir='ltr'><strong>quam</strong></span> <span class='ocrx_word' id='word_1_702' title='bbox 2433 4387 2633 4443; x_wconf 89' lang='lat' dir='ltr'><strong>timore</strong></span> <span class='ocrx_word' id='word_1_703' title='bbox 2661 4387 2988 4458; x_wconf 87' lang='lat' dir='ltr'><strong>astringere.</strong></span> 
     </span>
    </p>
   </div>
   <div class='ocr_carea' id='block_1_93' title="bbox 2021 4478 3553 4556">
    <p class='ocr_par' dir='ltr' id='par_1_93' title="bbox 2021 4478 3553 4556">
     <span class='ocr_line' id='line_1_93' title="bbox 2021 4478 3553 4556; baseline 0.009 -21"><span class='ocrx_word' id='word_1_704' title='bbox 2021 4478 2109 4536; x_wconf 77' lang='lat' dir='ltr'><strong>M.</strong></span> <span class='ocrx_word' id='word_1_705' title='bbox 2145 4489 2170 4528; x_wconf 73' lang='grc' dir='ltr'><strong><em>Β</em></strong></span> <span class='ocrx_word' id='word_1_706' title='bbox 2197 4478 2495 4536; x_wconf 80' lang='lat' dir='ltr'><strong>Maximum</strong></span> <span class='ocrx_word' id='word_1_707' title='bbox 2544 4478 2992 4552; x_wconf 80' lang='lat' dir='ltr'><strong>philosophorum</strong></span> <span class='ocrx_word' id='word_1_708' title='bbox 3038 4481 3419 4556; x_wconf 78' lang='lat' dir='ltr'><strong>impunitatem</strong></span> <span class='ocrx_word' id='word_1_709' title='bbox 3475 4490 3553 4550; x_wconf 87' lang='lat' dir='ltr'><strong>fe-</strong></span> 
     </span>
    </p>
   </div>
   <div class='ocr_carea' id='block_1_94' title="bbox 230 4662 3549 4744">
    <p class='ocr_par' dir='ltr' id='par_1_94' title="bbox 230 4662 3549 4744">
     <span class='ocr_line' id='line_1_94' title="bbox 230 4662 3549 4744; baseline 0.004 -26"><span class='ocrx_word' id='word_1_710' title='bbox 230 4662 397 4744; x_wconf 62' lang='lat' dir='ltr'><strong>veri},</strong></span> <span class='ocrx_word' id='word_1_711' title='bbox 437 4676 540 4744; x_wconf 76' lang='lat' dir='ltr'><strong>qua</strong></span> <span class='ocrx_word' id='word_1_712' title='bbox 576 4662 681 4719; x_wconf 89' lang='lat' dir='ltr'><strong>ﬁde</strong></span> <span class='ocrx_word' id='word_1_713' title='bbox 725 4662 779 4719; x_wconf 86' lang='lat' dir='ltr'><strong>in</strong></span> <span class='ocrx_word' id='word_1_714' title='bbox 823 4665 953 4744; x_wconf 75' lang='lat' dir='ltr'><strong>ipso</strong></span> <span class='ocrx_word' id='word_1_715' title='bbox 984 4665 1381 4744; x_wconf 71' lang='lat' dir='ltr'><strong>certaminead</strong></span> <span class='ocrx_word' id='word_1_716' title='bbox 1405 4680 1564 4737; x_wconf 88' lang='lat' dir='ltr'><strong>opem</strong></span> <span class='ocrx_word' id='word_1_717' title='bbox 1596 4664 1833 4744; x_wconf 77' lang='lat' dir='ltr'><strong>divinam</strong></span> <span class='ocrx_word' id='word_1_718' title='bbox 1861 4670 1919 4732; x_wconf 78' lang='grc' dir='ltr'><strong>Ι)</strong></span> <span class='ocrx_word' id='word_1_719' title='bbox 1999 4675 2040 4744; x_wconf 78' lang='lat'><strong>_°</strong></span> <span class='ocrx_word' id='word_1_720' title='bbox 2074 4665 2196 4744; x_wconf 86' lang='lat' dir='ltr'><strong>V_et.</strong></span> <span class='ocrx_word' id='word_1_721' title='bbox 2245 4666 2380 4744; x_wconf 77' lang='lat' dir='ltr'><strong>edit.</strong></span> <span class='ocrx_word' id='word_1_722' title='bbox 2404 4707 2420 4735; x_wconf 93' lang='lat'><strong>,</strong></span> <span class='ocrx_word' id='word_1_723' title='bbox 2454 4663 2637 4744; x_wconf 70' lang='lat' dir='ltr'><strong>Iniqui</strong></span> <span class='ocrx_word' id='word_1_724' title='bbox 2675 4666 2811 4744; x_wconf 74' lang='lat' dir='ltr'><strong>regis</strong></span> <span class='ocrx_word' id='word_1_725' title='bbox 2850 4668 3074 4744; x_wconf 48' lang='lat' dir='ltr'><strong>imitatio</strong></span> <span class='ocrx_word' id='word_1_726' title='bbox 3091 4687 3125 4744; x_wconf 71' lang='lat'><strong>,-_</strong></span> <span class='ocrx_word' id='word_1_727' title='bbox 3142 4684 3272 4725; x_wconf 89' lang='lat' dir='ltr'><strong>mss.</strong></span> <span class='ocrx_word' id='word_1_728' title='bbox 3308 4675 3501 4742; x_wconf 89' lang='lat' dir='ltr'><strong>partim</strong></span> <span class='ocrx_word' id='word_1_729' title='bbox 3534 4721 3549 4744; x_wconf 91' lang='lat'><strong>,</strong></span> 
     </span>
    </p>
   </div>
   <div class='ocr_carea' id='block_1_95' title="bbox 230 4735 1834 4808">
    <p class='ocr_par' dir='ltr' id='par_1_95' title="bbox 230 4735 1834 4808">
     <span class='ocr_line' id='line_1_95' title="bbox 230 4735 1834 4808; baseline 0.004 -20"><span class='ocrx_word' id='word_1_730' title='bbox 230 4735 562 4808; x_wconf 67' lang='lat' dir='ltr'><strong>confugerit,</strong></span> <span class='ocrx_word' id='word_1_731' title='bbox 592 4746 794 4808; x_wconf 85' lang='lat' dir='ltr'><strong>quanta</strong></span> <span class='ocrx_word' id='word_1_732' title='bbox 828 4736 1066 4807; x_wconf 84' lang='lat' dir='ltr'><strong>denique</strong></span> <span class='ocrx_word' id='word_1_733' title='bbox 1091 4751 1123 4797; x_wconf 85' lang='lat' dir='ltr'><strong>a</strong></span> <span class='ocrx_word' id='word_1_734' title='bbox 1151 4737 1261 4794; x_wconf 90' lang='lat' dir='ltr'><strong>Deo</strong></span> <span class='ocrx_word' id='word_1_735' title='bbox 1299 4735 1677 4806; x_wconf 83' lang='lat' dir='ltr'><strong>impetraverit</strong></span> <span class='ocrx_word' id='word_1_736' title='bbox 1705 4753 1834 4808; x_wconf 90' lang='lat' dir='ltr'><strong>pro-</strong></span> 
     </span>
    </p>
   </div>
   <div class='ocr_carea' id='block_1_96' title="bbox 232 4806 1835 4877">
    <p class='ocr_par' dir='ltr' id='par_1_96' title="bbox 232 4806 1835 4877">
     <span class='ocr_line' id='line_1_96' title="bbox 232 4806 1835 4877; baseline 0.004 -17"><span class='ocrx_word' id='word_1_737' title='bbox 232 4806 656 4877; x_wconf 76' lang='lat' dir='ltr'><strong>digia,Ruﬁuus</strong></span> <span class='ocrx_word' id='word_1_738' title='bbox 683 4806 1140 4876; x_wconf 82' lang='lat' dir='ltr'><strong>luculentissime,</strong></span> <span class='ocrx_word' id='word_1_739' title='bbox 1176 4818 1231 4865; x_wconf 91' lang='lat' dir='ltr'><strong>et</strong></span> <span class='ocrx_word' id='word_1_740' title='bbox 1251 4810 1487 4866; x_wconf 78' lang='lat' dir='ltr'><strong>maxime</strong></span> <span class='ocrx_word' id='word_1_741' title='bbox 1516 4809 1581 4864; x_wconf 91' lang='lat' dir='ltr'><strong>ad</strong></span> <span class='ocrx_word' id='word_1_742' title='bbox 1604 4806 1835 4867; x_wconf 85' lang='lat' dir='ltr'><strong>Ambro-</strong></span> 
     </span>
    </p>
   </div>
   <div class='ocr_carea' id='block_1_97' title="bbox 233 4878 1833 4953">
    <p class='ocr_par' dir='ltr' id='par_1_97' title="bbox 233 4878 1833 4953">
     <span class='ocr_line' id='line_1_97' title="bbox 233 4878 1833 4953; baseline 0.003 -21"><span class='ocrx_word' id='word_1_743' title='bbox 233 4879 303 4932; x_wconf 88' lang='lat' dir='ltr'><strong>sii</strong></span> <span class='ocrx_word' id='word_1_744' title='bbox 354 4878 849 4953; x_wconf 68' lang='lat' dir='ltr'><strong>sensumcxplicat</strong></span> <span class='ocrx_word' id='word_1_745' title='bbox 894 4880 989 4936; x_wconf 90' lang='lat' dir='ltr'><strong>lib.</strong></span> <span class='ocrx_word' id='word_1_746' title='bbox 1024 4897 1061 4936; x_wconf 90' lang='lat' dir='ltr'><strong>ll</strong></span> <span class='ocrx_word' id='word_1_747' title='bbox 1103 4880 1239 4953; x_wconf 86' lang='lat' dir='ltr'><strong>llist.</strong></span> <span class='ocrx_word' id='word_1_748' title='bbox 1272 4896 1393 4953; x_wconf 86' lang='lat' dir='ltr'><strong>cap.</strong></span> <span class='ocrx_word' id='word_1_749' title='bbox 1440 4880 1530 4953; x_wconf 67' lang='lat'><strong>52.</strong></span> <span class='ocrx_word' id='word_1_750' title='bbox 1569 4880 1833 4937; x_wconf 85' lang='lat' dir='ltr'><strong>Eumdetn</strong></span> 
     </span>
    </p>
   </div>
   <div class='ocr_carea' id='block_1_98' title="bbox 230 4949 1832 5039">
    <p class='ocr_par' dir='ltr' id='par_1_98' title="bbox 230 4949 1832 5039">
     <span class='ocr_line' id='line_1_98' title="bbox 230 4949 1832 5039; baseline 0.001 -35"><span class='ocrx_word' id='word_1_751' title='bbox 230 4949 813 5039; x_wconf 55' lang='lat' dir='ltr'><strong>eventtttnndiligenter</strong></span> <span class='ocrx_word' id='word_1_752' title='bbox 847 4966 1062 5039; x_wconf 69' lang='lat' dir='ltr'><strong>quoque</strong></span> <span class='ocrx_word' id='word_1_753' title='bbox 1090 4949 1423 5039; x_wconf 48' lang='lat' dir='ltr'><strong>describunt</strong></span> <span class='ocrx_word' id='word_1_754' title='bbox 1439 4951 1708 5039; x_wconf 40' lang='lat' dir='ltr'><strong>[Socrates</strong></span> 
     </span>
    </p>
   </div>
   <div class='ocr_carea' id='block_1_99' title="bbox 231 5019 1837 5093">
    <p class='ocr_par' dir='ltr' id='par_1_99' title="bbox 231 5019 1837 5093">
     <span class='ocr_line' id='line_1_99' title="bbox 231 5019 1837 5093; baseline 0.003 -18"><span class='ocrx_word' id='word_1_755' title='bbox 231 5035 289 5093; x_wconf 51' lang='grc' dir='ltr'><strong>γε</strong></span> <span class='ocrx_word' id='word_1_756' title='bbox 319 5035 445 5091; x_wconf 90' lang='lat' dir='ltr'><strong>cap.</strong></span> <span class='ocrx_word' id='word_1_757' title='bbox 482 5019 576 5077; x_wconf 75' lang='lat'><strong>25.</strong></span> <span class='ocrx_word' id='word_1_758' title='bbox 610 5019 947 5093; x_wconf 78' lang='lat' dir='ltr'><strong>Sozomenus</strong></span> <span class='ocrx_word' id='word_1_759' title='bbox 973 5019 1078 5080; x_wconf 82' lang='lat' dir='ltr'><strong>lib.</strong></span> <span class='ocrx_word' id='word_1_760' title='bbox 1107 5039 1181 5079; x_wconf 84' lang='lat' dir='ltr'><strong>vn</strong></span> <span class='ocrx_word' id='word_1_761' title='bbox 1206 5067 1219 5085; x_wconf 93' lang='lat'><strong>,</strong></span> <span class='ocrx_word' id='word_1_762' title='bbox 1239 5039 1359 5093; x_wconf 90' lang='lat' dir='ltr'><strong>cap.</strong></span> <span class='ocrx_word' id='word_1_763' title='bbox 1390 5024 1485 5089; x_wconf 70' lang='lat'><strong>24,</strong></span> <span class='ocrx_word' id='word_1_764' title='bbox 1516 5024 1575 5079; x_wconf 87' lang='lat' dir='ltr'><strong>P.</strong></span> <span class='ocrx_word' id='word_1_765' title='bbox 1610 5024 1837 5080; x_wconf 88' lang='lat' dir='ltr'><strong>Orosius</strong></span> 
     </span>
    </p>
   </div>
   <div class='ocr_carea' id='block_1_100' title="bbox 231 5090 1832 5167">
    <p class='ocr_par' dir='ltr' id='par_1_100' title="bbox 231 5090 1832 5167">
     <span class='ocr_line' id='line_1_100' title="bbox 231 5090 1832 5167; baseline 0.004 -22"><span class='ocrx_word' id='word_1_766' title='bbox 231 5090 436 5167; x_wconf 86' lang='lat' dir='ltr'><strong>lib._vu</strong></span> <span class='ocrx_word' id='word_1_767' title='bbox 456 5133 479 5163; x_wconf 75' lang='grc'><em>,</em></span> <span class='ocrx_word' id='word_1_768' title='bbox 511 5107 635 5163; x_wconf 89' lang='lat' dir='ltr'><strong>cap.</strong></span> <span class='ocrx_word' id='word_1_769' title='bbox 666 5093 757 5152; x_wconf 78' lang='lat'><strong>55.</strong></span> <span class='ocrx_word' id='word_1_770' title='bbox 780 5092 989 5167; x_wconf 87' lang='lat' dir='ltr'><strong>Quibus</strong></span> <span class='ocrx_word' id='word_1_771' title='bbox 1009 5095 1247 5167; x_wconf 83' lang='lat' dir='ltr'><strong>adjuuge</strong></span> <span class='ocrx_word' id='word_1_772' title='bbox 1270 5090 1394 5164; x_wconf 69' lang='lat' dir='ltr'><strong>qua:</strong></span> <span class='ocrx_word' id='word_1_773' title='bbox 1422 5110 1520 5155; x_wconf 91' lang='lat' dir='ltr'><strong>nos</strong></span> <span class='ocrx_word' id='word_1_774' title='bbox 1542 5096 1610 5152; x_wconf 88' lang='lat' dir='ltr'><strong>ad</strong></span> <span class='ocrx_word' id='word_1_775' title='bbox 1633 5094 1832 5152; x_wconf 89' lang='lat' dir='ltr'><strong>Euarr.</strong></span> 
     </span>
    </p>
   </div>
   <div class='ocr_carea' id='block_1_101' title="bbox 232 5160 1341 5239">
    <p class='ocr_par' dir='ltr' id='par_1_101' title="bbox 232 5160 1341 5239">
     <span class='ocr_line' id='line_1_101' title="bbox 232 5160 1341 5239; baseline 0.008 -26"><span class='ocrx_word' id='word_1_776' title='bbox 232 5160 910 5239; x_wconf 11' lang='grc' dir='ltr'><strong>ιιείιιλῃὶιᾲνίε-ηιιῐηέξὸ,</strong></span> <span class='ocrx_word' id='word_1_777' title='bbox 937 5160 1341 5239; x_wconf 64' lang='grc' dir='ltr'><strong>δηηοῖίινῗιηυὲ.</strong></span> 
     </span>
    </p>
   </div>
   <div class='ocr_carea' id='block_1_102' title="bbox 309 5229 1837 5314">
    <p class='ocr_par' dir='ltr' id='par_1_102' title="bbox 309 5229 1837 5314">
     <span class='ocr_line' id='line_1_102' title="bbox 309 5229 1837 5314; baseline 0.007 -28"><span class='ocrx_word' id='word_1_778' title='bbox 309 5229 636 5314; x_wconf 49' lang='lat' dir='ltr'><strong>{Theodosii</strong></span> <span class='ocrx_word' id='word_1_779' title='bbox 655 5251 776 5309; x_wconf 86' lang='lat' dir='ltr'><strong>ergo</strong></span> <span class='ocrx_word' id='word_1_780' title='bbox 794 5229 989 5305; x_wconf 75' lang='lat' dir='ltr'><strong>ﬁdes...</strong></span> <span class='ocrx_word' id='word_1_781' title='bbox 1008 5238 1262 5314; x_wconf 71' lang='lat' dir='ltr'><strong>fortitudo</strong></span> <span class='ocrx_word' id='word_1_782' title='bbox 1281 5240 1441 5314; x_wconf 79' lang='lat' dir='ltr'><strong>sit,_in</strong></span> <span class='ocrx_word' id='word_1_783' title='bbox 1471 5255 1603 5295; x_wconf 86' lang='lat' dir='ltr'><strong>mss.</strong></span> <span class='ocrx_word' id='word_1_784' title='bbox 1634 5240 1837 5314; x_wconf 78' lang='lat' dir='ltr'><strong>nostris</strong></span> 
     </span>
    </p>
   </div>
   <div class='ocr_carea' id='block_1_103' title="bbox 235 5301 1834 5369">
    <p class='ocr_par' dir='ltr' id='par_1_103' title="bbox 235 5301 1834 5369">
     <span class='ocr_line' id='line_1_103' title="bbox 235 5301 1834 5369; baseline 0.005 -12"><span class='ocrx_word' id='word_1_785' title='bbox 235 5301 609 5364; x_wconf 85' lang='lat' dir='ltr'><strong>desideratur:</strong></span> <span class='ocrx_word' id='word_1_786' title='bbox 628 5301 814 5367; x_wconf 66' lang='lat' dir='ltr'><strong>verum</strong></span> <span class='ocrx_word' id='word_1_787' title='bbox 834 5325 865 5366; x_wconf 91' lang='lat' dir='ltr'><strong>e</strong></span> <span class='ocrx_word' id='word_1_788' title='bbox 879 5301 1156 5367; x_wconf 59' lang='lat' dir='ltr'><strong>condario</strong></span> <span class='ocrx_word' id='word_1_789' title='bbox 1177 5311 1229 5364; x_wconf 92' lang='lat' dir='ltr'><strong>in</strong></span> <span class='ocrx_word' id='word_1_790' title='bbox 1248 5301 1503 5369; x_wconf 82' lang='lat' dir='ltr'><strong>omnibus</strong></span> <span class='ocrx_word' id='word_1_791' title='bbox 1517 5319 1689 5368; x_wconf 88' lang='lat' dir='ltr'><strong>exstat</strong></span> <span class='ocrx_word' id='word_1_792' title='bbox 1703 5311 1834 5368; x_wconf 89' lang='lat' dir='ltr'><strong>edit.</strong></span> 
     </span>
    </p>
   </div>
   <div class='ocr_carea' id='block_1_104' title="bbox 304 5370 1502 5447">
    <p class='ocr_par' dir='ltr' id='par_1_104' title="bbox 304 5370 1502 5447">
     <span class='ocr_line' id='line_1_104' title="bbox 304 5370 1502 5447; baseline 0.007 -16"><span class='ocrx_word' id='word_1_793' title='bbox 304 5370 334 5412; x_wconf 80' lang='grc'><strong>¹³</strong></span> <span class='ocrx_word' id='word_1_794' title='bbox 363 5373 524 5447; x_wconf 67' lang='lat' dir='ltr'><strong>Rom.</strong></span> <span class='ocrx_word' id='word_1_795' title='bbox 553 5377 686 5436; x_wconf 90' lang='lat' dir='ltr'><strong>edit.</strong></span> <span class='ocrx_word' id='word_1_796' title='bbox 717 5382 853 5447; x_wconf 76' lang='lat' dir='ltr'><strong>sola,</strong></span> <span class='ocrx_word' id='word_1_797' title='bbox 879 5394 928 5438; x_wconf 89' lang='lat' dir='ltr'><strong>et</strong></span> <span class='ocrx_word' id='word_1_798' title='bbox 952 5383 1157 5441; x_wconf 81' lang='lat' dir='ltr'><strong>vocavit</strong></span> <span class='ocrx_word' id='word_1_799' title='bbox 1175 5378 1357 5439; x_wconf 78' lang='lat' dir='ltr'><strong>Castra</strong></span> <span class='ocrx_word' id='word_1_800' title='bbox 1388 5382 1502 5439; x_wconf 87' lang='lat' dir='ltr'><strong>Dei.</strong></span> 
     </span>
    </p>
   </div>
   <div class='ocr_carea' id='block_1_105' title="bbox 313 5446 1837 5528">
    <p class='ocr_par' dir='ltr' id='par_1_105' title="bbox 313 5446 1837 5528">
     <span class='ocr_line' id='line_1_105' title="bbox 313 5446 1837 5528; baseline 0.005 -26"><span class='ocrx_word' id='word_1_801' title='bbox 313 5456 335 5485; x_wconf 77' lang='grc' dir='ltr'><strong>ο</strong></span> <span class='ocrx_word' id='word_1_802' title='bbox 379 5446 946 5528; x_wconf 67' lang='lat' dir='ltr'><strong>[lanc__etymologiam</strong></span> <span class='ocrx_word' id='word_1_803' title='bbox 966 5454 1434 5528; x_wconf 2' lang='lat' dir='ltr'><strong>(argutammagis</strong></span> <span class='ocrx_word' id='word_1_804' title='bbox 1454 5470 1621 5528; x_wconf 83' lang='lat' dir='ltr'><strong>quam</strong></span> <span class='ocrx_word' id='word_1_805' title='bbox 1649 5469 1837 5528; x_wconf 76' lang='lat' dir='ltr'><strong>veram</strong></span> 
     </span>
    </p>
   </div>
   <div class='ocr_carea' id='block_1_106' title="bbox 237 5521 1837 5598">
    <p class='ocr_par' dir='ltr' id='par_1_106' title="bbox 237 5521 1837 5598">
     <span class='ocr_line' id='line_1_106' title="bbox 237 5521 1837 5598; baseline 0.007 -26"><span class='ocrx_word' id='word_1_806' title='bbox 237 5530 361 5598; x_wconf 84' lang='lat' dir='ltr'><strong>esse</strong></span> <span class='ocrx_word' id='word_1_807' title='bbox 384 5521 759 5598; x_wconf 73' lang='lat' dir='ltr'><strong>dicitVossius</strong></span> <span class='ocrx_word' id='word_1_808' title='bbox 786 5521 837 5581; x_wconf 77' lang='lat' dir='ltr'><strong>in</strong></span> <span class='ocrx_word' id='word_1_809' title='bbox 864 5526 1033 5589; x_wconf 88' lang='lat' dir='ltr'><strong>verbo</strong></span> <span class='ocrx_word' id='word_1_810' title='bbox 1049 5521 1177 5597; x_wconf 61' lang='lat' dir='ltr'><strong>fido,</strong></span> <span class='ocrx_word' id='word_1_811' title='bbox 1206 5526 1297 5598; x_wconf 86' lang='lat' dir='ltr'><strong>ubi</strong></span> <span class='ocrx_word' id='word_1_812' title='bbox 1322 5521 1527 5598; x_wconf 71' lang='lat' dir='ltr'><strong>réjecio</strong></span> <span class='ocrx_word' id='word_1_813' title='bbox 1553 5526 1717 5583; x_wconf 87' lang='lat' dir='ltr'><strong>etiam</strong></span> <span class='ocrx_word' id='word_1_814' title='bbox 1742 5525 1837 5583; x_wconf 90' lang='lat' dir='ltr'><strong>illo</strong></span> 
     </span>
    </p>
   </div>
   <div class='ocr_carea' id='block_1_107' title="bbox 237 5594 1839 5671">
    <p class='ocr_par' dir='ltr' id='par_1_107' title="bbox 237 5594 1839 5671">
     <span class='ocr_line' id='line_1_107' title="bbox 237 5594 1839 5671; baseline 0 -18"><span class='ocrx_word' id='word_1_815' title='bbox 237 5595 452 5671; x_wconf 56' lang='lat' dir='ltr'><strong>glymo,</strong></span> <span class='ocrx_word' id='word_1_816' title='bbox 495 5609 622 5671; x_wconf 75' lang='lat' dir='ltr'><strong>quo</strong></span> <span class='ocrx_word' id='word_1_817' title='bbox 643 5594 781 5657; x_wconf 80' lang='lat' dir='ltr'><strong>lides</strong></span> <span class='ocrx_word' id='word_1_818' title='bbox 811 5594 1058 5655; x_wconf 73' lang='lat' dir='ltr'><strong>citharae</strong></span> <span class='ocrx_word' id='word_1_819' title='bbox 1081 5597 1213 5671; x_wconf 86' lang='lat' dir='ltr'><strong>ideo</strong></span> <span class='ocrx_word' id='word_1_820' title='bbox 1235 5594 1432 5671; x_wconf 65' lang='lat' dir='ltr'><strong>dictas,</strong></span> <span class='ocrx_word' id='word_1_821' title='bbox 1465 5597 1610 5671; x_wconf 73' lang='lat' dir='ltr'><strong>quod</strong></span> <span class='ocrx_word' id='word_1_822' title='bbox 1635 5605 1839 5661; x_wconf 74' lang='lat' dir='ltr'><strong>tantum</strong></span> 
     </span>
    </p>
   </div>
   <div class='ocr_carea' id='block_1_108' title="bbox 236 5665 1840 5742">
    <p class='ocr_par' dir='ltr' id='par_1_108' title="bbox 236 5665 1840 5742">
     <span class='ocr_line' id='line_1_108' title="bbox 236 5665 1840 5742; baseline 0.007 -30"><span class='ocrx_word' id='word_1_823' title='bbox 236 5665 370 5742; x_wconf 76' lang='lat' dir='ltr'><strong>inter</strong></span> <span class='ocrx_word' id='word_1_824' title='bbox 387 5680 441 5719; x_wconf 86' lang='lat' dir='ltr'><strong>se</strong></span> <span class='ocrx_word' id='word_1_825' title='bbox 460 5665 669 5742; x_wconf 60' lang='lat' dir='ltr'><strong>chgrdte</strong></span> <span class='ocrx_word' id='word_1_826' title='bbox 690 5674 824 5742; x_wconf 83' lang='lat' dir='ltr'><strong>ejus,</strong></span> <span class='ocrx_word' id='word_1_827' title='bbox 853 5678 1105 5741; x_wconf 83' lang='lat' dir='ltr'><strong>quantum</strong></span> <span class='ocrx_word' id='word_1_828' title='bbox 1124 5670 1261 5725; x_wconf 87' lang='lat' dir='ltr'><strong>inter</strong></span> <span class='ocrx_word' id='word_1_829' title='bbox 1281 5665 1513 5742; x_wconf 77' lang='lat' dir='ltr'><strong>homines</strong></span> <span class='ocrx_word' id='word_1_830' title='bbox 1535 5669 1689 5740; x_wconf 83' lang='lat' dir='ltr'><strong>fides,</strong></span> <span class='ocrx_word' id='word_1_831' title='bbox 1716 5686 1840 5725; x_wconf 84' lang='lat' dir='ltr'><strong>con-</strong></span> 
     </span>
    </p>
   </div>
   <div class='ocr_carea' id='block_1_109' title="bbox 237 5731 1549 5812">
    <p class='ocr_par' dir='ltr' id='par_1_109' title="bbox 237 5731 1549 5812">
     <span class='ocr_line' id='line_1_109' title="bbox 237 5731 1549 5812; baseline 0.005 -23"><span class='ocrx_word' id='word_1_832' title='bbox 237 5731 1000 5812; x_wconf 45' lang='lat' dir='ltr'><strong>cordent,Festus&#39;auiuinat.</strong></span> <span class='ocrx_word' id='word_1_833' title='bbox 1033 5756 1222 5798; x_wconf 89' lang='lat' dir='ltr'><strong>verum</strong></span> <span class='ocrx_word' id='word_1_834' title='bbox 1254 5731 1549 5812; x_wconf 56' lang='lat' dir='ltr'><strong>profertur:</strong></span> 
     </span>
    </p>
   </div>
   <div class='ocr_carea' id='block_1_110' title="bbox 314 5800 1832 5884">
    <p class='ocr_par' dir='ltr' id='par_1_110' title="bbox 314 5800 1832 5884">
     <span class='ocr_line' id='line_1_110' title="bbox 314 5800 1832 5884; baseline 0 -19"><span class='ocrx_word' id='word_1_835' title='bbox 314 5800 340 5840; x_wconf 71' lang='grc' dir='ltr'><em>δ</em></span> <span class='ocrx_word' id='word_1_836' title='bbox 362 5800 591 5877; x_wconf 79' lang='lat' dir='ltr'><strong>Quidam</strong></span> <span class='ocrx_word' id='word_1_837' title='bbox 630 5826 763 5871; x_wconf 87' lang='lat' dir='ltr'><strong>mss.</strong></span> <span class='ocrx_word' id='word_1_838' title='bbox 774 5854 788 5883; x_wconf 89' lang='lat'><strong>,</strong></span> <span class='ocrx_word' id='word_1_839' title='bbox 820 5800 1019 5871; x_wconf 72' lang='lat' dir='ltr'><strong>vivendi</strong></span> <span class='ocrx_word' id='word_1_840' title='bbox 1046 5800 1271 5871; x_wconf 58' lang='lat' dir='ltr'><strong>munere</strong></span> <span class='ocrx_word' id='word_1_841' title='bbox 1284 5812 1410 5870; x_wconf 82' lang='lat' dir='ltr'><strong>satis</strong></span> <span class='ocrx_word' id='word_1_842' title='bbox 1438 5811 1598 5868; x_wconf 83' lang='lat' dir='ltr'><strong>simus</strong></span> <span class='ocrx_word' id='word_1_843' title='bbox 1624 5810 1832 5884; x_wconf 80' lang='lat' dir='ltr'><strong>ingrati.</strong></span> 
     </span>
    </p>
   </div>
   <div class='ocr_carea' id='block_1_111' title="bbox 1940 4738 3548 4817">
    <p class='ocr_par' dir='ltr' id='par_1_111' title="bbox 1940 4738 3548 4817">
     <span class='ocr_line' id='line_1_111' title="bbox 1940 4738 3548 4817; baseline 0.008 -26"><span class='ocrx_word' id='word_1_844' title='bbox 1940 4738 2196 4817; x_wconf 70' lang='lat' dir='ltr'><strong>minutio;</strong></span> <span class='ocrx_word' id='word_1_845' title='bbox 2230 4738 2446 4817; x_wconf 72' lang='lat' dir='ltr'><strong>partim,</strong></span> <span class='ocrx_word' id='word_1_846' title='bbox 2465 4738 2722 4817; x_wconf 70' lang='lat' dir='ltr'><strong>minitatio</strong></span> <span class='ocrx_word' id='word_1_847' title='bbox 2737 4754 2757 4792; x_wconf 88' lang='lat'><strong><em>:</em></strong></span> <span class='ocrx_word' id='word_1_848' title='bbox 2773 4746 2829 4793; x_wconf 89' lang='lat' dir='ltr'><strong>at</strong></span> <span class='ocrx_word' id='word_1_849' title='bbox 2858 4738 3015 4817; x_wconf 81' lang='lat' dir='ltr'><strong>Rom.</strong></span> <span class='ocrx_word' id='word_1_850' title='bbox 3040 4740 3172 4795; x_wconf 89' lang='lat' dir='ltr'><strong>edit.</strong></span> <span class='ocrx_word' id='word_1_851' title='bbox 3193 4738 3404 4817; x_wconf 76' lang='lat' dir='ltr'><strong>recepit</strong></span> <span class='ocrx_word' id='word_1_852' title='bbox 3426 4738 3548 4817; x_wconf 47' lang='lat' dir='ltr'><strong>qui;</strong></span> 
     </span>
    </p>
   </div>
   <div class='ocr_carea' id='block_1_112' title="bbox 1938 4807 3546 4884">
    <p class='ocr_par' dir='ltr' id='par_1_112' title="bbox 1938 4807 3546 4884">
     <span class='ocr_line' id='line_1_112' title="bbox 1938 4807 3546 4884; baseline -0.002 -18"><span class='ocrx_word' id='word_1_853' title='bbox 1938 4810 2064 4866; x_wconf 89' lang='lat' dir='ltr'><strong>dem</strong></span> <span class='ocrx_word' id='word_1_854' title='bbox 2089 4824 2277 4864; x_wconf 91' lang='lat' dir='ltr'><strong>vocem</strong></span> <span class='ocrx_word' id='word_1_855' title='bbox 2300 4809 2580 4884; x_wconf 80' lang='lat' dir='ltr'><strong>minitatio,</strong></span> <span class='ocrx_word' id='word_1_856' title='bbox 2605 4807 2703 4884; x_wconf 83' lang='lat' dir='ltr'><strong>sed</strong></span> <span class='ocrx_word' id='word_1_857' title='bbox 2730 4811 2994 4884; x_wconf 77' lang='lat' dir='ltr'><strong>expunxit</strong></span> <span class='ocrx_word' id='word_1_858' title='bbox 3020 4826 3209 4868; x_wconf 86' lang='lat' dir='ltr'><strong>vocem</strong></span> <span class='ocrx_word' id='word_1_859' title='bbox 3241 4807 3422 4884; x_wconf 73' lang='lat' dir='ltr'><strong>iniqui.</strong></span> <span class='ocrx_word' id='word_1_860' title='bbox 3444 4807 3546 4876; x_wconf 66' lang='grc' dir='ltr'><strong>λι-</strong></span> 
     </span>
    </p>
   </div>
   <div class='ocr_carea' id='block_1_113' title="bbox 1941 4879 3543 4954">
    <p class='ocr_par' dir='ltr' id='par_1_113' title="bbox 1941 4879 3543 4954">
     <span class='ocr_line' id='line_1_113' title="bbox 1941 4879 3543 4954; baseline 0.006 -17"><span class='ocrx_word' id='word_1_861' title='bbox 1941 4890 2123 4937; x_wconf 84' lang='lat' dir='ltr'><strong>tamen</strong></span> <span class='ocrx_word' id='word_1_862' title='bbox 2152 4881 2405 4954; x_wconf 65' lang='lat' dir='ltr'><strong>quamvis</strong></span> <span class='ocrx_word' id='word_1_863' title='bbox 2436 4881 2486 4934; x_wconf 92' lang='lat' dir='ltr'><strong>in</strong></span> <span class='ocrx_word' id='word_1_864' title='bbox 2520 4879 2694 4954; x_wconf 83' lang='lat' dir='ltr'><strong>sacris</strong></span> <span class='ocrx_word' id='word_1_865' title='bbox 2720 4880 3000 4954; x_wconf 77' lang='lat' dir='ltr'><strong>codicibus</strong></span> <span class='ocrx_word' id='word_1_866' title='bbox 3021 4924 3042 4954; x_wconf 88' lang='lat'><strong>,</strong></span> <span class='ocrx_word' id='word_1_867' title='bbox 3079 4898 3216 4954; x_wconf 88' lang='lat' dir='ltr'><strong>quos</strong></span> <span class='ocrx_word' id='word_1_868' title='bbox 3246 4879 3392 4945; x_wconf 75' lang='lat' dir='ltr'><strong>nunc</strong></span> <span class='ocrx_word' id='word_1_869' title='bbox 3420 4905 3543 4947; x_wconf 89' lang='lat' dir='ltr'><strong>ver-</strong></span> 
     </span>
    </p>
   </div>
   <div class='ocr_carea' id='block_1_114' title="bbox 1938 4949 3543 5026">
    <p class='ocr_par' dir='ltr' id='par_1_114' title="bbox 1938 4949 3543 5026">
     <span class='ocr_line' id='line_1_114' title="bbox 1938 4949 3543 5026; baseline 0.007 -19"><span class='ocrx_word' id='word_1_870' title='bbox 1938 4949 2572 5026; x_wconf 39' lang='lat' dir='ltr'><strong>samus,&quot;desideretur,</strong></span> <span class='ocrx_word' id='word_1_871' title='bbox 2615 4949 2961 5009; x_wconf 82' lang='lat' dir='ltr'><strong>Ambrosium</strong></span> <span class='ocrx_word' id='word_1_872' title='bbox 3014 4953 3068 5009; x_wconf 88' lang='lat' dir='ltr'><strong>in</strong></span> <span class='ocrx_word' id='word_1_873' title='bbox 3096 4949 3400 5026; x_wconf 78' lang='lat' dir='ltr'><strong>exemplari</strong></span> <span class='ocrx_word' id='word_1_874' title='bbox 3440 4976 3543 5020; x_wconf 88' lang='lat' dir='ltr'><strong>suo</strong></span> 
     </span>
    </p>
   </div>
   <div class='ocr_carea' id='block_1_115' title="bbox 1939 5023 3543 5099">
    <p class='ocr_par' dir='ltr' id='par_1_115' title="bbox 1939 5023 3543 5099">
     <span class='ocr_line' id='line_1_115' title="bbox 1939 5023 3543 5099; baseline 0.007 -19"><span class='ocrx_word' id='word_1_875' title='bbox 1939 5023 2308 5099; x_wconf 72' lang='lat' dir='ltr'><strong>eam__legisse</strong></span> <span class='ocrx_word' id='word_1_876' title='bbox 2355 5033 2581 5095; x_wconf 87' lang='lat' dir='ltr'><strong>propter</strong></span> <span class='ocrx_word' id='word_1_877' title='bbox 2627 5037 2953 5082; x_wconf 89' lang='lat' dir='ltr'><strong>consensum</strong></span> <span class='ocrx_word' id='word_1_878' title='bbox 2986 5039 3119 5083; x_wconf 91' lang='lat' dir='ltr'><strong>mss.</strong></span> <span class='ocrx_word' id='word_1_879' title='bbox 3165 5023 3328 5099; x_wconf 82' lang='lat' dir='ltr'><strong>hujus</strong></span> <span class='ocrx_word' id='word_1_880' title='bbox 3372 5030 3543 5092; x_wconf 89' lang='lat' dir='ltr'><strong>libelli</strong></span> 
     </span>
    </p>
   </div>
   <div class='ocr_carea' id='block_1_116' title="bbox 1938 5094 2330 5151">
    <p class='ocr_par' dir='ltr' id='par_1_116' title="bbox 1938 5094 2330 5151">
     <span class='ocr_line' id='line_1_116' title="bbox 1938 5094 2330 5151; baseline -0.01 0"><span class='ocrx_word' id='word_1_881' title='bbox 1938 5094 2199 5151; x_wconf 89' lang='lat' dir='ltr'><strong>credibile</strong></span> <span class='ocrx_word' id='word_1_882' title='bbox 2228 5103 2330 5151; x_wconf 91' lang='lat' dir='ltr'><strong>est.</strong></span> 
     </span>
    </p>
   </div>
   <div class='ocr_carea' id='block_1_117' title="bbox 2014 5165 3542 5243">
    <p class='ocr_par' dir='ltr' id='par_1_117' title="bbox 2014 5165 3542 5243">
     <span class='ocr_line' id='line_1_117' title="bbox 2014 5165 3542 5243; baseline 0.009 -24"><span class='ocrx_word' id='word_1_883' title='bbox 2014 5165 2035 5206; x_wconf 71' lang='grc' dir='ltr'><strong>ί</strong></span> <span class='ocrx_word' id='word_1_884' title='bbox 2078 5166 2216 5243; x_wconf 67' lang='lat' dir='ltr'><strong>Reg.</strong></span> <span class='ocrx_word' id='word_1_885' title='bbox 2259 5165 2432 5243; x_wconf 83' lang='lat' dir='ltr'><strong>codex</strong></span> <span class='ocrx_word' id='word_1_886' title='bbox 2463 5180 2638 5243; x_wconf 60' lang='lat' dir='ltr'><strong>unus,</strong></span> <span class='ocrx_word' id='word_1_887' title='bbox 2667 5167 2994 5243; x_wconf 73' lang='lat' dir='ltr'><strong>commotior.</strong></span> <span class='ocrx_word' id='word_1_888' title='bbox 3045 5167 3223 5243; x_wconf 77' lang='lat' dir='ltr'><strong>Major</strong></span> <span class='ocrx_word' id='word_1_889' title='bbox 3267 5172 3542 5234; x_wconf 82' lang='lat' dir='ltr'><strong>iracundia</strong></span> 
     </span>
    </p>
   </div>
   <div class='ocr_carea' id='block_1_118' title="bbox 1942 5236 3538 5315">
    <p class='ocr_par' dir='ltr' id='par_1_118' title="bbox 1942 5236 3538 5315">
     <span class='ocr_line' id='line_1_118' title="bbox 1942 5236 3538 5315; baseline 0.008 -23"><span class='ocrx_word' id='word_1_890' title='bbox 1942 5238 2284 5315; x_wconf 42' lang='lat' dir='ltr'><strong>prairogatipa</strong></span> <span class='ocrx_word' id='word_1_891' title='bbox 2318 5237 2621 5315; x_wconf 71' lang='lat' dir='ltr'><strong>ignoscendi</strong></span> <span class='ocrx_word' id='word_1_892' title='bbox 2657 5245 2787 5315; x_wconf 65' lang='lat' dir='ltr'><strong>erat.</strong></span> <span class='ocrx_word' id='word_1_893' title='bbox 2810 5236 3166 5315; x_wconf 58' lang='lat' dir='ltr'><strong>judignatunt</strong></span> <span class='ocrx_word' id='word_1_894' title='bbox 3208 5244 3370 5315; x_wconf 79' lang='lat' dir='ltr'><strong>fuisse</strong></span> <span class='ocrx_word' id='word_1_895' title='bbox 3416 5264 3538 5304; x_wconf 74' lang='lat' dir='ltr'><strong>exo-</strong></span> 
     </span>
    </p>
   </div>
   <div class='ocr_carea' id='block_1_119' title="bbox 1944 5308 3539 5380">
    <p class='ocr_par' dir='ltr' id='par_1_119' title="bbox 1944 5308 3539 5380">
     <span class='ocr_line' id='line_1_119' title="bbox 1944 5308 3539 5380; baseline 0.009 -17"><span class='ocrx_word' id='word_1_896' title='bbox 1944 5308 2184 5380; x_wconf 54' lang='lat' dir='ltr'><strong>ptabat&#39;ur</strong></span> <span class='ocrx_word' id='word_1_897' title='bbox 2207 5309 2261 5363; x_wconf 83' lang='lat' dir='ltr'><strong>in</strong></span> <span class='ocrx_word' id='word_1_898' title='bbox 2290 5308 2371 5376; x_wconf 82' lang='lat' dir='ltr'><strong>eo,</strong></span> <span class='ocrx_word' id='word_1_899' title='bbox 2399 5309 2539 5380; x_wconf 75' lang='lat' dir='ltr'><strong>quod</strong></span> <span class='ocrx_word' id='word_1_900' title='bbox 2560 5310 2613 5362; x_wconf 82' lang='lat' dir='ltr'><strong>in</strong></span> <span class='ocrx_word' id='word_1_901' title='bbox 2644 5308 2762 5363; x_wconf 87' lang='lat' dir='ltr'><strong>aliis</strong></span> <span class='ocrx_word' id='word_1_902' title='bbox 2784 5308 3079 5378; x_wconf 77' lang='lat' dir='ltr'><strong>timebatur,</strong></span> <span class='ocrx_word' id='word_1_903' title='bbox 3108 5308 3240 5380; x_wconf 74' lang='lat' dir='ltr'><strong>etc.,</strong></span> <span class='ocrx_word' id='word_1_904' title='bbox 3269 5332 3376 5373; x_wconf 90' lang='lat' dir='ltr'><strong>non</strong></span> <span class='ocrx_word' id='word_1_905' title='bbox 3405 5320 3539 5377; x_wconf 88' lang='lat' dir='ltr'><strong>satis</strong></span> 
     </span>
    </p>
   </div>
   <div class='ocr_carea' id='block_1_120' title="bbox 1942 5380 3541 5453">
    <p class='ocr_par' dir='ltr' id='par_1_120' title="bbox 1942 5380 3541 5453">
     <span class='ocr_line' id='line_1_120' title="bbox 1942 5380 3541 5453; baseline 0.006 -15"><span class='ocrx_word' id='word_1_906' title='bbox 1942 5393 2111 5438; x_wconf 89' lang='lat' dir='ltr'><strong>recte.</strong></span> <span class='ocrx_word' id='word_1_907' title='bbox 2145 5380 2280 5453; x_wconf 87' lang='lat' dir='ltr'><strong>Cum</strong></span> <span class='ocrx_word' id='word_1_908' title='bbox 2308 5380 2414 5437; x_wconf 86' lang='lat' dir='ltr'><strong>hoc</strong></span> <span class='ocrx_word' id='word_1_909' title='bbox 2446 5394 2606 5453; x_wconf 83' lang='lat' dir='ltr'><strong>porro</strong></span> <span class='ocrx_word' id='word_1_910' title='bbox 2637 5380 2758 5453; x_wconf 87' lang='lat' dir='ltr'><strong>loco</strong></span> <span class='ocrx_word' id='word_1_911' title='bbox 2780 5380 2846 5437; x_wconf 88' lang='lat' dir='ltr'><strong>de</strong></span> <span class='ocrx_word' id='word_1_912' title='bbox 2876 5383 3217 5453; x_wconf 87' lang='lat' dir='ltr'><strong>proclivitate</strong></span> <span class='ocrx_word' id='word_1_913' title='bbox 3244 5388 3541 5448; x_wconf 82' lang='lat' dir='ltr'><strong>Theodosii</strong></span> 
     </span>
    </p>
   </div>
   <div class='ocr_carea' id='block_1_121' title="bbox 1941 5450 3540 5533">
    <p class='ocr_par' dir='ltr' id='par_1_121' title="bbox 1941 5450 3540 5533">
     <span class='ocr_line' id='line_1_121' title="bbox 1941 5450 3540 5533; baseline 0.006 -26"><span class='ocrx_word' id='word_1_914' title='bbox 1941 5453 2010 5533; x_wconf 74' lang='lat' dir='ltr'><strong>ad</strong></span> <span class='ocrx_word' id='word_1_915' title='bbox 2041 5452 2398 5533; x_wconf 71' lang='lat' dir='ltr'><strong>iracundiam,</strong></span> <span class='ocrx_word' id='word_1_916' title='bbox 2431 5450 2797 5533; x_wconf 41' lang='lat' dir='ltr'><strong>deque-ipsius</strong></span> <span class='ocrx_word' id='word_1_917' title='bbox 2827 5450 3391 5533; x_wconf 73' lang='lat' dir='ltr'><strong>placabilitateopera:</strong></span> <span class='ocrx_word' id='word_1_918' title='bbox 3412 5477 3540 5533; x_wconf 88' lang='lat' dir='ltr'><strong>pre-</strong></span> 
     </span>
    </p>
   </div>
   <div class='ocr_carea' id='block_1_122' title="bbox 1944 5522 3535 5600">
    <p class='ocr_par' dir='ltr' id='par_1_122' title="bbox 1944 5522 3535 5600">
     <span class='ocr_line' id='line_1_122' title="bbox 1944 5522 3535 5600; baseline 0.006 -20"><span class='ocrx_word' id='word_1_919' title='bbox 1944 5525 2077 5600; x_wconf 90' lang='lat' dir='ltr'><strong>l_i_um</strong></span> <span class='ocrx_word' id='word_1_920' title='bbox 2118 5523 2298 5580; x_wconf 82' lang='lat' dir='ltr'><strong>luerit:</strong></span> <span class='ocrx_word' id='word_1_921' title='bbox 2330 5539 2450 5594; x_wconf 68' lang='lat' dir='ltr'><strong>quas</strong></span> <span class='ocrx_word' id='word_1_922' title='bbox 2485 5522 2587 5581; x_wconf 89' lang='lat' dir='ltr'><strong>hac</strong></span> <span class='ocrx_word' id='word_1_923' title='bbox 2614 5522 2729 5594; x_wconf 87' lang='lat' dir='ltr'><strong>ipsa</strong></span> <span class='ocrx_word' id='word_1_924' title='bbox 2759 5522 2829 5581; x_wconf 91' lang='lat' dir='ltr'><strong>de</strong></span> <span class='ocrx_word' id='word_1_925' title='bbox 2855 5542 2915 5582; x_wconf 89' lang='lat' dir='ltr'><strong>re</strong></span> <span class='ocrx_word' id='word_1_926' title='bbox 2944 5526 3218 5600; x_wconf 5' lang='lat' dir='ltr'><strong>e_pist.gr5l</strong></span> <span class='ocrx_word' id='word_1_927' title='bbox 3237 5522 3263 5597; x_wconf 80' lang='grc'><em>,’</em></span> <span class='ocrx_word' id='word_1_928' title='bbox 3284 5522 3432 5587; x_wconf 72' lang='grc' dir='ltr'>ηιιητῖ</span> <span class='ocrx_word' id='word_1_929' title='bbox 3463 5533 3499 5589; x_wconf 76' lang='grc'><strong>4</strong></span> <span class='ocrx_word' id='word_1_930' title='bbox 3520 5576 3535 5600; x_wconf 84' lang='grc'><strong>.</strong></span> 
     </span>
    </p>
   </div>
   <div class='ocr_carea' id='block_1_123' title="bbox 1942 5596 3535 5671">
    <p class='ocr_par' dir='ltr' id='par_1_123' title="bbox 1942 5596 3535 5671">
     <span class='ocr_line' id='line_1_123' title="bbox 1942 5596 3535 5671; baseline 0.006 -19"><span class='ocrx_word' id='word_1_931' title='bbox 1942 5596 2578 5671; x_wconf 78' lang='lat' dir='ltr'><strong>dicunt_ur,__eo_mponere</strong></span> <span class='ocrx_word' id='word_1_932' title='bbox 2601 5610 2750 5671; x_wconf 27' lang='lat' dir='ltr'><strong>;‘n_ec</strong></span> <span class='ocrx_word' id='word_1_933' title='bbox 2773 5612 2890 5671; x_wconf 85' lang='lat' dir='ltr'><strong>_no_n</strong></span> <span class='ocrx_word' id='word_1_934' title='bbox 2914 5597 3076 5671; x_wconf 81' lang='lat' dir='ltr'><strong>etiam</strong></span> <span class='ocrx_word' id='word_1_935' title='bbox 3108 5598 3196 5655; x_wconf 90' lang='lat' dir='ltr'><strong>illa</strong></span> <span class='ocrx_word' id='word_1_936' title='bbox 3224 5596 3535 5671; x_wconf 79' lang='lat' dir='ltr'><strong>consulere,</strong></span> 
     </span>
    </p>
   </div>
   <div class='ocr_carea' id='block_1_124' title="bbox 1941 5666 3542 5746">
    <p class='ocr_par' dir='ltr' id='par_1_124' title="bbox 1941 5666 3542 5746">
     <span class='ocr_line' id='line_1_124' title="bbox 1941 5666 3542 5746; baseline 0.007 -24"><span class='ocrx_word' id='word_1_937' title='bbox 1941 5682 2065 5746; x_wconf 77' lang='lat' dir='ltr'><strong>qua:</strong></span> <span class='ocrx_word' id='word_1_938' title='bbox 2107 5666 2176 5746; x_wconf 69' lang='lat' dir='ltr'><strong>de</strong></span> <span class='ocrx_word' id='word_1_939' title='bbox 2214 5666 2439 5746; x_wconf 89' lang='lat' dir='ltr'><strong>iisd_em_</strong></span> <span class='ocrx_word' id='word_1_940' title='bbox 2463 5667 2724 5746; x_wconf 82' lang='lat' dir='ltr'><strong>principis</strong></span> <span class='ocrx_word' id='word_1_941' title='bbox 2773 5667 2932 5740; x_wconf 87' lang='lat' dir='ltr'><strong>hujus</strong></span> <span class='ocrx_word' id='word_1_942' title='bbox 2971 5668 3258 5729; x_wconf 89' lang='lat' dir='ltr'><strong>affectibus</strong></span> <span class='ocrx_word' id='word_1_943' title='bbox 3302 5666 3542 5746; x_wconf 79' lang='lat' dir='ltr'><strong>prodidit</strong></span> 
     </span>
    </p>
   </div>
   <div class='ocr_carea' id='block_1_125' title="bbox 1942 5737 3323 5809">
    <p class='ocr_par' dir='ltr' id='par_1_125' title="bbox 1942 5737 3323 5809">
     <span class='ocr_line' id='line_1_125' title="bbox 1942 5737 3323 5809; baseline 0.001 -15"><span class='ocrx_word' id='word_1_944' title='bbox 1942 5737 2075 5794; x_wconf 74' lang='lat' dir='ltr'><strong>Aur.</strong></span> <span class='ocrx_word' id='word_1_945' title='bbox 2107 5737 2290 5793; x_wconf 88' lang='lat' dir='ltr'><strong>Victor</strong></span> <span class='ocrx_word' id='word_1_946' title='bbox 2320 5737 2371 5792; x_wconf 88' lang='lat' dir='ltr'><strong>in</strong></span> <span class='ocrx_word' id='word_1_947' title='bbox 2401 5737 2670 5809; x_wconf 83' lang='lat' dir='ltr'><strong>Epitomc.</strong></span> <span class='ocrx_word' id='word_1_948' title='bbox 2846 5737 2857 5740; x_wconf 80' lang='grc'><em>’</em></span> <span class='ocrx_word' id='word_1_949' title='bbox 3302 5737 3323 5749; x_wconf 76' lang='lat'><strong>&quot;</strong></span> 
     </span>
    </p>
   </div>
   <div class='ocr_carea' id='block_1_126' title="bbox 2017 5809 3538 5887">
    <p class='ocr_par' dir='ltr' id='par_1_126' title="bbox 2017 5809 3538 5887">
     <span class='ocr_line' id='line_1_126' title="bbox 2017 5809 3538 5887; baseline 0.009 -27"><span class='ocrx_word' id='word_1_950' title='bbox 2017 5819 2042 5858; x_wconf 69' lang='grc' dir='ltr'><strong>κ</strong></span> <span class='ocrx_word' id='word_1_951' title='bbox 2076 5809 2131 5866; x_wconf 92' lang='lat' dir='ltr'><strong>In</strong></span> <span class='ocrx_word' id='word_1_952' title='bbox 2186 5809 2431 5880; x_wconf 87' lang='lat' dir='ltr'><strong>margine</strong></span> <span class='ocrx_word' id='word_1_953' title='bbox 2482 5810 2639 5869; x_wconf 77' lang='lat' dir='ltr'><strong>Rom.</strong></span> <span class='ocrx_word' id='word_1_954' title='bbox 2675 5810 2805 5869; x_wconf 87' lang='lat' dir='ltr'><strong>edit.</strong></span> <span class='ocrx_word' id='word_1_955' title='bbox 2865 5812 3157 5887; x_wconf 85' lang='lat' dir='ltr'><strong>ascriptum</strong></span> <span class='ocrx_word' id='word_1_956' title='bbox 3204 5826 3335 5875; x_wconf 86' lang='lat' dir='ltr'><strong>erat.</strong></span> <span class='ocrx_word' id='word_1_957' title='bbox 3366 5818 3538 5880; x_wconf 80' lang='lat' dir='ltr'><strong>Arist.</strong></span> 
     </span>
    </p>
   </div>
  </div>
