3982 6248
477 267 606 323 1391
1827 261 2073 319 SANCTI
2105 259 2432 320 AMBROSII
3684 262 3844 322 139:!

469 392 598 439 runt
630 381 850 437 dedisse
876 377 941 434 iis
971 374 1327 443 facinoribus,
1353 389 1474 446 qua:
1499 390 1594 446 per
1625 376 1756 431 iram
1783 377 2074 432 commissa
2103 384 2153 442 Α
2181 395 2287 435 vox
2316 380 2416 435 ista
2439 386 2522 435 est
2543 379 2728 435 dicere
2758 398 2770 434 :
2803 379 2998 436 Dilexi.
3035 378 3316 436 Plenitudo
3339 381 3476 436 enim
3501 380 3701 452 Legis,
3739 383 3839 434 di-

471 477 687 540 forent;
723 473 819 528 sed
851 471 1133 540 Scriptura
1166 470 1351 525 divina
1383 469 1580 525 melius
1609 470 1684 524 ait
1711 487 1724 524 :
1754 468 2071 533 Irascimini,
2183 473 2332 526 lectio
2355 483 2428 528 est
2451 472 2628 538 (Rom.
2648 489 2763 540 xm,
2793 472 2902 544 10).
2929 473 3034 530 Sed
3063 474 3153 545 qui
3175 474 3452 540 dilexerit,
3477 461 3831 530 audiamus.

463 581 515 624 et
539 569 697 623 nolite
723 582 934 636 peccare
966 563 1141 634 (Psal.
1171 579 1245 631 tv,
1280 562 1360 634 5).
1397 562 1585 617 Maluit
1623 571 1902 632 peccatum
1935 564 2078 617 reci-
2180 564 2204 602 ί¹
2234 566 2370 622 Cum
2390 576 2599 623 tacetur
2625 583 2796 639 genus
2818 567 3151 633 dilectionis,
3180 569 3366 640 utique
3391 568 3600 625 divina:
3619 567 3834 625 chari-

469 660 624 722 derc,
665 674 826 728 quam
857 670 1145 712 excusare.
1169 655 1353 710 Satius
1375 665 1459 710 cst
1489 656 1539 709 in
1567 655 1944 725 indignatione
1966 656 2080 709 lau-
2180 662 2304 716 tatis
2331 663 2502 733 gratia
2535 662 2894 732 significatur,
2917 677 3021 734 qua
3041 663 3316 735 diligimus
3347 664 3506 730 illud,
3533 664 3703 734 quod
3733 676 3832 722 est

467 755 592 809 dem
621 751 925 807 clementia)
957 749 1233 821 reperire,
1271 764 1430 818 quam
1465 750 1547 803 ira
1580 749 1632 804 in
1674 748 1936 804 ultionem
1981 763 2077 803 ex-
2177 766 2342 822 super
2367 753 2548 808 omnia
2567 753 2955 809 desiderabilia
2974 754 3366 821 desiderabile,
3396 757 3466 812 de
3483 773 3597 828 quo
3624 757 3828 828 scrip-

468 859 647 903 Cliti".

534 939 624 994 15.
665 939 801 1008 Quis
823 952 957 1007 ergo
997 937 1271 993 dubitabit
1300 935 1426 991 filiis
1454 935 1574 1006 ejus
1611 935 1752 1005 apud
1783 933 2070 990 Dominum

462 1035 763 1090 maximum
798 1032 1117 1103 praesidium
1151 1030 1311 1087 fore?
1345 1030 1576 1085 Domino
1615 1029 1872 1092 favente,
1908 1029 2074 1082 Arca-

462 1132 586 1188 dius
611 1131 911 1200 imperator
943 1132 970 1160 ⁸
992 1127 1106 1197 jam
1134 1123 1348 1180 validus
1380 1123 1605 1194 juventa
1634 1129 1721 1179 est
1753 1141 1765 1175 :
1801 1121 2073 1177 Honorius

460 1224 726 1281 cantinno
752 1222 934 1291 pulsat
958 1218 1345 1274 adolescentia:
1369 1216 1539 1281 fores,
1572 1215 1886 1287 provectior
1914 1222 2072 1270 aetate

460 1333 626 1389 quam
653 1315 855 1372 Josias.
885 1313 984 1368 Ille
1009 1313 1152 1367 enim
1178 1311 1474 1366 destitutus
1502 1319 1680 1382 patre,
1710 1322 1868 1363 orsus
1896 1307 2071 1377 impe-

460 1413 602 1468 rium
629 1425 804 1481 usque
835 1409 902 1464 ad
945 1408 1281 1464 tricesimum
1316 1415 1368 1462 et
1411 1407 1646 1475 primum
1675 1417 1876 1458 annum
1918 1401 2072 1472 regni

459 1507 542 1562 sui
578 1505 831 1577 perduxit
874 1512 1090 1558 aetatem
1118 1543 1132 1568 ,
1167 1510 1225 1557 et
1265 1499 1470 1570 placuit
1500 1498 1767 1563 Domino;
1812 1495 2068 1566 quoniam

458 1616 572 1672 pra:
597 1599 813 1655 caeteris
833 1597 1056 1667 regibus
1086 1593 1256 1649 Israel
1278 1591 1494 1647 Domini
1522 1590 1719 1660 pascha
1745 1586 2066 1653 celebravit,

456 1702 514 1748 et
537 1691 976 1748 ceremoniarum
1001 1687 1240 1742 abolevit
1261 1699 1484 1741 errores
1511 1683 1602 1754 (IV
1636 1682 1767 1753 Reg.
1804 1697 1937 1748 nn,
1975 1682 1995 1734 l
2023 1689 2070 1734 et

2181 854 2288 898 tum
2314 854 2397 900 est
2428 863 2439 898 :
2469 843 2670 918 Diliges
2699 844 2984 901 Dominunt
3013 846 3181 902 Deum
3207 857 3353 902 tuum
3385 847 3570 920 (Deut.
3607 864 3699 917 Vt,
3728 851 3822 919 5).

2251 936 2338 992 18.
2385 937 2529 1008 Ergo
2555 937 2844 995 discedens
2873 955 2902 994 e
2944 940 3104 995 terris
3136 940 3221 1010 pia
3251 939 3436 997 anima
3463 983 3476 1007 ,
3512 950 3569 998 et
3600 951 3824 998 sancto

2177 1028 2383 1098 repleta
2435 1029 2640 1100 Spiritu
2665 1073 2679 1096 ,
2714 1031 2869 1102 quasi
2922 1033 3388 1104 interrOgantibus
3436 1035 3534 1100 iis,
3565 1036 3667 1105 qui
3701 1036 3822 1091 sibi

2173 1130 2550 1188 occurrerunt,
2582 1137 2706 1178 cum
2737 1139 2858 1180 sese
2887 1125 2954 1180 ad
3003 1125 3253 1181 sublimia
3294 1137 3352 1182 et
3391 1141 3638 1197 superna
3673 1128 3824 1184 sub-

2175 1215 2411 1285 rigeret,
2444 1215 2706 1273 dicebat:
2750 1216 2944 1273 Dilexi.
3007 1219 3152 1276 Nihil
3197 1221 3299 1277 hoc
3346 1221 3591 1292 plenius,
3661 1221 3818 1278 nihil

2175 1308 2507 1378 expressius.
2563 1308 2974 1382 lnterrogabant
3027 1312 3208 1383 angeli
3268 1313 3372 1368 veli
3406 1311 3740 1385 archangeli
3800 1331 3816 1368 :

2174 1400 2314 1470 Quid
2339 1402 2495 1471 egisti
2529 1401 2582 1456 in
2607 1403 2808 1458 terris?
2832 1405 3166 1460 occultorum
3191 1404 3337 1460 enim
3364 1404 3518 1461 solus
3539 1407 3817 1478 cognitor

2175 1493 2341 1549 Deus.
2373 1494 2630 1560 Dicebat,
2667 1493 2842 1550 υἱιεωὶ
2861 1513 2880 1560 ;
2913 1495 3016 1552 hoc
3045 1505 3130 1553 est
3173 1496 3360 1552 dicere
3394 1516 3407 1552 :
3441 1497 3650 1568 Legem
3700 1498 3816 1554 im-

2174 1586 2353 1657 plevi,
2386 1588 2739 1658 Evangelium
2786 1603 2892 1661 non
2930 1589 3241 1660 praeterivi;
3273 1589 3377 1646 hoc
3422 1601 3508 1647 est
3551 1591 3754 1648 dicere
3795 1613 3808 1647 :

2172 1680 2330 1736 Morti
2365 1697 2451 1738 me
2479 1681 2686 1747 obtuli,
2719 1692 2766 1736 et
2799 1692 2904 1737 tota
2940 1683 3026 1738 die
3054 1685 3338 1738 aestimatus
3367 1700 3485 1741 sum
3515 1684 3658 1739 sicut
3689 1686 3812 1742 ovis

453 1786 610 1857 seq.).
656 1787 761 1840 Asa
790 1797 1010 1854 quoque
1037 1781 1216 1835 adhuc
1244 1778 1514 1833 invalidus
1556 1776 1808 1846 corporis
1833 1775 2030 1830 robore
2051 1816 2064 1840 ,
2097 1782 2145 1842 Β
2173 1774 2442 1828 occisionis
2485 1773 2504 1845 (
2533 1773 2676 1829 Psal.
2727 1791 2857 1830 xuu
2881 1817 2895 1842 ,
2936 1774 3031 1847 9.2)
3060 1818 3072 1830 .
3103 1776 3172 1832 Et
3199 1776 3342 1844 ideo
3387 1776 3642 1846 conﬁdo,
3675 1781 3810 1849 quia

455 1893 578 1938 cum
603 1872 1156 1946 regnandicurricula
1182 1870 1506 1939 recepisset,
1532 1867 1560 1906 ι)
1582 1867 1943 1938 quadraginta
1971 1882 2069 1922 an-

457 1972 545 2026 nis
567 1969 816 2040 regnavit
844 1967 895 2020 in
925 1964 1276 2020 Hierusalem
1312 1980 1326 2018 :
1355 1962 1446 2033 qni
1477 1977 1602 2017 cum
1633 1961 1954 2030 Ethiopnm
1985 1962 2071 2015 in-

457 2066 612 2121 ﬁnita
641 2073 929 2135 urgeretur
953 2070 1117 2128 atque
1138 2058 1525 2114 innumerabili
1552 2057 1918 2123 multitudine,
1947 2073 2071 2127 spe-

455 2159 598 2214 ravit
628 2171 648 2196 ε
681 2173 710 2212 a
743 2155 978 2211 Domino
1019 2163 1076 2209 et
1116 2153 1169 2208 in
1212 2152 1402 2222 paucis
1431 2166 1490 2206 se
1522 2164 1685 2221 posse
1728 2150 1928 2205 salvari
1957 2148 1975 2220 (
2005 2149 2072 2204 111

457 2252 590 2325 Reg.
622 2268 720 2317 xv,
753 2249 833 2319 8).
860 2247 1081 2306 Utinam
1113 2257 1220 2301 tam
1254 2245 1432 2301 fidelis
1463 2259 1747 2315 processu,
1780 2259 1943 2314 quam
1969 2243 2070 2298 de-

456 2355 620 2401 votus
649 2341 916 2399 exordio!
956 2339 1090 2395 Nam
1146 2349 1399 2395 servatus
1445 2337 1500 2392 in
1551 2338 1736 2409 paucis
1774 2347 1829 2392 et
1872 2338 2068 2401 victor,

457 2444 648 2508 postea
674 2450 702 2489 a
730 2433 884 2497 Svris
909 2432 1142 2497 auxilia,
1164 2430 1360 2486 relicto
1386 2429 1640 2495 Domino,
1669 2429 1992 2501 postulavit,
2017 2437 2075 2484 et

461 2527 708 2583 medicos
737 2523 991 2579 adhibuit
1020 2521 1088 2576 ad
1121 2521 1322 2591 pedum
1351 2519 1632 2584 dolorem;
1671 2527 1898 2588 accepto
1927 2517 2073 2572 enim

459 2629 614 2674 tanto
648 2616 852 2672 iudicio
881 2614 1057 2671 divini
1104 2613 1331 2679 favoris,
1366 2613 1752 2667 anxitiatorem
1791 2626 1949 2666 suum
1979 2610 2074 2664 de-

454 2713 772 2784 relinquere
802 2725 910 2766 non
952 2707 1141 2765 debuit
1167 2749 1183 2774 ,
1215 2707 1310 2764 sed
1345 2717 1556 2762 tenere.
1591 2705 1719 2762 Ideo
1750 2705 1799 2760 ci
1829 2719 1930 2760 nec
1961 2718 2073 2759 me-

459 2806 568 2862 dici
617 2805 981 2877 profuerunt,
1029 2811 1085 2858 et
1126 2801 1286 2872 quasi
1333 2799 1648 2856 incredulus
1692 2806 1923 2854 mortem
1969 2797 2071 2852 im-

461 2900 656 2972 plevit.

537 2993 626 3050 16.
671 2993 777 3050 Sed
813 2993 1032 3047 illorum
1064 2996 1250 3059 patres
1279 2987 1447 3041 Abias
1479 2995 1534 3042 et
1563 2986 1731 3040 Amos
1757 2984 1920 3039 ambo
1947 2981 2070 3036 infi-

460 3089 615 3144 deles
647 3104 659 3140 :
693 3083 1040 3142 Theodosius
1069 3096 1200 3136 vero
1241 3081 1435 3150 plenus
1478 3078 1689 3134 timoris
1714 3077 1847 3142 Dei,
1880 3075 2076 3146 plenus

462 3176 880 3240 misericordiae,
907 3186 1195 3242 speramus
1222 3169 1368 3239 quod
1390 3169 1580 3224 liberis
1607 3169 1724 3224 suis
1751 3165 1894 3236 apud
1917 3165 2077 3220 Chri-

2175 1881 2335 1937 neque
2366 1882 2504 1920 mors
2524 1908 2537 1931 ,
2564 1882 2724 1936 neque
2749 1867 2853 1922 vita
2869 1909 2883 1936 ,
2919 1884 3079 1938 neque
3101 1869 3286 1940 Angeli
3303 1910 3317 1934 ,
3337 1885 3502 1939 neque
3532 1868 3809 1938 Virtutes,

2175 1973 2334 2028 neque
2359 1958 2584 2013 altitudo
2605 2001 2619 2024 ,
2655 1977 2820 2030 neque
2848 1961 3198 2032 profundum,
3226 1978 3389 2031 neque
3413 1972 3663 2017 creatura
3691 1965 3810 2018 alia

2175 2052 2364 2120 poterit
2389 2068 2483 2106 nos
2505 2069 2750 2122 separare
2773 2070 2805 2108 a
2828 2055 3077 2110 clraritate
3108 2053 3236 2120 Dei,
3261 2073 3377 2123 qua:
3405 2065 3477 2112 est
3503 2057 3561 2111 in
3585 2057 3807 2114 Christo

2173 2141 2302 2198 Jesu
2335 2143 2558 2200 Domino
2585 2157 2761 2201 nostro
2787 2146 2967 2220 (Rom.
2998 2165 3113 2217 vm,
3137 2149 3226 2216 38,
3259 2149 3373 2220 39).

2250 2239 2338 2294 19.
2369 2239 2482 2294 Hoc
2513 2241 2828 2297 mandatum
2851 2242 3014 2314 Legis
3055 2245 3220 2300 etiam
3264 2246 3316 2299 in
3351 2245 3661 2317 Evangelia
3695 2247 3806 2302 Do-

2176 2334 2358 2389 minus
2400 2334 2556 2391 Jesus
2596 2335 2755 2392 docet
2794 2352 2919 2394 esse
2963 2339 3326 2405 servandum,
3381 2356 3505 2396 cum
3549 2341 3688 2396 dicit
3729 2341 3803 2396 ad

2178 2426 2396 2482 Petrum
2432 2447 2443 2483 :
2479 2429 2664 2484 Simon
2688 2428 2948 2498 Joannis,
2979 2432 3156 2502 diligis
3187 2433 3383 2490 me?et
3419 2433 3514 2489 ille
3558 2451 3802 2506 respon-

2177 2517 2256 2572 dit
2281 2537 2293 2571 :
2317 2517 2398 2572 Tu
2425 2521 2526 2575 scis
2543 2563 2558 2587 ,
2585 2519 2808 2576 Domine
2826 2564 2841 2587 ,
2864 2523 2986 2594 quia
3008 2525 3170 2596 diligo
3196 2535 3262 2581 te.
3289 2525 3358 2580 Et
3387 2527 3588 2582 iterum
3608 2527 3756 2584 dixit
3787 2547 3803 2583 :

2178 2613 2364 2668 Simon
2411 2613 2665 2682 Joannis,
2715 2617 2892 2691 diligis
2943 2620 3066 2674 me?
3108 2627 3166 2674 et
3214 2619 3413 2676 iterum
3457 2622 3802 2692 respondit:

2177 2702 2353 2759 Etiam
2380 2747 2395 2772 ,
2425 2703 2678 2774 Domine,
2713 2718 2768 2762 tu
2794 2711 2894 2763 scis
2937 2711 3059 2780 quia
3089 2712 3252 2783 diligo
3298 2721 3365 2767 te.
3399 2713 3466 2769 Et
3499 2715 3668 2771 tertio
3715 2716 3802 2772 in-

2181 2809 2488 2870 terrogatus
2516 2801 2589 2854 ait
2619 2817 2631 2853 :
2666 2798 2920 2870 Domine,
2970 2804 3145 2860 omnia
3169 2814 3222 2859 tu
3253 2805 3354 2860 scis
3375 2847 3388 2872 ,
3424 2814 3479 2860 tu
3503 2808 3642 2861 nosti
3673 2808 3803 2877 quia

2176 2906 2293 2945 amo
2323 2901 2370 2945 te
2415 2891 2598 2962 (Joan.
2649 2909 2760 2961 χχι,
2797 2895 2863 2948 15
2911 2906 2959 2950 et
3006 2895 3161 2967 seq.).
3202 2895 3565 2954 Conﬁrmavit
3611 2899 3801 2971 itaque

2175 2982 2498 3038 charitatem
2529 2985 2668 3040 trina
2695 2985 2981 3056 responsio
3000 3027 3016 3053 ,
3049 2988 3135 3044 vel
3170 2988 3407 3045 abolevit
3435 2989 3593 3046 trina:
3623 3007 3800 3063 nega-

2179 3075 2342 3130 tionis
2374 3091 2638 3132 errorcm.
2678 3076 2744 3132 Et
2776 3079 2867 3135 hic
2894 3080 3089 3136 trinam
3118 3082 3533 3153 responsionem
3565 3083 3612 3140 si
3641 3101 3797 3157 qua.

2179 3166 2350 3222 rimus
2372 3209 2385 3232 ,
2411 3167 2754 3225 invenimus:
2781 3170 2974 3238 Dilexi,
2999 3174 3243 3244 quoniam
3266 3175 3504 3231 exaudiet
3531 3173 3796 3232 Dominus

458 3281 606 3326 stum
637 3268 839 3339 praesul
860 3265 1106 3329 assistat,
1137 3264 1183 3318 si
1217 3262 1478 3317 Dominus
1509 3261 1778 3331 propitius
1804 3260 1876 3314 sit
1907 3258 2072 3314 rebus
2097 3259 2144 3322 C
2177 3273 2348 3313 vocem
2371 3261 2760 3317 orationismew
2781 3263 3121 3334 (Psal.cxrv,
3149 3267 3173 3321 1
3205 3277 3252 3322 et
3272 3267 3428 3338 seq.).
3454 3267 3631 3324 Dilexi
3652 3284 3795 3340 quo.

463 3359 736 3416 immanis.
769 3357 979 3411 Bonum
1002 3363 1088 3409 est
1115 3353 1432 3409 misericors
1462 3353 1648 3416 homo,
1676 3351 1766 3420 qui
1789 3349 1918 3405 dum
1949 3349 2073 3406 aliis

463 3453 739 3519 subvenit,
769 3450 876 3505 sibi
901 3448 1164 3515 consulit,
1198 3458 1255 3504 et
1284 3447 1496 3520 1203
1527 3448 1579 3502 in
1613 3446 1796 3502 alieno
1825 3445 2073 3502 remedio

465 3548 691 3603 vulnera
714 3560 811 3600 sua
835 3551 1008 3599 curat.
1045 3542 1312 3613 Agnoscit
1338 3543 1484 3596 enirn
1515 3555 1575 3596 se
1605 3555 1730 3596 esse
1752 3539 2032 3594 hominem
2055 3581 2070 3606 ,

465 3641 555 3713 qui
589 3639 739 3695 novit
769 3637 1096 3708 ignoscere:
1138 3644 1194 3690 et
1244 3635 1359 3688 vias
1407 3633 1615 3688 ChriSIi
1664 3633 1934 3703 sequitur,
1980 3631 2074 3701 qui

466 3749 632 3791 carne
653 3741 932 3802 suscepta,
971 3728 1164 3784 maluit
1194 3728 1246 3783 iu
1279 3728 1426 3783 hunc
1464 3726 1724 3782 mundum
1759 3724 2076 3796 redemptor

466 3827 657 3883 venire
680 3868 694 3892 ,
718 3840 882 3896 quam
904 3822 1098 3894 jndex.

547 3922 627 3976 t7.
661 3919 819 3976 Unde
851 3917 1076 3990 pulchre
1102 3916 1392 3971 Psalmista
1423 3914 1561 3970 dixit
1587 3933 1598 3968 :
1635 3914 1809 3970 Dilexi
1833 3915 2074 3984 quoniam

466 4016 705 4071 exaudiet
729 4014 984 4068 Dominus
1007 4028 1180 4067 vocem
1209 4011 1459 4066 orationis
1481 4027 1606 4065 mea:
1627 4009 1798 4080 (Psal.
1824 4025 1967 4074 cxrv,
1997 4008 2076 4077 1).

465 4110 664 4178 inquo
705 4106 914 4176 psalmo
960 4103 1089 4159 dum
1140 4103 1371 4174 legitur,
1405 4101 1555 4156 velut
1604 4102 1780 4171 ipsum
1829 4098 2078 4155 Theodo—

469 4203 609 4258 sium
638 4201 947 4272 loquentem
979 4198 1306 4253 audivimus.
1344 4196 1548 4261 Dilexi,
1586 4194 1759 4264 inquit
1791 4211 1803 4245 :
1840 4205 2078 4264 agnosco

467 4311 659 4353 vocem
711 4296 884 4366 piam,
937 4295 1093 4362 cujus
1142 4290 1452 4346 testimonia
1504 4291 1654 4344 vocis
1705 4302 1960 4358 agnosco.
2012 4286 2079 4341 Et

469 4407 596 4447 vere
617 4389 838 4455 dilexit,
869 4388 962 4459 qui
987 4386 1169 4442 ofﬁcia
1198 4382 1515 4454 diligentius
1539 4382 1809 4453 implevit,
1833 4381 1924 4452 qui
1957 4395 2077 4436 ser-

470 4483 616 4540 vavit
648 4483 831 4537 hostes
851 4523 864 4547 ,
900 4477 1028 4549 quid
1055 4475 1248 4532 dilexit
1288 4475 1573 4538 inimicos,
1605 4473 1697 4544 qui
1727 4473 1793 4527 iis
1821 4487 1852 4526 a
1879 4471 2078 4543 quibus

469 4587 555 4633 est
594 4577 890 4647 appetitus,
925 4571 1168 4644 ignovit,
1199 4569 1289 4640 qui
1340 4566 1494 4638 regni
1521 4566 1870 4623 atl'ectatores
1897 4566 2079 4636 perire

2175 3353 2318 3408 niam
2353 3353 2635 3410 inclinavit
2655 3371 2840 3412 aurem
2871 3373 3024 3414 suam
3056 3359 3187 3414 mihi
3212 3401 3226 3425 ,
3263 3369 3321 3415 ut
3350 3359 3403 3416 in
3431 3360 3628 3417 diebus
3656 3363 3797 3419 meis

2175 3446 2484 3503 invocarem
2505 3464 2652 3504 eum.
2674 3448 2872 3516 Dilexi,
2895 3451 3021 3520 quia
3043 3451 3446 3508 tribulationem
3465 3463 3520 3507 et
3540 3453 3795 3512 dolorem

2175 3537 2354 3594 inveni
2375 3580 2390 3604 ,
2421 3548 2475 3595 et
2505 3557 2603 3610 pro
2633 3540 2854 3598 nomine
2881 3542 2978 3597 Dei
3024 3543 3132 3599 mei
3186 3545 3421 3614 pericula
3449 3545 3650 3601 inferni
3683 3564 3792 3604 non

2176 3631 2368 3704 refugi,
2397 3633 2490 3688 sed
2515 3635 2830 3704 exspectavi
2866 3644 2924 3690 ut
2968 3635 3430 3708 comprehendere
3453 3646 3505 3694 et
3535 3637 3795 3698 invenire

2176 3745 2263 3786 me
2291 3740 2537 3800 possent.

2247 3824 2334 3879 20.
2369 3824 2436 3880 Et
2463 3825 2687 3895 pulchre
2715 3827 2790 3881 ait
2821 3842 2836 3880 :
2869 3825 3042 3883 Dilexi
3060 3869 3076 3894 ,
3102 3827 3228 3899 quia
3249 3829 3362 3899 jam
3405 3841 3629 3884 cursum
3661 3830 3793 3887 vitta

2177 3919 2336 3988 hujus
2383 3919 2728 3990 impleverat.
2764 3919 2919 3976 Unde
2963 3930 3017 3977 et
3070 3919 3370 3992 Apostolus
3420 3922 3472 3976 in
3529 3923 3795 3993 passione

2172 4011 2283 4082 jam
2339 4011 2547 4083 positus
2571 4013 2690 4066 ait:
2743 4012 3010 4067 Certamen
3056 4013 3244 4068 bonum
3295 4015 3528 4079 certari,
3579 4030 3795 4071 cursum

2176 4107 2558 4173 consummavi,
2592 4106 2748 4174 ﬁdem
2775 4107 3005 4172 servavi;
3034 4108 3172 4172 quod
3210 4107 3462 4178 reliquum
3491 4115 3602 4174 est,
3634 4123 3791 4178 repo-

2178 4199 2278 4252 sita
2299 4206 2371 4252 est
2397 4198 2525 4251 mihi
2547 4214 2739 4253 corona
2766 4199 2979 4266 iustitia:
3003 4197 3073 4268 (ll
3102 4197 3240 4252 Tim.
3272 4214 3347 4266 ιν,
3371 4200 3426 4264 7,
3457 4198 3538 4269 8).
3563 4200 3789 4272 Magnus

2179 4289 2444 4345 Dominus
2471 4330 2486 4356 ,
2517 4290 2609 4362 qui
2633 4289 2791 4347 nobis
2818 4290 2968 4348 dedit
3001 4292 3324 4357 certamina,
3350 4291 3549 4362 quibus
3580 4308 3793 4349 merea-

2180 4391 2266 4438 tur
2289 4425 2304 4450 ,
2334 4383 2425 4453 qui
2448 4383 2665 4451 vicerit,
2688 4384 2962 4440 coronari.
2991 4383 3190 4453 Dilexi,
3219 4383 3432 4457 1205.
3455 4385 3633 4456 inquit
3659 4401 3791 4442 con-

2179 4475 2377 4543 fidens,
2390 4478 2632 4546 quoniam
2646 4478 2891 4533 exaudiet
2916 4476 3171 4533 Dominus
3185 4493 3359 4533 vocem
3377 4479 3628 4534 orationis
3638 4496 3788 4536 meas.

2248 4567 2341 4624 2i.
2380 4568 2560 4625 Dilexi
2579 4610 2594 4636 ,
2618 4578 2673 4625 et
2699 4569 2820 4625 ideo
2844 4569 3127 4626 inclinavit
3149 4585 3333 4627 aurem
3365 4585 3520 4626 suam
3545 4569 3705 4638 mihi;
3728 4581 3791 4626 ut

471 4681 686 4730 nonest
714 4683 925 4741 passus.
958 4665 1074 4722 Non
1115 4664 1439 4731 mediocris,
1465 4663 1560 4720 sed
1595 4663 1824 4734 perl‘eCti
1850 4663 1905 4719 in
1937 4662 2080 4734 Lege
2105 4653 2158 4715 D
2181 4661 2451 4732 iacentem
2479 4661 2754 4732 erigeret,
2791 4673 3066 4719 mortuum
3096 4659 3469 4721 resuséitaret.
3490 4661 3610 4718 Non
3639 4663 3788 4719 enim

471 4792 567 4845 lib.
596 4804 666 4844 vu
706 4786 885 4842 Ethic.
919 4799 1042 4854 cap.
1071 4781 1128 4854 6.
1152 4780 1257 4854 sed
1286 4788 1650 4852 prteterquam
1672 4780 1822 4854 quod
1849 4781 2068 4854 eo‘loci,

469 4875 589 4932 qua:
617 4860 706 4915 hic
730 4850 1080 4932 dicuntur'ab
1107 4850 1420 4932 Ambrosio,
1442 4850 1559 4932 non
1583 4850 1717 4932 satis
1744 4853 1894 4932 clare
1920 4850 2072 4907 inve—

471 4923 724 4995 niuntur,
751 4930 802 4984 id
832 4927 1093 4997 temporis
1126 4926 1284 4994 plane
1314 4924 1633 4997 inusitatum
1665 4923 1917 4997 Datribus
1955 4933 2073 4997 erat

475 5015 582 5058 tam
627 5000 926 5057 honorifice
947 4995 1230 5068 appellare
1260 4996 1632 5068 Aristotelem.
1665 4995 1908 5068 Et_certe
1935 4995 2070 5068 Am-

476 5075 727 5130 brosiana
754 5071 920 5128 verba
943 5066 1050 5125 non
1077 5070 1254 5123 minus
1279 5077 1405 5138 apte
1425 5067 1492 5122 ad
1520 5067 1613 5122 lib.
1655 5082 1706 5120 tx
1732 5066 1976 5138 Platonis
2004 5066 2074 5120 de

476 5147 707 5218 Legibus
737 5142 926 5218 referri
969 5150 1214 5210 possent,
1245 5140 1291 5196 si
1315 5137 1639 5196 Ambrosius
1668 5139 1844 5192 locum
1891 5137 1986 5192 abs
2017 5153 2076 5192 se

475 5215 673 5274 lectum
705 5215 1060 5285 significaret.

549 5299 574 5326 ιι
606 5289 729 5344 Vet.
756 5279 915 5358 edit.,
941 5289 1053 5358 jam
1083 5283 1286 5358 validu_s
1311 5284 1542 5337 inventus
1564 5290 1670 5346 est;
1704 5280 1950 5358 qumdam
1976 5279 2076 5358 Ra-

475 5361 598 5424 ris.,
617 5362 732 5432 jam
757 5351 961 5432 validus
980 5356 1217 5426 juvenis;
1244 5355 1401 5408 Rom.
1437 5361 1492 5407 et
1518 5367 1654 5432 mss.
1680 5352 1962 5407 uobiscum
1996 5351 2076 5432 fa-

475 5425 644 5486 ciunt.
679 5425 1186 5494 Arcadium'porro,
1216 5441 1338 5480 cum
1370 5433 1522 5492 patre
1543 5425 1765 5478 orbatus
1785 5435 1890 5488 est,
1913 5425 2073 5477 armis

475 5503 548 5557 :20
575 5509 762 5556 natum
801 5498 971 5554 fuisse
1001 5497 1266 5552 Baronius
1312 5495 1545 5550 affirmat
1568 5536 1582 5557 ,
1614 5495 1740 5550 licet
1770 5494 1818 5548 ei
1861 5502 2070 5548 tantum

475 5570 865 5639 septemdecim
907 5569 996 5624 alii
1047 5567 1328 5623 tribuant:
1365 5565 1666 5639 Honorium
1701 5580 1835 5620 vero
1876 5566 2075 5639 decen-

479 5634 600 5696 ne'm
630 5641 906 5697 exstitisse
945 5639 1070 5694 inde
1099 5651 1418 5708 cognoscas,
1461 5637 1604 5706 quod
1635 5635 1913 5708 Sperates,
1954 5634 2074 5688 lda-

478 5713 584 5764 tius
609 5724 663 5767 et
690 5711 1037 5767 Marcellinus
1064 5705 1190 5764 enni
1233 5705 1540 5762 Richomere
1569 5716 1615 5761 et
1660 5705 1908 5763 Clearclto
1937 5721 2072 5761 coss.

476 5780 527 5833 id
557 5791 660 5847 est,
696 5797 827 5838 ann.
859 5780 988 5848 584,
1020 5789 1206 5836 natum
1234 5787 1559 5835 memorant.

2249 4779 2276 4817 ι)
2309 4779 2466 4855 item.
2494 4778 2627 4855 edit.
2677 4781 2826 4855 sola,
2846 4781 3268 4855 quadragintaet
3296 4797 3399 4855 uno
3429 4796 3568 4855 anno
3598 4796 3787 4855 regna-

2180 4853 2271 4905 vit.
2303 4851 2456 4917 Quod
2485 4851 2648 4906 etiam
2672 4854 2990 4921 'prteferunt
3015 4851 3166 4908 sacra
3193 4853 3360 4910 biblia
3390 4871 3402 4906 :
3436 4852 3532 4909 sed
3563 4851 3787 4922 plenum

2183 4938 2468 4977 numerum
2494 4923 2816 4979 Ambrosius
2845 4925 3018 4979 voluit
3039 4924 3320 4980 exhibere.

2257 5005 2278 5032 ε
2304 4994 2395 5050 Sic
2415 5009 2605 5049 omnes
2623 4995 2778 5059 edit.;
2803 5011 2935 5050 mss.
2951 5011 3082 5052 vero
3102 5010 3268 5066 prope
3291 4995 3357 5050 ad
3383 5011 3547 5050 unum
3567 5009 3596 5049 a
3619 4995 3789 5052 verbo

2179 5067 2404 5134 speravit
2431 5081 2603 5136 usque
2635 5066 2700 5121 ad
2732 5067 3038 5136 postulavit,
3071 5078 3118 5122 et
3143 5068 3366 5122 medicos
3411 5068 3660 5122 lacunam
3692 5067 3788 5122 ha-

2183 5136 2343 5203 bent;
2363 5152 2527 5206 quam
2547 5148 2725 5192 tamen
2753 5139 2925 5205 Prat.,
2948 5139 3129 5204 Gem.,
3150 5139 3344 5194 etAlb.
3368 5139 3648 5194 hocmodo
3669 5155 3788 5194 sar-

2179 5208 2293 5282 cire
2317 5211 2500 5282 conati
2531 5219 2679 5273 sunt,
2709 5212 2934 5282 speravit
2948 5211 3010 5282 in
3029 5209 3276 5282 Domino,
3307 5210 3613 5280 postulavit,
3643 5218 3692 5266 et
3711 5212 3788 5266 ri-

2177 5281 2268 5344 cit,
2301 5291 2347 5335 et
2379 5280 2602 5335 medicos
2625 5280 2885 5336 adtribuit.
2918 5281 3068 5337 llaud
3096 5283 3168 5337 ita
3201 5282 3365 5337 male.

2250 5350 2280 5424 ἀγ
2309 5351 2442 5424 Vet.
2469 5352 2624 5418 edit.,
2658 5351 2788 5407 Cum
2819 5363 2950 5407 tacet
2971 5395 2986 5420 ,
3024 5363 3172 5424 urget
3197 5369 3292 5407 nos
3309 5353 3551 5424 dilectio.
3599 5352 3790 5422 Utique

2176 5421 2366 5496 diving
2384 5423 2662 5496 cher-italis
2683 5426 2884 5496 gratia;
2910 5425 3067 5479 Rom.
3089 5421 3257 5492 edit.,
3288 5422 3419 5481 Cum
3443 5435 3577 5479 tacet
3603 5466 3616 5489 ,
3639 5421 3788 5496 urget

2177 5509 2290 5546 nos.
2325 5492 2632 5566 Dilectionis
2662 5492 2840 5566 utique
2861 5496 3050 5551 divina:
3076 5496 3277 5566 gratia;
3295 5510 3429 5550 mss.
3458 5511 3660 5566 magno
3681 5492 3787 5552 tiu-

2161 5579 2329 5640 _mero
2365 5563 2534 5640 :_C_um
2558 5575 2687 5640 tacet
2704 5563 2897 5640 ,rurget
2921 5584 3014 5640 nos
3038 5563 3362 5640 dilectionis,
3389 5563 3576 5640 utique
3597 5567 3786 5640 divina:

2178 5633 2479 5708 (nonnulli,
2511 5637 2684 5708 utique
2723 5639 2777 5692 in
2805 5633 2908 5708 qua
2947 5638 3177 5708 divinw)
3205 5633 3498 5704 cltaritatis,
3531 5647 3643 5699 etc.
3675 5639 3784 5698 Sed

2178 5707 2424 5763 omnium
2452 5707 2660 5778 optime
2687 5707 2824 5767 cod.
2843 5709 2980 5780 Reg.
3012 5707 3183 5778 unus,
3212 5719 3270 5766 ut
3294 5710 3346 5768 in
3376 5719 3665 5767 contextu.
