3982 6248
193 368 338 457 1595

1304 357 1394 415 DE
1433 355 1640 414 OBITU
1684 352 2054 413 THEODOSII
2092 350 2378 410 ORATIO.

3368 346 3509 404 1594

194 485 341 543 Deus
370 485 598 541 inclinat
625 498 813 539 aurem
844 495 997 537 suam
1026 522 1040 549 ,
1069 488 1126 535 ut
1169 476 1356 534 audiat
1395 473 1756 547 corporaliter
1789 490 1802 526 :
1833 476 1887 535 Α
1910 472 1978 530 de
2004 487 2102 530 sua
2145 471 2344 527 virtute
2388 467 2688 541 praesumit.
2737 466 2848 524 Cur
2888 467 3037 523 enim
3080 480 3188 522 non
3220 479 3523 537 praespmas

192 577 292 635 sed
322 585 383 634 ut
401 575 806 635 condescendat
830 572 1019 640 nobis,
1048 587 1159 645 quo
1182 586 1285 627 nos
1313 568 1504 626 audire
1528 568 1802 639 dignetur,

196 679 223 708 ιι
250 678 307 726 et
334 671 667 726 inﬁrmitatis
694 678 896 724 nostra:
935 668 1181 723 relevare
1218 662 1604 721 substantiam.
1643 660 1806 716 Incli-

197 773 292 819 nat
309 778 370 821 se
398 764 579 832 nobis,
611 771 669 818 ut
692 769 878 817 nostra
909 758 979 815 ad
1000 774 1126 816 eum
1148 757 1411 814 ascendat
1432 754 1635 813 oratio.
1658 753 1807 810 Voce

195 870 304 912 non
331 855 574 928 indiget,
606 856 697 927 qui
742 852 1177 910 misericordiam
1211 850 1422 917 defert;
1455 863 1632 919 neque
1660 848 1805 903 enim

195 964 333 1007 voce
358 949 620 1022 indiguit,
654 947 749 1019 qui
786 947 976 1004 Mosen
1009 952 1280 1002 tacentem
1313 942 1523 999 audivit
1553 959 1568 997 :
1611 950 1666 996 et
1696 954 1805 994 non

195 1045 509 1114 loquentem
533 1085 549 1111 ,
582 1041 682 1099 sed
720 1039 1160 1113 interpellantem
1194 1036 1489 1110 gemitibus
1522 1032 1809 1090 ineffabili-

196 1135 301 1192 bus
344 1136 411 1191 ad
455 1151 517 1193 se
561 1136 800 1192 clamare
826 1132 1045 1190 dicebat
1075 1129 1273 1203 (Exod.
1318 1145 1431 1195 xiv,
1480 1127 1595 1198 l5).
1648 1125 1809 1181 Novit

198 1227 342 1287 Deus
367 1239 422 1285 et
462 1229 781 1301 sanguinem
826 1226 1020 1282 audire
1066 1222 1220 1296 (Gen.
1272 1238 1346 1288 ιν,
1380 1218 1492 1291 ιο),
1524 1221 1608 1276 cui
1660 1218 1807 1273 nulla

197 1334 303 1376 vox
334 1319 553 1390 subest,
579 1320 762 1392 lingua
804 1333 912 1375 non
942 1316 1183 1388 suppetit
1214 1333 1228 1370 :
1256 1313 1352 1370 sed
1384 1312 1594 1385 accepit
1617 1325 1805 1367 vocem

197 1426 371 1471 sacra:
398 1413 554 1471 titulo
574 1412 867 1485 passionis.
894 1409 1161 1468 Clamavit
1192 1410 1246 1464 in
1274 1406 1569 1479 martyrio,
1602 1406 1805 1460 clama-

197 1506 275 1562 vit
300 1507 353 1562 in
394 1505 686 1578 parricidio
705 1545 722 1574 ,
755 1502 900 1577 quod
925 1502 1153 1577 pertulit
1182 1517 1281 1574 pro
1301 1500 1590 1558 sacriﬁcio.

269 1599 362 1655 22.
395 1599 601 1669 Dilexi,
639 1600 856 1671 inquit,
888 1608 943 1654 et
993 1597 1116 1654 ideo
1143 1596 1376 1667 diligens
1406 1593 1511 1650 feci
1556 1592 1808 1650 volunta-

198 1705 309 1755 tem
337 1694 588 1764 Domini,
614 1703 670 1751 et
699 1692 950 1750 invocavi
978 1707 1101 1749 eum
1131 1705 1239 1747 non
1279 1689 1335 1745 in
1372 1687 1593 1760 paucis,
1624 1686 1721 1743 sed
1752 1685 1809 1740 in

194 1793 452 1849 omnibus
480 1791 671 1849 diebus
701 1791 824 1846 vitae
851 1805 1007 1847 mere.
1036 1788 1169 1844 Nam
1200 1788 1368 1844 certis
1411 1786 1609 1842 diebus
1654 1784 1808 1840 invo-

1906 566 2135 638 gratiam
2158 606 2172 633 ,
2202 579 2325 621 cum
2357 562 2560 619 habeas
2597 560 2882 634 praesulem
2906 557 3224 616 certaminis
3251 554 3279 594 ά
3308 558 3519 614 miseri-

1907 660 2129 715 cordem
2155 676 2172 726 ;
2205 656 2508 712 Misericors
2530 655 2665 710 enim
2713 663 2761 710 et
2788 655 2959 722 iustus
2981 650 3268 718 Dominus,
3299 658 3347 704 et
3375 648 3519 704 Deus

1908 768 2081 814 noster
2101 757 2377 813 miseretur
2399 753 2571 827 (Psal.
2598 769 2673 820 xi,
2697 751 2814 823 45).
2842 751 2935 806 Bis
2962 746 3396 805 misericordiam
3422 759 3518 815 po-

1907 852 2046 917 suit,
2081 849 2250 907 semel
2271 849 2539 922 justitiam
2572 864 2585 902 :
2620 845 2675 901 in
2702 843 2884 901 medio
2910 842 3122 914 justitia
3147 849 3266 909 est,
3305 840 3518 912 1205

1907 947 2126 1019 gemino
2169 954 2327 1018 septo
2369 943 2574 1000 inclusa
2610 937 3034 1003 misericordiae;
3071 934 3523 1007 superabundant

1906 1041 2053 1099 enim
2082 1047 2303 1111 peccata
2320 1080 2334 1105 ,
2360 1033 2766 1108 superabuudet
2783 1045 2915 1103 ergo
2941 1026 3340 1086 misericordia.
3361 1024 3523 1097 Apud

1912 1134 2199 1191 Dominum
2255 1132 2499 1189 omnium
2548 1130 2808 1195 virtutum
2855 1121 3185 1181 abundantia
3223 1131 3347 1187 est;
3393 1120 3521 1192 quia

1910 1226 2171 1281 Dominus
2194 1224 2450 1280 virtutum
2478 1230 2560 1278 est
2588 1219 2763 1294 (Psat.
2795 1233 2946 1282 xxtu,
2976 1217 3089 1283 10).
3116 1213 3304 1285 Neque
3336 1220 3518 1267 tamen

1904 1320 2114 1393 justitia
2143 1320 2263 1375 sine
2290 1316 2669 1377 misericordia
2689 1322 2797 1382 est,
2827 1326 3005 1383 neque
3029 1309 3149 1365 sine
3170 1306 3520 1363 miseratione

1904 1414 2145 1486 justitia;
2176 1413 2301 1483 quia
2334 1411 2597 1482 scriptum
2628 1418 2715 1465 est
2748 1424 2761 1461 :
2796 1404 2925 1461 Noli
2969 1420 3079 1459 esse
3107 1401 3322 1456 nimium
3340 1402 3519 1472 justus

1911 1506 2138 1580 (Eccles.
2167 1521 2271 1574 vn,
2306 1502 2420 1576 17).
2454 1511 2477 1541 ε’
2507 1500 2663 1570 Quod
2692 1513 2856 1570 supra
2888 1509 3200 1554 mensuram
3227 1501 3347 1560 est,
3381 1498 3437 1546 et
3476 1488 3522 1544 si

1910 1599 2112 1657 bonum
2139 1606 2256 1664 est,
2287 1607 2467 1652 tamen
2497 1604 2551 1650 tu
2578 1608 2687 1649 non
2713 1591 2975 1653 sustines.
3000 1587 3309 1646 Mensuram
3337 1597 3517 1650 serva,

1910 1700 1970 1747 ut
1994 1689 2291 1747 secundum
2311 1701 2623 1745 mensuram
2648 1685 2903 1756 recipias.

1979 1784 2073 1841 26.
2105 1783 2224 1840 Non
2253 1781 2533 1853 impedivit
2579 1789 2760 1835 tamen
2789 1777 3059 1849 justitiam
3103 1770 3520 1834 misericordia;

195 1900 324 1943 care
345 1927 361 1953 ,
390 1898 496 1941 non
526 1883 812 1950 omnibus,
843 1881 1170 1938 fastidientis
1197 1889 1311 1944 est,
1347 1893 1453 1935 non
1483 1876 1757 1950 sperantis
1789 1893 1802 1930 :
1836 1877 1883 1937 B
1908 1879 2036 1950 quia
2081 1874 2455 1933 misericordia
2490 1874 2607 1944 ipsa
2650 1870 2861 1942 justitia
2894 1876 2979 1923 est
3008 1884 3021 1921 :
3070 1864 3330 1936 Dispersit
3380 1863 3527 1918 dedit

196 1990 255 2037 et
303 1994 405 2051 pro
453 1994 555 2034 usu
601 1976 943 2034 afﬁuentium
991 1973 1436 2040 commodorum,
1495 1970 1827 2027 mercedem-

195 2074 497 2147 gratiarum
536 2070 779 2137 referre,
828 2086 936 2126 non
977 2083 1080 2139 pro
1124 2066 1432 2124 devotionis
1470 2063 1688 2121 aﬁ‘ectu.
1740 2062 1809 2117 Et

198 2169 324 2225 ideo
347 2168 547 2225 Paulus
570 2184 584 2223 :
605 2166 672 2221 In
690 2165 952 2234 omnibus,
970 2163 1168 2235 inquit,
1192 2163 1386 2234 gratias
1407 2160 1544 2232 agite
1563 2157 1604 2231 (l
1626 2155 1806 2212 Thess.

199 2279 231 2318 ν
250 2304 267 2329 ,
294 2261 360 2317 l7
380 2261 423 2332 ).
452 2259 681 2328 Quando
704 2259 850 2316 enim
884 2272 989 2315 non
1021 2256 1192 2313 habes
1237 2255 1380 2327 quod
1409 2254 1520 2310 Deo
1561 2250 1810 2307 debeas?

196 2351 227 2393 ιι
250 2362 345 2410 aut
359 2353 574 2427 quando
587 2353 705 2409 sine
731 2353 822 2408 Dei
841 2366 1064 2407 munere
1093 2364 1177 2417 es,
1204 2348 1293 2405 cui
1318 2345 1563 2419 quotidie
1591 2342 1811 2400 vivendi

198 2460 331 2505 usus
359 2461 389 2501 a
415 2446 644 2502 Domino
672 2444 789 2500 est?
823 2442 962 2512 Quid
988 2442 1127 2496 enim
1145 2440 1302 2496 habes
1323 2481 1338 2507 ,
1366 2438 1503 2509 quod
1526 2452 1630 2491 non
1663 2451 1810 2490 acce-

199 2538 324 2611 pisti
351 2537 396 2611 (ι
417 2537 537 2594 Cor.
567 2553 642 2606 IV,
665 2536 765 2597 7)?
790 2536 936 2607 Ergo
953 2535 1074 2607 quia
1098 2548 1315 2605 semper
1334 2530 1538 2602 accipis
1554 2572 1569 2598 ,
1594 2543 1811 2600 semper

200 2632 394 2687 invoca
426 2644 442 2684 :
472 2640 526 2686 et
555 2630 677 2701 quia
711 2628 856 2700 quod
903 2627 1109 2695 habes,
1140 2641 1169 2682 a
1200 2625 1430 2681 Domino
1460 2635 1571 2691 est,
1601 2623 1813 2679 debito-

199 2740 318 2782 rem
350 2734 404 2780 te
446 2738 662 2795 semper
688 2737 808 2779 esse
847 2736 1138 2793 cognosce.
1171 2719 1309 2775 Malo
1350 2728 1528 2775 tamen
1562 2727 1619 2773 ut
1655 2716 1813 2787 quasi

201 2818 473 2890 diligens,
507 2833 670 2890 quam
699 2824 924 2873 coactus
953 2814 1196 2873 debitum
1229 2820 1379 2868 tuum
1411 2812 1610 2869 solvas.

275 2910 367 2967 25.
411 2910 581 2967 Audis
622 2909 891 2966 dicentem
927 2925 941 2963 :
988 2904 1450 2962 Circumdederunt
1489 2920 1570 2958 me
1611 2902 1814 2958 dolores

203 3005 385 3060 mortis
420 3002 606 3076 (Psal.
638 3017 785 3069 cxrv,
815 2999 921 3072 '5)?
952 3000 1066 3071 Ego
1103 3008 1283 3054 tamen
1314 3007 1369 3053 et
1396 2997 1449 3051 in
1483 2993 1675 3051 mortis
1709 2993 1810 3048 do-

203 3096 323 3153 lore
344 3094 634 3150 Dominum
661 3092 851 3150 dilexi.
887 3091 1132 3147 Pericula
1156 3090 1348 3161 inferni
1376 3090 1679 3145 invenerunt
1699 3103 1777 3140 mc
1795 3127 1811 3154 ,

207 3205 317 3246 non
348 3190 633 3245 timentem
656 3188 873 3260 utique,
895 3187 993 3243 sed
1016 3194 1323 3252 amantem,
1353 3184 1448 3243 sed
1476 3191 1814 3255 sperantem,

1911 1973 2224 2049 pauperibus
2247 2016 2261 2039 ,
2289 1969 2494 2043 justitia
2516 1968 2628 2038 ejus
2648 1974 2819 2020 manet
2849 1964 2903 2017 in
2924 1971 3176 2017 (sternunt
3201 1956 3377 2032 (Psal.
3407 1972 3519 2023 cxi,

1911 2048 1997 2140 9);
2034 2065 2184 2121 novit
2209 2062 2354 2119 enim
2375 2061 2557 2133 justus
2580 2058 2785 2114 debere
2806 2072 2865 2111 se
2893 2053 3124 2109 inﬁrmis
3153 2059 3316 2121 atque
3344 2048 3522 2119 inopi-

1910 2161 2012 2214 bus
2038 2157 2347 2213 subvcnire.
2372 2153 2527 2211 Unde
2548 2150 2809 2209 Dominus
2830 2148 3059 2204 veniens
3074 2145 3141 2201 ad
3163 2144 3521 2217 baptismum,

1911 2263 1969 2307 ut
1997 2248 2152 2305 nobis
2182 2245 2581 2303 inﬁrmantibus
2609 2249 2834 2314 peccata
2859 2241 3127 2305 donaret,
3159 2237 3233 2292 ait
3259 2234 3327 2291 ad
3357 2235 3522 2291 Joan-

1911 2360 2034 2401 nem
2069 2360 2083 2395 :
2124 2341 2142 2379 τ
2175 2339 2509 2407 Sinemodo;
2539 2339 2613 2393 sic
2640 2338 2776 2393 enim
2802 2335 2946 2389 decet
2970 2348 3061 2387 nos
3086 2331 3301 2401 implere
3319 2345 3521 2384 omnem

1902 2436 2165 2511 justitiam
2191 2432 2406 2507 (Matth.
2428 2448 2507 2501 ιιι,
2538 2429 2654 2502 15).
2684 2428 2881 2500 Liquet
2910 2426 3076 2498 igitur
3099 2423 3372 2495 justitiam
3396 2437 3521 2479 esse

1911 2524 2382 2593 misericordiam,
2437 2531 2496 2579 et
2547 2519 2977 2577 misericordiam
3039 2531 3164 2572 esse
3226 2514 3518 2586 justitiam.

1913 2621 2129 2679 Etenim
2174 2621 2223 2676 si
2273 2617 2371 2675 Dei
2416 2630 2516 2672 nos
2563 2612 2939 2671 misericordia
2986 2625 3095 2667 non
3143 2616 3522 2674 sustentaret,

1911 2712 2187 2786 quomodo
2216 2712 2269 2767 in
2298 2711 2418 2781 ipso
2452 2706 2679 2765 exordio
2709 2704 2923 2778 parvuli
2959 2703 3306 2767 viveremus;
3338 2709 3363 2747 ε
3393 2714 3519 2755 cum

1910 2807 2070 2865 ell‘usi
2102 2816 2259 2863 utero
2287 2804 2356 2860 de
2386 2802 2574 2859 calidis
2603 2802 2660 2857 in
2689 2799 2883 2872 frigida
2909 2842 2924 2867 ,
2955 2797 3026 2853 de
3057 2795 3293 2852 humidis
3320 2795 3378 2850 in
3406 2793 3520 2849 ari-

1912 2903 1980 2960 da
1999 2943 2015 2971 ,
2044 2901 2271 2974 piscium
2298 2913 2450 2969 more
2467 2940 2483 2964 ,
2502 2898 2772 2968 jactemur
2788 2936 2803 2959 ,
2826 2907 2963 2964 quos
2982 2890 3275 2959 naufragos
3296 2886 3352 2943 in
3376 2885 3519 2941 hanc

1912 2998 2079 3054 vitam
2106 2992 2327 3066 quidam
2375 2991 2524 3048 velut
2560 2996 2767 3046 naturae
2815 2984 3012 3041 ﬂuctus
3040 2981 3330 3053 cxpucrit?
3362 2978 3521 3035 Ratio

1914 3090 2110 3157 deest,
2142 3087 2238 3144 sed
2263 3087 2433 3159 gratia
2461 3082 2645 3140 divina
2666 3096 2774 3137 non
2807 3079 3009 3136 deﬁcit.
3040 3077 3161 3148 Ipse
3185 3091 3316 3146 ergo
3337 3082 3524 3130 custo-

1916 3187 1997 3243 dit
2024 3184 2280 3257 parvulos
2307 3180 2482 3255 (Psat.
2510 3193 2654 3244 cxrv,
2686 3175 2769 3248 6),
2792 3184 2887 3230 aut
2912 3181 3060 3229 certe
3083 3185 3178 3229 eos
3196 3169 3289 3242 qui
3314 3183 3375 3226 se
3400 3183 3523 3240 par-

207 3282 355 3357 quod
404 3281 566 3337 nulla:
614 3295 703 3351 me
747 3280 1040 3351 angustiae,
1088 3278 1235 3333 nulla
1277 3278 1615 3349 persecutio,
1663 3275 1812 3331 nulla
1840 3261 1886 3324 C
1918 3279 2075 3336 vulos
2103 3276 2294 3333 humili
2322 3271 2649 3330 cnttﬁtentur
2679 3267 2901 3325 affectu.

206 3377 484 3451 pericula,
516 3375 699 3431 nullus
742 3373 952 3446 gladius
994 3381 1213 3443 separet
1238 3387 1266 3425 a
1297 3370 1537 3432 Christo.
1571 3370 1815 3442 Denique

207 3471 401 3526 volens
429 3469 640 3526 invenit
666 3467 1072 3525 tribulationem
1098 3473 1154 3522 et
1180 3465 1422 3521 dolorem
1447 3507 1462 3531 ,
1487 3465 1667 3520 sciens
1694 3466 1818 3535 quia

208 3564 490 3626 tribulatio
507 3564 823 3637 patientiam
843 3568 1126 3634 operatur,
1146 3559 1400 3631 patientia
1420 3557 1820 3630 probationem,

209 3661 463 3736 probatio
489 3676 665 3732 spem.
701 3658 920 3716 Etenim
947 3656 1103 3729 quasi
1132 3656 1306 3712 bonus
1338 3655 1542 3710 athleta
1569 3654 1822 3724 qumsivit

210 3753 538 3816 certamina,
570 3760 628 3806 ut
655 3762 914 3806 coronam
956 3746 1233 3804 inveniret
1258 3763 1273 3813 ;
1298 3761 1457 3816 quam
1492 3755 1670 3801 tamen
1712 3757 1820 3799 non

209 3846 328 3902 suis
350 3845 557 3900 viribus
577 3885 594 3913 ,
625 3841 723 3900 sed
763 3842 977 3899 Domini
1009 3840 1210 3896 auxilio
1240 3839 1392 3894 novit
1430 3836 1533 3893 sibi
1562 3853 1683 3892 esse
1725 3836 1826 3891 do-

211 3948 420 3995 natam.
464 3936 582 3992 Non
630 3935 777 3993 enim
808 3933 1078 4006 potuisset
1125 3932 1383 3993 vincere,
1418 3928 1518 3984 nisi
1561 3944 1685 3983 eum
1731 3929 1822 3999 qui

213 4040 491 4089 certantes
518 4031 771 4102 adjuvat,
804 4030 1131 4084 invocasset.

284 4125 380 4181 24.
423 4125 585 4181 Miser
629 4124 795 4179 homo
836 4121 1220 4193 congreditur,
1250 4129 1309 4174 ut
1355 4118 1661 4183 vincat;et
1710 4116 1826 4187 ipse

217 4221 272 4276 in
304 4218 601 4289 periculum
629 4217 769 4283 ruit,
803 4215 902 4270 nisi
934 4215 1146 4270 Domini
1181 4228 1378 4269 nomen
1411 4212 1645 4267 adfuerit
1670 4253 1685 4277 ,
1720 4210 1823 4267 nisi

215 4328 340 4371 cum
366 4320 611 4377 veretur,
642 4309 880 4366 oraverit
906 4309 1096 4365 dicens
1124 4327 1137 4363 ε
1175 4308 1219 4363 0
1247 4307 1495 4371 Domine,
1525 4306 1687 4361 libera
1713 4305 1827 4359 ani—

216 4424 357 4463 mam
385 4422 549 4462 meam
571 4404 747 4478 (I’sal.
778 4419 935 4469 cxrv,
961 4401 1040 4474 4).
1074 4401 1210 4457 llinc
1241 4401 1373 4455 illud
1403 4399 1778 4471 Apostolicum
1811 4416 1824 4452 :

224 4499 395 4555 Video
425 4500 587 4571 legem
615 4497 786 4553 carnis
810 4511 936 4552 mea:
956 4502 1332 4568 repugnantem
1348 4493 1449 4563 legi
1468 4494 1653 4547 utentis
1680 4507 1825 4558 mete,

216 4604 266 4650 et
286 4595 627 4665 captivantem
670 4606 749 4645 me
774 4592 830 4644 in
858 4590 1020 4660 legem
1055 4587 1286 4660 peccati,
1314 4585 1451 4656 quod
1477 4593 1551 4640 est
1579 4586 1632 4638 in
1662 4600 1825 4639 mem-

348 4646 738 4757 Γιιιιεὶε.Ιιι1ἰίἱ;ῐ;
762 4699 852 4754 ego
880 4646 1072 4736 Ii’omoZ'
1101 4680 1214 4750 quis
1240 4646 1575 4734 nie'tiberabit
1606 4678 1670 4732 de
1709 4694 1828 4732 cor-
1859 4646 1905 4705 υ

223 4797 349 4855 pore
392 4779 575 4835 mortis
623 4779 819 4849 hujus?
859 4774 1045 4831 Gratia
1086 4773 1188 4829 Dei
1211 4788 1301 4845 per
1334 4770 1516 4827 Iesum
1565 4770 1830 4826 Christum

227 4872 504 4930 Dominum
532 4882 765 4927 nostrum
787 4869 965 4943 (Rom.
993 4884 1090 4934 vn,
1116 4867 1189 4924 23
1214 4876 1261 4922 et
1290 4864 1450 4938 seq.).

294 4968 385 5024 25.
420 4968 514 5025 llle
545 4967 742 5033 vincit,
780 4978 802 5004 ο
834 4966 927 5037 qui
959 4964 1190 5037 gratiam
1223 4962 1321 5019 Dei
1348 4972 1561 5034 sperat,
1589 4976 1695 5017 non
1740 4963 1831 5033 qui

297 5118 323 5146 ⁸
351 5108 477 5165 Mss.
508 5122 616 5163 non
645 5105 836 5177 pauci,
868 5114 917 5160 et
942 5102 1301 5177 inﬁrmitates;
1328 5099 1549 5171 quidam
1568 5137 1584 5165 ,
1612 5109 1659 5153 et
1680 5099 1835 5168 inﬁr—

226 5183 454 5236 mitatem
482 5174 675 5235 nostra:
707 5178 875 5233 levare
901 5174 1187 5230 sententiae.

295 5253 323 5292 ι’
354 5253 456 5308 Aut
499 5252 707 5320 quando
745 5249 857 5301 sine
906 5245 1246 5320 Dei‘munere
1282 5258 1363 5307 es,
1392 5243 1445 5295 in
1496 5256 1630 5320 mss.
1674 5242 1835 5320 longe

227 5324 474 5398 plurimis
498 5313 843 5377 desideratur
872 5335 884 5369 :
917 5314 1012 5371 sed
1038 5323 1231 5371 contra
1262 5322 1477 5368 exstant
1506 5313 1562 5366 in
1579 5314 1836 5368 omnibus

225 5396 359 5452 edit.

302 5477 325 5505 ο
354 5460 614 5520 Nonnulli
645 5472 805 5524 mss.,
833 5458 923 5529 qui
953 5459 1014 5510 de
1043 5455 1213 5529 gratia
1242 5453 1565 5529 Dei_sperat.

301 5536 329 5574 ἀ
353 5519 431 5592 ita
457 5539 570 5587 vel.
618 5529 752 5584 edit.
794 5519 867 5583 ac
896 5519 1179 5583 mssfnisi
1226 5525 1369 5596 quod
1399 5519 1517 5595 ἰιτο
1545 5519 1838 5580 misericor-

228 5611 405 5670 diam,
437 5616 561 5675 quae
589 5614 693 5675 vox
737 5600 977 5675 habetur_
1011 5598 1064 5652 in
1100 5597 1233 5675 edit.
1263 5597 1517 5675 omnibus
1561 5598 1840 5675 et_paucis

229 5666 366 5741 inss.
393 5666 747 5743 reposuimus
772 5685 843 5743 ex
871 5668 1043 5743 multo
1064 5666 1310 5743 pluribus
1334 5666 1740 5743 misericordem.
1772 5671 1843 5723 At

230 5738 414 5811 idcum
448 5738 610 5801 Rom.
646 5739 777 5811 edit.
809 5739 1158 5805 interpolavit
1180 5738 1264 5811 his
1290 5739 1622 5811 interjcctis:
1654 5739 1842 5811 Scrip;

230 5757 414 5811 Iduum
448 5755 610 5801 Hom.
646 5755 777 5795 emt.
810 5755 1158 5805 interpatavu
1181 5755 1264 5792 llIS
1291 5755 1622 5806 lttlet‘jccuS:
1654 5755 1773 5796 acri
1820 5767 1842 5780 ο

230 5826 352 5905 usu
372 5810 696 5905 “certe:
721 5809 1652 5905 λὶὶιέῖτξαῖϋξςτίξξῖξηίι.ξιξτεξῐεσξιξηιξβ
1686 5755 1845 5905 ai:-

236 5878 397 5951 vciidi'n.
440 5881 502 5942 ΕΙ
531 5878 696 5937 alibi?
731 5881 1046 5937 Misericors.
1084 5879 1192 5935 Sed
1227 5879 1465 5935 editores
1504 5879 1588 5933 hie
1617 5878 1849 5935 in'fratiu

1988 3372 2080 3428 27.
2114 3372 2262 3427 Bona
2294 3368 2457 3439 igitur
2495 3362 2773 3420 humilitas
2793 3403 2808 3427 ,
2838 3374 2960 3431 qua:
2987 3357 3183 3413 liberat
3214 3353 3527 3426 periclitan-

1919 3479 2031 3535 tes,
2059 3469 2306 3540 jaceutes
2353 3461 2531 3534 erigit.
2572 3458 2730 3516 Novit
2759 3471 2877 3513 eam
2922 3455 3014 3510 ille
3056 3453 3150 3524 qui
3188 3450 3360 3507 dixit:
3398 3448 3532 3501 Ecce

1916 3580 2030 3617 sum
2051 3605 2065 3629 ,
2110 3576 2203 3632 ego
2233 3557 2467 3630 peccavi,
2496 3564 2546 3610 et
2589 3569 2681 3624 ego
2707 3560 2889 3622 pastor
2932 3547 3068 3602 male
3097 3545 3226 3616 feci;
3255 3552 3305 3597 et
3346 3542 3434 3595 isti
3475 3542 3531 3593 in

1919 3659 2015 3713 hoc
2033 3672 2188 3729 grege
2206 3653 2332 3725 quid
2354 3647 2612 3722 fecerunt?
2634 3644 2761 3699 Fiat
2775 3658 2965 3697 manus
2994 3650 3083 3693 tua
3110 3639 3165 3692 in
3195 3652 3277 3691 me
3299 3632 3366 3707 (ll
3390 3631 3523 3701 Reg.

1920 3723 2070 3815 xxiv,
2105 3723 2170 3801 1‘7
2201 3723 2239 3817 )i.
2284 3745 2433 3799 Bene
2466 3742 2569 3795 hoc
2597 3737 2758 3803 dicit,
2798 3733 2891 3805 qui
2930 3744 3158 3802 regnum
3205 3740 3364 3782 suum
3410 3723 3527 3797 Deo

1918 3843 2184 3915 subjecit,
2219 3849 2276 3897 et
2317 3835 2693 3911 paenitentiam
2721 3830 2922 3903 gessit,
2951 3838 3006 3883 et
3035 3829 3320 3897 peccatum
3366 3832 3527 3874 suum

1919 3911 2204 3994 confessus
2230 3977 2244 4002 ,
2272 3933 2487 3988 veniam
2513 3924 2818 3998 postulavit
2848 3939 2862 3977 :
2893 3921 3011 3991 ipse
3042 3932 3137 3989 per
3160 3911 3530 3970 humilitatem

1923 4029 2175 4102 pervenit
2226 4026 2294 4081 ad
2336 4023 2590 4080 salutem.
2648 4014 2968 4073 llumiliavit
3018 4026 3077 4067 se
3128 4007 3415 4071 Christus,
3472 4013 3534 4060 ut

1922 4099 2115 4180 omnes
2145 4121 2387 4177 clevaret
2419 4134 2433 4171 :
2465 4116 2582 4186 ipse
2613 4111 2683 4168 ad
2710 4108 2913 4166 Christi
2957 4103 3207 4176 pervenit
3249 4099 3529 4172 requiem,

1922 4218 2015 4290 qui
2048 4214 2405 4272 humilitatem
2435 4206 2639 4267 Christi
2671 4203 2833 4262 fuerit
2862 4210 3107 4257 secutus.

1994 4309 2087 4367 28.
2118 4308 2187 4364 Et
2225 4306 2352 4363 ideo
2382 4304 2507 4377 quia
2538 4300 2804 4357 humilem
2840 4312 2901 4354 se
2931 4293 3162 4367 praebuit
3187 4287 3533 4347 Theodosius

1927 4406 2226 4475 imperator
2250 4442 2264 4467 ,
2295 4408 2352 4455 et
2380 4396 2470 4454 ubi
2497 4403 2777 4466 peccatum
2802 4389 3076 4462 obrepsit,
3100 4385 3315 4444 veniam
3345 4390 3534 4455 postu-

1928 4495 2094 4560 lavit,
2136 4506 2405 4550 conversa
2447 4498 2535 4545 est
2569 4487 2750 4543 anima
2779 4485 2899 4554 ejus
2950 4482 3003 4538 in
3062 4479 3306 4550 requiem
3350 4489 3534 4543 suam,

1929 4585 2258 4644 sicut-habet
2298 4582 2581 4652 Scriptura
2627 4593 2748 4650 qua:
2782 4574 2912 4632 dicit
2946 4591 2959 4627 :
3006 4572 3331 4635 Convertere,
3362 4565 3538 4620 anima

1934 4696 2081 4745 mea,
2125 4678 2179 4732 in
2228 4676 2458 4747 requiem
2501 4681 2675 4738 luant;
2705 4670 2828 4741 quia
2874 4666 3129 4721 Dominus
3177 4660 3421 4731 benefecit
3447 4657 3538 4711 tibi

1932 4771 2105 4844 (Psal.
2142 4785 2298 4836 cxrv,
2330 4767 2418 4839 7).
2472 4764 2709 4821 Pulchre
2738 4762 2872 4817 dicit
2900 4760 3098 4813 anima:
3129 4774 3143 4810 :
3193 4752 3504 4808 Convertere
3524 4791 3540 4815 ,

1932 4864 1958 4903 ιι
1972 4864 2127 4936 quasi
2147 4863 2407 4918 diuturno
2427 4858 2695 4929 cujusque
2711 4854 2895 4925 operis
2911 4850 3115 4908 sudore
3131 4845 3487 4913 exercituum
3508 4856 3543 4897 a

1931 4935 2122 5017 labore
2138 4963 2491 5014 convertatur
2512 4952 2579 5008 ad
2612 4949 2884 5022 requiem.
2907 4943 3261 5002 Convertitur
3280 4952 3455 5010 equus
3472 4935 3542 4991 ad

1938 5097 2062 5154 dem
2094 5095 2310 5151 induxit
2332 5136 2347 5158 ,
2378 5090 2659 5165 quodnon
2691 5084 2948 5165 videram
2983 5079 3298 5165 continuam
3345 5074 3543 5165 ιιεὲιωί

1936 5146 2062 5226 ἐξὲξ
2087 5146 2183 5224 abi
2195 5146 2488 5223 h—mb'rtisio
2518 5160 2636 5217 ﬁeri
2666 5155 3063 5228 expositionem
3084 5193 3102 5220 ,
3126 5159 3182 5206 et
3205 5164 3327 5205 eam
3349 5146 3543 5202 Theo-

1936 5240 2091 5297 dosio
2121 5233 2541 5295 accommodari.

2012 5320 2037 5349 ο
2059 5311 2261 5383 Regius
2276 5306 2419 5383 __cod.
2447 5316 2589 5360 unus
2604 5344 2620 5369 ,
2647 5299 2798 5368 Quod
2822 5314 2985 5383 supra
3006 5307 3298 5383 mensuram
3327 5303 3428 5357 est,
3450 5306 3546 5383 nq-

1938 5393 2038 5451 eet,
2055 5368 2171 5438 etc'.’
2191 5368 2714 5451 Reliqui‘verqmss.
2738 5368 2945 5451 et_edit.
2970 5368 3113 5425 inter
3133 5380 3194 5422 se
3213 5370 3555 5451 congruunt,

1938 5431 2180 5523 éi'c’e'ﬁn's
2191 5431 2518 5524 quibitsdam
2540 5431 2722 5502 Paris.
2741 5441 2875 5499 edit.
2900 5454 3024 5513 qua:
3046 5453 3148 5509 pro
3168 5431 3390 5492 sustines
3405 5431 3549 5487 male

1938 5522 2236 5597 posuerunt
2253 5565 2267 5590 ,
2297 5522 2527 5597 testing»

2022 5594 2040 5634 ί
2068 5594 2204 5660 Reg.
2227 5586 2380 5657 cod,
2414 5591 2542 5647 Sine
2568 5604 2664 5660 nos
2685 5586 3067 5660 intplere,_etc.

2019 5677 2043 5755 ξ
2072 5650 2239 5755 Philo.
2268 5664 2338 5721 de
2368 5650 2566 5720 'Mundi
2612 5650 2802 5729 Opiﬁ':
2831 5657 2966 5735 Παρὸ
3007 5658 3095 5711 καὶ
3120 5650 3453 5709 ἀποκλαίεται
3494 5650 3558 5705 τὸ

1945 5740 2422 5877 βέῗῗῗζδάῗιῗίδιτιι.
2473 5803 2761 5877 etAGemq
2794 5802 3043 5857 diuturno
3089 5792 3189 5852 usu
3229 5794 3561 5852 exercitia...

1951 5873 2281 5933 Convertitur
2303 5884 2461 5945 equus
2487 5875 2555 5927 ad
2580 5873 2813 5927 salutem;
