4022 6192
519 347 660 406 1595

1873 339 2121 405 SANCTI
2161 337 2488 401 AMBROSII

3704 336 3861 396 I598

512 461 786 518 stabulum
810 501 823 522 ,
854 460 943 513 ubi
968 473 1184 515 cursum
1215 459 1524 531 impleverit
1549 477 1562 513 :
1594 460 1748 516 navis
1775 457 2111 530 ad-portum,
2143 461 2194 524 Α
2219 471 2353 512 mam
2383 458 2444 511 ab
2470 457 2634 513 oculis
2663 471 2868 526 eorum,
2896 468 2940 512 et
2969 472 3106 510 mors
3128 471 3228 510 non
3251 457 3348 509 erit
3379 455 3612 524 amplius
3631 495 3647 520 ,
3679 467 3857 522 neque

513 554 602 608 ubi
632 554 699 607 ad
732 552 1020 608 statiottem
1054 551 1216 607 ﬁdam
1245 567 1272 606 ιι
1305 552 1565 608 ﬂuctuum
1600 552 1744 608 mole
1776 552 2118 609 subducitur.

513 644 619 702 Sed
644 645 767 715 quid
793 656 876 700 est
896 687 909 710 ,
935 644 1080 716 quod
1104 645 1182 700 ait
1206 662 1219 698 :
1246 643 1312 699 In
1336 647 1561 715 requiem
1585 656 1726 700 tuam
1747 685 1762 714 ,
1793 646 1897 700 nisi
1927 659 2123 701 secun-

509 737 638 793 dum
671 737 802 792 illttd
838 737 1105 808 intelligas
1128 779 1143 802 ,
1175 738 1320 809 quod
1363 740 1440 792 ait
1471 739 1734 794 Dominus
1763 739 1924 795 Jesus
1954 756 1967 792 :
2017 738 2120 793 Ve-

507 833 633 897 nite,
659 831 913 886 benedicti
931 830 1108 885 Patris
1129 833 1246 899 mei,
1279 833 1582 887 haereditate
1601 833 1858 904 possidete
1879 842 2121 903 paratum

505 926 652 979 vobis
675 941 890 996 regnum
917 942 947 979 a
980 926 1348 979 constitutione
1373 927 1550 980 mundi
1583 926 1801 997 (Matth.
1829 943 1932 981 xxv
1957 967 1972 994 ,
2002 927 2118 998 54).

510 1021 810 1091 Tamquam
841 1020 986 1075 enim
1028 1028 1054 1056 ι
1088 1021 1492 1088 possessionem
1534 1019 1937 1076 bmreditariam
1984 1021 2124 1076 reci-

507 1117 690 1186 pimus
733 1130 796 1171 ea
825 1157 839 1181 ,
872 1131 993 1184 qua:
1025 1115 1292 1185 promissa
1343 1125 1470 1169 sttnt
1521 1116 1714 1181 nobis;
1751 1115 1928 1170 ﬁdelis
1971 1117 2118 1170 enim

508 1210 686 1275 Deus,
717 1209 809 1278 qui
831 1207 998 1262 semel
1023 1207 1195 1262 servis
1220 1207 1335 1263 suis
1357 1217 1656 1278 praeparata
1691 1224 1797 1264 non
1827 1208 2116 1262 subtrahit.

507 1302 565 1356 Si
599 1301 732 1356 ﬁdes
766 1309 950 1354 nostra
983 1310 1232 1368 maneat,
1261 1299 1288 1338 δ
1320 1310 1502 1356 manet
1531 1310 1586 1356 et
1609 1301 1856 1371 sponsio.

577 1393 669 1450 29.
701 1392 862 1459 Vide",
889 1407 921 1448 ο
949 1392 1144 1459 Ιιοιιιο,
1171 1393 1317 1448 circa
1342 1401 1392 1448 te
1420 1394 1647 1464 gratiam
1677 1393 1878 1449 Christi
1907 1411 1918 1447 :
1943 1393 2122 1449 adhuc

507 1487 565 1542 in
617 1489 779 1543 terris
828 1487 1116 1558 quateris,
1147 1495 1203 1542 et
1248 1488 1304 1542 in
1350 1487 1492 1543 cmlo
1543 1489 1813 1558 possides.
1862 1487 1938 1542 lbi
1992 1503 2122 1556 ergo

513 1580 728 1653 1206
756 1580 825 1634 sit
846 1595 942 1634 cor
971 1589 1160 1648 tuum,
1195 1580 1285 1636 ubi
1313 1590 1399 1638 est
1425 1583 1703 1652 possessio
1736 1591 1847 1638 tua.
1883 1582 2008 1637 lltec
2037 1591 2122 1638 est

504 1675 724 1742 requies
755 1688 876 1743 quae
901 1673 1062 1742 justis
1107 1672 1362 1739 debetur,
1396 1685 1624 1744 negatur
1674 1675 1928 1744 indignis.
1963 1673 2122 1730 Unde

508 1764 584 1818 ait
619 1763 886 1819 Dominus
915 1782 926 1817 :
974 1763 1123 1820 Sicut
1144 1767 1329 1837 juravi
1356 1767 1408 1819 in
1448 1768 1528 1820 ira
1555 1784 1668 1820 mea
1691 1809 1704 1833 ,
1751 1769 1795 1821 si
1839 1768 2120 1822 introibant

2222 550 2422 616 luctus,
2451 565 2616 618 neque
2643 551 2840 604 clamor
2862 591 2876 615 ,
2913 565 3076 619 neque
3112 549 3264 603 dolor
3295 547 3480 620 (Apoc.
3509 562 3602 600 xu
3625 589 3639 608 ,
3669 545 3756 617 4).
3795 546 3854 602 Si

2221 659 2354 716 ergo
2383 659 2532 699 mors
2563 660 2668 698 non
2719 645 2854 711 crit,
2897 645 3108 713 lapsum
3157 642 3363 697 sentire
3406 653 3518 694 non
3550 640 3767 710 poterit
3798 641 3856 694 in

2223 740 2312 796 illa
2352 740 2541 810 requie
2569 740 2902 794 constitutus
2934 756 2946 792 :
2977 736 3073 794 sed
3107 737 3340 807 placebit
3364 736 3478 791 Deo
3520 737 3572 790 in
3612 734 3856 805 regione

2221 833 2494 888 vivorum.
2529 833 2644 887 Non
2688 834 2834 888 enim
2868 841 2926 887 ut
2958 831 3046 886 hic
3077 831 3242 885 homo
3268 829 3547 884 involutus
3575 836 3665 883 est
3695 843 3854 883 mor-

2221 929 2291 983 tis
2314 939 2545 998 corpore
2567 928 2806 982 obnoxio
2830 925 3071 995 lapsibus
3089 933 3250 996 atque
3265 921 3507 990 delictis;
3529 923 3603 978 ita
3623 931 3677 976 et
3705 920 3848 977 illic.

2223 1023 2457 1093 Ideoque
2485 1023 2636 1093 regio
2661 1023 2749 1076 illa
2771 1022 3020 1076 vivorqu
3046 1028 3151 1087 est,
3176 1019 3264 1074 ubi
3287 1018 3469 1073 anima
3493 1025 3597 1080 est,
3618 1031 3746 1086 qua:
3777 1014 3850 1071 ad

2224 1114 3014 1186 imaginemetsimilitudinem
3039 1113 3129 1167 Dei
3150 1110 3288 1166 facta
3306 1119 3412 1172 est,
3429 1124 3534 1162 non
3548 1123 3681 1163 caro
3705 1107 3852 1178 ﬁgu-

2224 1217 2339 1264 rata
2355 1208 2563 1264 delimo
2585 1205 2739 1279 (Gen.
2757 1223 2792 1272 ι,
2811 1206 2924 1276 27).
2950 1204 3074 1260 Ideo
3087 1219 3214 1259 caro
3230 1205 3280 1258 in
3298 1214 3499 1258 terram
3514 1199 3849 1266 revertitur,

2223 1302 2400 1355 anima
2417 1299 2480 1354 ad
2498 1302 2740 1370 requiem
2764 1299 2986 1354 festinat
3009 1293 3420 1367 supernam,eui
3441 1292 3643 1349 dicitur
3662 1309 3675 1346 :
3693 1290 3847 1347 Cou—

2223 1405 2433 1461 vertere,
2467 1394 2643 1447 aninta
2675 1408 2817 1458 mea,
2850 1392 2904 1445 in
2944 1389 3173 1458 requiem
3203 1398 3341 1443 tuam
3369 1385 3540 1456 (Psal.
3571 1399 3725 1450 cnv,
3758 1384 3843 1454 9).

2295 1487 2386 1542 5i.
2420 1486 2476 1540 In
2507 1501 2668 1557 quam
2719 1483 2998 1540 festinavit
3029 1484 3232 1538 intrare
3259 1479 3639 1544 'l‘beodoslus,
3673 1487 3848 1548 atque

2223 1580 2430 1651 ingredi
2453 1580 2730 1636 civitatem
2761 1577 3100 1634 Hierusalem
3122 1618 3136 1643 ,
3162 1576 3230 1631 de
3257 1590 3361 1647 qua
3385 1574 3590 1629 dictum
3615 1581 3704 1628 est
3735 1591 3748 1626 :
3776 1572 3848 1626 Et

2222 1692 2366 1746 reges
2387 1684 2532 1729 terrm
2562 1677 2728 1746 ferent
2767 1674 2989 1746 gloriam
3025 1687 3175 1726 suam
3206 1671 3259 1724 in
3285 1670 3430 1724 illam
3461 1669 3657 1740 (Apoc.
3700 1683 3801 1722 xxI
3831 1709 3847 1734 ,

2221 1767 2335 1840 Ἡ).
2378 1767 2470 1822 Illa
2507 1776 2592 1822 est
2620 1781 2746 1821 vera
2779 1766 2952 1837 gloria
2977 1807 2990 1832 ,
3024 1780 3146 1836 qua:
3177 1764 3248 1818 ibi
3288 1763 3553 1827 sumitur;
3588 1759 3722 1814 illud
3757 1776 3849 1815 re-

506 1859 561 1910 in
593 1858 817 1920 requiem
857 1873 1020 1910 meam
1048 1855 1224 1930 (Psal.
1265 1874 1408 1923 xcrv,
1438 1860 1546 1929 ll);
1571 1860 1659 1929 qui
1685 1859 1828 1915 cnim
1859 1875 1965 1914 non
1994 1876 2121 1930 cog-
2152 1861 2198 1923 B
2225 1878 2386 1934 gnum
2435 1862 2810 1918 beatissimum
2833 1903 2847 1926 ,
2889 1859 3035 1931 quod
3083 1857 3154 1913 ibi
3189 1855 3530 1928 possidetur,
3579 1854 3646 1909 ad
3696 1855 3845 1924 quod

509 1957 783 2003 noverunt
815 1950 930 2003 vias
964 1950 1211 2017 Domini,
1248 1968 1352 2004 nou
1386 1951 1768 2022 ingrediuntur
1793 1955 1844 2008 itt
1880 1955 2122 2024 requiem

509 2043 748 2098 Domini.
797 2043 901 2111 Qui
953 2053 1134 2099 autem
1187 2046 1387 2101 bonum
1434 2056 1713 2103 certamen
1761 2050 2022 2117 certavit,
2070 2059 2123 2106 et

511 2148 729 2188 cursum
763 2136 1165 2190 consummavit
1213 2137 1280 2208 (11
1333 2137 1464 2192 Tim.
1515 2155 1590 2206 tv,
1625 2139 1702 2210 7),
1737 2140 1837 2209 ipsi
1885 2140 2120 2195 dicitur:

514 2226 820 2281 Convertere
843 2228 898 2280 in
925 2229 1153 2298 requiem
1195 2239 1339 2285 tuam
1363 2230 1540 2303 (Psal.
1574 2249 1715 2299 cxtv,
1749 2233 1824 2304 7).
1854 2234 2000 2291 Bona
2035 2253 2123 2292 re-

510 2320 665 2389 quies
695 2321 975 2389 prtelerire
1004 2337 1125 2392 qua:
1167 2324 1349 2378 mundi
1390 2335 1548 2393 sunt,
1579 2337 1634 2382 et
1673 2327 1781 2382 illis
1810 2345 1930 2400 qure
1963 2345 2124 2402 supra

508 2412 776 2468 ‘mundum
804 2425 931 2470 sunt
953 2460 966 2483 ,
999 2416 1317 2472 caelestibus
1347 2421 1641 2475 consortiis
1671 2425 2012 2493 requiescere
2039 2441 2122 2480 se.

511 2516 808 2561 cretorum.
841 2507 968 2563 ll:ec
991 2518 1074 2563 est
1103 2511 1318 2580 requies
1341 2553 1354 2578 ,
1384 2513 1449 2567 ad
1483 2530 1643 2582 quam
1691 2516 1952 2587 propheta
1995 2534 2119 2588 pro-

513 2598 760 2666 peravit,
814 2599 1052 2655 dicens:
1102 2601 1229 2668 Quis
1274 2603 1416 2658 dabit
1457 2606 1584 2659 mihi
1631 2623 1823 2674 pennas
1865 2610 1997 2663 sicut
2040 2626 2127 2664 co-

515 2690 738 2757 lumbte,
765 2701 811 2745 et
841 2692 1022 2746 volabo
1059 2705 1105 2747 et
1157 2697 1472 2766 requiescam
1501 2697 1684 2762 (Psal.
1722 2716 1836 2765 LIV,
1867 2702 1940 2769 7).
1976 2701 2125 2758 lianc

517 2795 742 2838 sanctus
803 2787 1048 2857 requiem
1109 2803 1260 2843 suam
1320 2793 1516 2857 novit,
1570 2792 1636 2846 ad
1687 2795 1824 2848 hanc
1877 2795 2123 2865 requiem

522 2877 990 2934 cconvertendum
1013 2881 1210 2934 animm
1242 2898 1354 2935 suae
1385 2882 1539 2937 dicit.
1572 2884 1846 2956 Eratergo
1869 2887 2044 2941 anima
2072 2889 2122 2942 iu

518 2969 708 3038 requie
736 2985 854 3034 sua,
885 2971 949 3025 ad
980 2988 1140 3042 quam
1173 2973 1305 3027 dicit
1341 2989 1465 3029 esse
1498 2975 1856 3032 redeundum.
1893 2980 2017 3033 llaec
2041 2989 2128 3035 est

517 3063 735 3131 requies
767 3063 792 3101 ἀ
827 3065 1036 3118 sabbati
1071 3069 1284 3136 magni,
1319 3079 1374 3121 ut
1408 3073 1784 3140 unusquisque
1812 3083 2124 3129 sanctorum

518 3167 682 3224 supra
703 3157 888 3210 mundi
919 3158 1199 3211 seusibilia
1229 3159 1334 3224 sit,
1363 3160 1414 3213 in
1441 3161 1532 3214 illo
1555 3161 1881 3234 intelligibili
1911 3177 2126 3221 secreto

2222 1954 2518 2011 festinabat
2563 1952 2899 2024 Apostolus,
2947 1954 3181 2009 dicens:
3245 1949 3522 2006 Audemus
3573 1965 3737 2019 ergo,
3791 1958 3846 2004 et

2225 2049 2602 2104 consentimus
2627 2048 2795 2120 magis
2824 2046 3160 2118 peregrinari
3185 2045 3252 2100 dc
3274 2058 3504 2114 corpore
3525 2083 3540 2108 ,
3565 2052 3619 2097 et
3645 2041 3845 2096 adesse

2227 2142 2291 2197 ad
2323 2142 2612 2196 Dominum
2645 2141 2707 2214 (ll
2742 2140 2863 2196 Cor.
2894 2155 2958 2205 v,
3002 2137 3090 2210 6);
3119 2149 3172 2194 et
3205 2137 3329 2192 ideo
3360 2134 3696 2190 connitimur
3723 2135 3844 2188 sive

2224 2235 2510 2299 absentes,
2539 2234 2656 2289 sive
2698 2241 2992 2304 praesentes
3027 2231 3246 2301 placere
3276 2229 3351 2283 illi
3384 2226 3577 2301 (Ibid.,
3609 2226 3691 2299 9).

2295 2327 2385 2382 52.
2421 2326 2720 2381 Absolutus
2746 2325 2908 2396 igitur
2935 2322 3102 2378 dubio
3125 2323 3445 2384 certamine,
3473 2322 3672 2376 fruitur
3696 2336 3845 2375 nunc

2225 2430 2468 2492 augusta
2509 2419 2787 2474 memoria:
2817 2416 3162 2473 Theodosius
3205 2417 3326 2471 luce
3357 2422 3620 2485 perpetua
3647 2449 3662 2480 ,
3692 2423 3844 2468 tran-

2227 2513 2496 2584 quillitate
2524 2513 2806 2577 diuturna,
2837 2522 2891 2566 et
2922 2525 3019 2580 pro
3052 2509 3117 2563 iis
3145 2523 3268 2578 qua:
3295 2509 3346 2561 iu
3383 2507 3486 2561 hoc
3515 2505 3682 2578 gessit
3713 2521 3840 2560 cor-

2230 2624 2360 2679 pore
2426 2607 2882 2664 remunerationis
2935 2605 3131 2660 divinze
3179 2603 3444 2659 lructibus
3510 2603 3839 2673 gratulatur.

2228 2701 2373 2774 Ergo
2429 2703 2558 2774 quia
2608 2701 2799 2757 dilexit
2855 2707 3098 2770 augustae
3159 2698 3437 2752 mentorize
3496 2696 3842 2752 Theodosius

2229 2797 2514 2850 Dominum
2549 2795 2717 2850 Deum
2749 2809 2937 2860 suum,
2964 2792 3160 2847 meruit
3189 2799 3511 2845 sanctorum
3536 2790 3836 2845 consortii.

2295 2890 2386 2944 55.
2424 2890 2488 2944 Et
2516 2903 2650 2959 ego,
2691 2886 2709 2925 τ
2743 2896 2800 2942 ιιι
2829 2886 3062 2959 quadam
3097 2900 3409 2940 sermonem
3447 2900 3627 2939 meum
3678 2901 3835 2955 pero-

2227 2984 2440 3039 ratione
2497 2983 2820 3038 concludam
2860 3025 2873 3048 ,
2934 2981 3097 3037 dilexi
3155 2983 3326 3034 virum
3386 2983 3833 3047 misericordem,

2234 3075 2442 3146 1207
2479 3075 2736 3130 humilem
2768 3075 2818 3128 in
2852 3074 3116 3143 imperio,
3148 3072 3312 3127 corde
3337 3089 3504 3141 puro,
3539 3090 3584 3126 et
3622 3082 3841 3142 pertore

2229 3179 2519 3224 mansueto
2544 3168 2853 3238 prmdilttnt,
2881 3167 3095 3238 qualem
3127 3167 3388 3220 Dominus
3411 3183 3596 3221 amare
3613 3182 3843 3222 consue-

518 3254 664 3301 totus
698 3249 958 3313 intentus,
983 3261 1148 3320 atque
1172 3250 1460 3307 adhaerens
1488 3254 1620 3308 Deo.
1648 3255 1775 3310 Haec
1803 3267 1888 3311 cst
1911 3260 2126 3329 requies
2153 3251 2199 3314 C
2232 3263 2342 3330 vit,
2373 3263 2563 3318 dicens
2598 3281 2610 3316 :
2647 3263 2820 3333 Supra
2849 3279 2994 3329 quem
3029 3261 3345 3329 requiescam
3366 3303 3379 3324 ,
3416 3261 3517 3314 nisi
3550 3275 3712 3332 supra
3741 3260 3838 3314 Itu-

520 3339 610 3392 illa
645 3340 853 3394 sabbati
881 3383 896 3408 ,
931 3357 1038 3410 quo
1083 3344 1352 3412 requievit
1405 3346 1544 3400 Deus
1574 3348 1642 3402 ab
1668 3350 1920 3407 omnibus
1944 3354 2124 3421 Operi-

519 3432 620 3486 bus
655 3435 841 3488 mundi
870 3437 1026 3490 istius
1058 3436 1210 3506 (Gen.
1244 3455 1318 3504 ιι,
1343 3440 1425 3510 2).

593 3529 680 3584 30.
713 3528 964 3583 Feriatus
997 3530 1080 3586 bis
1105 3534 1286 3588 surculi
1321 3537 1469 3589 curis
1495 3535 1840 3593 Theodosius
1879 3556 1938 3595 se
1969 3557 2124 3614 erep-

523 3631 636 3675 tum
668 3623 906 3692 gaudet,
957 3629 979 3652 "
1026 3635 1082 3680 et
1131 3626 1310 3683 elevat
1357 3630 1590 3685 animam
1636 3649 1825 3700 suam,
1869 3645 2029 3706 atque
2068 3637 2134 3692 ad

523 3717 669 3771 illam
713 3728 1031 3788 perpetuam
1061 3720 1248 3790 dirigit
1291 3722 1567 3791 requiem,
1604 3726 1830 3795 pulchre
1874 3729 1973 3783 sibi
2006 3745 2137 3785 con-

522 3809 726 3863 sultmn
758 3826 1014 3867 asserens
1039 3855 1054 3878 ,
1089 3814 1233 3884 quod
1275 3816 1542 3886 eripuerit
1572 3820 1810 3874 animam
1843 3821 1962 3892 ejus
1993 3823 2138 3880 Deus

521 3901 590 3954 de
633 3913 843 3965 morte.
889 3921 1050 3976 quam
1085 3917 1318 3964 mortem
1362 3909 1680 3982 frequenter
1707 3914 1759 3968 in
1801 3915 1905 3971 hoc
1949 3916 2134 3972 szcculi

520 3994 682 4050 istius
714 3996 922 4052 lubrico
949 3999 1255 4055 sustinebat
1277 4041 1291 4066 ,
1338 4002 1616 4073 inquietus
1645 4004 1898 4062 ﬂuctibus
1937 4023 2130 4078 pecea-

525 4097 704 4142 torum
732 4107 744 4142 :
776 4089 1041 4159 eripuerit
1065 4094 1228 4148 etiam
1260 4095 1454 4150 oculos
1475 4096 1597 4167 ejus
1622 4113 1650 4152 a
1683 4098 1939 4171 Iacrymis
1959 4101 2131 4170 (Psat.

526 4196 670 4248 cxw,
699 4180 775 4250 8);
798 4180 966 4252 fugiet
984 4187 1130 4240 enim
1155 4187 1316 4242 dolor
1333 4197 1389 4244 et
1419 4190 1637 4244 tristitia
1655 4201 1707 4246 et
1729 4194 1963 4261 gemitus
1981 4195 2132 4265 (Esa.

2236 3357 2408 3411 mitem
2428 3399 2442 3424 ,
2472 3367 2516 3410 et
2543 3366 2862 3410 mansuetum
2895 3355 3064 3427 (Esai.
3099 3367 3248 3416 ιλιι,
3282 3355 3376 3425 2)?

2309 3455 2399 3507 54.
2445 3452 2617 3507 Dilexi
2665 3453 2876 3515 virum,
2914 3451 3004 3521 qui
3052 3451 3222 3518 magis
3271 3457 3622 3518 arguentem,
3676 3463 3837 3518 quam

2238 3546 2547 3600 adulantem
2599 3544 2867 3612 probaret.
2905 3553 2928 3588 ε
2973 3541 3179 3596 Stravit
3228 3540 3410 3612 omnef,
3441 3553 3548 3610 quo
3582 3543 3842 3597 utebatur

2240 3639 2452 3710 insigne
2480 3639 2683 3707 regium
2705 3680 2718 3701 ,
2750 3636 2967 3691 deﬂevit
3013 3636 3064 3688 ιιι
3103 3635 3336 3690 Ecclesia
3370 3633 3584 3703 publice
3632 3648 3834 3704 pecca-

2241 3743 2351 3787 tum
2403 3747 2595 3794 suum,
2656 3730 2797 3802 qttod
2853 3730 2899 3783 ei
2951 3728 3178 3781 aliorum
3231 3727 3415 3781 fraude
3470 3725 3834 3796 obrepSerat:

2238 3825 2442 3896 gemitu
2471 3833 2526 3879 et
2552 3821 2806 3894 lacrymis
2829 3821 3007 3876 oravit
3031 3820 3264 3875 veniam.
3307 3817 3460 3885 Quod
3493 3819 3686 3887 privati
3711 3833 3837 3873 eru-

2238 3918 2466 3974 bescunt
2493 3959 2507 3983 ,
2553 3931 2658 3970 non
2686 3914 2902 3970 erubuit
2935 3915 3253 3983 imperator,
3292 3912 3503 3982 publice
3533 3926 3696 3982 agere
3724 3926 3837 3982 pte-

2240 4010 2560 4066 nitentiam:
2621 4023 2795 4078 neque
2844 4007 2984 4061 ullus
3033 4017 3219 4076 postea
3265 4004 3382 4060 dies
3415 4003 3546 4069 fuit,
3576 4020 3682 4076 quo
3730 4019 3833 4060 non

2241 4103 2390 4157 illmn
2406 4100 2617 4156 doleret
2637 4115 2906 4155 errorem.
2923 4097 3088 4165 Quid,
3105 4097 3245 4166 quod
3272 4096 3590 4169 praeclaram
3610 4097 3832 4166 adeptus

2242 4194 2562 4258 victoriam;
2597 4202 2777 4246 tamen
2809 4192 2931 4261 quia
2961 4190 3145 4246 hostes
3176 4191 3228 4244 in
3257 4191 3373 4245 acie
3405 4190 3660 4260 prostrati
3689 4199 3830 4252 sunt,

526 4287 707 4341 xxxv,
743 4274 862 4347 l0).
906 4277 970 4332 Et
996 4278 1124 4334 alibi
1154 4277 1422 4336 habemus
1453 4299 1464 4333 :
1499 4279 1704 4338 Delebit
1733 4300 1935 4340 omnem
1963 4287 2139 4359 lacry-
2167 4267 2220 4326 Ῑ)
2247 4288 2270 4323 ιι
2296 4287 2556 4342 abstinuit
2581 4301 2609 4340 a
2637 4286 2917 4341 consortio
2956 4294 3423 4340 sacramentorum
3445 4327 3458 4349 ,
3503 4284 3678 4338 donec
3732 4282 3832 4337 Do-

597 4423 631 4491 s
657 4413 821 4491 Iidem
853 4415 976 4470 cod.
1010 4425 1065 4470 et
1092 4416 1182 4491 alii
1209 4418 1458 4472 nonnulli
1480 4460 1492 4479 .
1519 4422 1772 4488 possessio
1800 4430 1874 4476 est
1898 4465 1911 4486 ,
1943 4422 2006 4476 de
2032 4439 2134 4491 qua

524 4487 804 4553 recipimus
832 4501 944 4555 quae
967 4488 1220 4555 promissa
1248 4497 1368 4541 sunt
1399 4487 1545 4542 nobis
1568 4531 1582 4553 ,
1607 4499 1714 4545 etc.

597 4557 624 4594 δ
649 4557 780 4631 Reg.
812 4557 983 4612 codex
1013 4572 1176 4631 unus,
1229 4570 1399 4614 ntanet
1444 4561 1718 4631 possessio.
1754 4561 1860 4618 Sed
1907 4565 2132 4620 omnino

529 4627 818 4700 legendum
837 4669 864 4700 ,ί
880 4630 1111 4699 sponsio.

602 4711 624 4770 ι
658 4699 783 4770 Mss.
816 4699 1059 4770 aliquot,
1094 4702 1487 4757 convertendam
1518 4703 1742 4758 animam
1773 4721 1917 4760 suam
1947 4708 2091 4762 dicit.

597 4769 948 4845 d_Sabbatum
973 4788 1224 4843 magnum
1255 4774 1384 4845 quid
1411 4783 1720 4842 vocaretur,
1756 4791 1782 4831 a
1813 4779 1970 4834 nobis
2000 4781 2127 4836 alibi

527 4843 858 4912 explicatum
887 4853 989 4898 est.

532 4988 550 5041 Ι
604 4925 627 4952 ο
660 4914 775 4969 Non
812 4915 962 4985 pauci
1011 4931 1168 4984 mss.,
1201 4927 1248 4973 et
1293 4918 1494 4973 elevans
1533 4919 1761 4974 animam
1787 4935 1935 4975 suam
1971 4923 2041 4976 ad
2067 4923 2130 4976 il-

553 5003 659 5041 am.
689 4995 796 5040 etc.

553 5003 659 5050 aut,
689 4995 796 5040 CIC.

605 5058 623 5096 ί
656 5057 776 5112 Vet.
801 5057 936 5133 edit.
958 5067 1014 5133 et
1034 5058 1277 5131 plerique
1299 5077 1456 5130 mss.,
1489 5070 1545 5115 ut
1565 5062 1867 5129 quidem...
1895 5081 1984 5133 per
2013 5081 2131 5118 ora-

526 5131 750 5196 tionem;
789 5130 919 5204 edit.
957 5129 1112 5204 Rom.
1143 5129 1314 5187 etalii
1347 5129 1593 5188 nonnulli
1625 5149 1785 5200 mss.,
1817 5144 1870 5188 ut
1895 5129 2129 5204 ’quidem

531 5204 688 5274 (lleg.
714 5202 862 5274 cotl.,
895 5203 1233 5271 quadam)....
1283 5207 1630 5272 peroratione.
1683 5205 1898 5274 Optima
1935 5202 2128 5272 lectio;

427 5333 430 5338 _
523 5272 670 5326 idem
711 5273 854 5327 enim
879 5283 964 5327 est
992 5282 1152 5342 atque
1179 5277 1224 5329 si
1255 5275 1432 5340 dicat,
1468 5286 1527 5330 ut
1555 5275 1697 5331 hunc
1725 5272 1996 5332 sermonis
2023 5280 2128 5333 mei

527 5343 708 5398 locum
723 5344 1039 5419 coacl‘udam
1063 5348 1320 5400 virtutum
1344 5347 1634 5419 Theodosii
1655 5349 1998 5419 recapitulati
2037 5366 2127 5414 ne,

528 5413 983 5484 quemadmodum
1015 5419 1067 5470 in
1099 5419 1450 5486 peroratione
1481 5418 1594 5473 ﬁcri
1623 5420 1784 5474 solet.

603 5496 628 5533 ε
657 5487 979 5559 Scriptores
1011 5504 1208 5559 omnes
1233 5531 1246 5552 ,
1275 5492 1364 5559 qui
1395 5490 1736 5558 splendidam
1770 5491 1919 5546 illam
1949 5491 2129 5547 Theo-

529 5555 670 5611 dosii
704 5558 771 5630 in
803 5557 1081 5630 subeunda
1128 5555 1344 5628 publica
1395 5555 1712 5630 poenitentia
1763 5563 2125 5616 humilitatem

533 5644 640 5680 non
671 5629 788 5681 sine
831 5629 1192 5684 meritissimis
1247 5629 1496 5688 laudibus
1539 5635 1839 5699 posteritati
1874 5634 2129 5687 transmi-

533 5709 654 5778 sere
677 5739 689 5758 ,
719 5714 839 5750 eum
870 5701 948 5778 eis
969 5703 1215 5778 _qua:_bic
1240 5705 1589 5778 dit-untuoab
1616 5705 1938 5778 Ambrosio,
1965 5704 2125 5778 plane

535 5767 1017 5844 cottgr‘uunt._yide
1036 5810 1050 5831 ,
1081 5773 1126 5824 si
1152 5783 1339 5840 vacat,
1365 5774 1646 5829 Paulinum
1675 5776 1729 5830 in
1751 5775 1921 5830 sancti
1945 5767 2126 5829 Antis-

541 5833 827 5894 titisVita;
863 5835 1133 5905 Ruﬁnum,
1187 5844 1280 5896 lib.
1328 5833 1386 5898 it.
1425 5846 1557 5900 llist.
1589 5861 1709 5916 cap.
1745 5847 1844 5908 18;
1873 5845 2126 5916 Augusti-

2246 4440 2396 4488 num,
2455 4423 2547 4476 lib.
2603 4439 2634 4477 v
2681 4422 2750 4476 de
2797 4422 2956 4476 Civit.
2985 4420 3102 4485 Dei,
3135 4436 3256 4490 cap.
3304 4420 3401 4485 9.6;
3447 4421 3826 4484 Sozomcnum,

2244 4495 2338 4549 lib.
2385 4511 2458 4548 vn
2499 4495 2636 4550 llist.
2668 4509 2787 4563 cap.
2828 4492 2925 4558 25;
2956 4491 3495 4555 Tlteodoretum,lib.
3533 4507 3563 4544 v
3589 4508 3710 4558 cap.
3743 4493 3826 4557 l8,

2242 4578 2296 4620 et
2324 4567 2495 4629 alios,
2529 4567 2852 4635 quibuscum
2899 4565 3062 4620 etiam
3104 4564 3371 4618 Ambrosii
3417 4565 3585 4616 nostri
3634 4564 3833 4632 episto-

2243 4638 2346 4691 lam
2373 4638 2462 4700 51,
2483 4635 2874 4707 jungerelicet,
2907 4645 2963 4689 ιιι
2984 4650 3086 4705 qua
3119 4636 3326 4689 ratione
3357 4637 3734 4707 imperatorem
3764 4635 3828 4688 ad

2244 4705 2611 4778 pmnitendum
2640 4718 2860 4764 sanctus
2889 4707 3087 4761 l’rccsul
3113 4705 3517 4778 prec-paraverit,
3546 4706 3827 4775 intelligas.

2313 4779 2338 4817 ιι
2368 4775 2492 4834 limo
2521 4779 2814 4834 Theodosii
2843 4785 2961 4847 post
2985 4775 3286 4847 Eugenium
3317 4777 3585 4832 devictum
3607 4793 3633 4828 a
3655 4791 3832 4833 sacro-

2240 4868 2356 4906 rum
2401 4850 2785 4905 cnmmunioue
2831 4849 3155 4904 abstinentia
3185 4847 3252 4903 ad
3299 4849 3467 4902 solam
3509 4848 3680 4915 ipsius
3708 4863 3828 4918 erga

2238 4924 2422 4978 divina
2454 4922 2715 4994 mysteria
2737 4921 3176 4994 venerationem,
3198 4929 3289 4974 aut
3314 4919 3539 4994 lorte_ad
3565 4920 3829 4994 Ambrosii

2237 5010 2454 5064 quoque
2500 4990 2937 5048 exhortationem
2966 4990 3178 5064 referri
3222 4999 3416 5060 potest.
3451 4991 3662 5045 Etenim
3689 5005 3831 5064 quo-

2239 5061 2382 5121 niam
2414 5066 2714 5118 occiderein
2744 5065 2878 5134 bello
2908 5063 3237 5134 adversarios
3272 5073 3344 5116 est
3367 5064 3568 5134 justum
3591 5072 3640 5116 et
3681 5061 3829 5116 laude

2239 5139 2485 5208 dignum,
2521 5148 2575 5189 ut
2618 5135 2768 5208 epist.
2812 5133 2879 5208 ad
2911 5134 3150 5208 Antinou.
3183 5131 3429 5208 Monach.
3479 5134 3642 5188 tradit
3668 5134 3829 5208 Atha-

2241 5202 2455 5273 nasius;
2495 5223 2586 5261 nec
2628 5202 2790 5260 ctedes
2837 5205 2890 5276 iu
2934 5205 3079 5260 bellis
3125 5209 3288 5276 facins
3325 5202 3504 5258 Patres
3551 5221 3643 5270 pro
3681 5203 3828 5276 credi-

2239 5279 2330 5334 bus
2372 5291 2702 5350 reputavere,
2735 5285 2792 5350 ut
2821 5275 2991 5350 docet?
3014 5276 3259 5350 Basilius
3289 5278 3462 5350 ιῚιίει.Δ
3496 5276 3561 5350 ad
3598 5275 3824 5350 Amphil.

2237 5367 2361 5405 can.
2397 5346 2483 5415 l5,
2517 5349 2838 5412 relinquitur
2861 5359 2916 5401 ut
2943 5347 3030 5402 Itic
3052 5347 3214 5400 etiam
3248 5347 3423 5400 locum
3451 5346 3665 5406 habeat.
3691 5347 3825 5414 quod

2238 5421 2564 5477 Ambrosius
2599 5421 2759 5486 cpiSl.
2794 5419 2900 5482 25,
2935 5419 3002 5472 de
3027 5434 3312 5472 Cﬂllrlll‘lllll
3356 5420 3665 5482 capitalium
3693 5417 3826 5484 judi-

2237 5495 2424 5558 cibus,
2459 5491 2680 5546 scribit:
2719 5489 3016 5543 .llaluerunt
3045 5488 3231 5544 Patres
3259 5490 3451 5553 nostri,
3481 5499 3532 5542 at
3571 5491 3622 5541 in
3652 5491 3826 5542 uoluu-

2237 5574 2339 5619 late
2379 5565 2541 5635 magis
2593 5561 3123 5635 abstinentis,_quam
3165 5562 3217 5635 in
3255 5564 3556 5614 necessitate
3583 5563 3647 5613 sit
3690 5560 3824 5635 legis.

2236 5635 2369 5690 Nam
2402 5631 2543 5703 quod
2574 5633 2733 5687 citata
2767 5633 2950 5686 Basilii
2983 5631 3208 5699 epistola
3228 5671 3244 5696 ,
3269 5641 3320 5683 ut
3342 5637 3431 5700 qui
3455 5642 3572 5684 sunt
3602 5631 3826 5703 manibus

2236 5724 2335 5760 non
2385 5702 2528 5775 puris
2553 5747 2568 5769 ,
2598 5705 2711 5758 sola
2748 5705 2919 5775 trium
2972 5717 3231 5775 enatorum
3277 5705 3635 5775 communione
3674 5702 3824 5755 absti-

2234 5772 2428 5845 neant,
2482 5776 2709 5837 suadet;
2746 5774 2887 5829 hunc.
2917 5772 3137 5842 quidem
3184 5788 3339 5826 usum
3383 5774 3434 5826 itt
3480 5773 3721 5828 Ecclesia
3750 5788 3826 5828 re-

2235 5860 2452 5918 ceptum
2486 5863 2592 5904 nou
2621 5845 2791 5901 fuisse
2823 5845 3107 5900 Balsatnon
3140 5853 3328 5900 auctor
3363 5852 3466 5898 est.
