4022 6192
290 5884 331 5911 δι.

462 279 486 336 1
497 276 605 335 399

1820 274 2070 332 SANCTI
2104 274 2427 333 AMBROSII

3633 273 3774 332 {£00

456 394 712 455 saeculari
751 395 822 453 ad
849 401 1029 452 lumen
1056 403 1355 462 aeternum,
1412 402 1468 451 et
1522 406 1631 450 non
1682 400 1801 450 erat
1831 391 2057 465 impius,
2089 393 2445 470 AChristum
2501 392 2854 451 lucrifaceret
2902 391 3142 466 (Philip.
3193 407 3274 461 in,
3323 390 3410 462 8).
3446 390 3577 449 Ideo
3625 390 3775 448 illam

461 490 557 561 qui
582 502 706 547 esse
736 487 933 545 desivit
956 488 1198 561 iniquus.

534 579 629 638 40.
668 579 823 638 Nunc
860 596 924 639 se
962 590 1212 654 augustae
1259 581 1542 638 memoria:
1571 580 1910 638 Theodosius
1938 596 2060 650 reg-

465 689 599 732 nare
625 677 939 747 cognoscit,
957 675 1181 749 quando
1204 676 1259 732 in
1282 690 1450 748 regno
1476 674 1696 731 Domini
1714 673 1844 731 Jesu
1863 670 2065 729 Christi

462 779 585 837 est,
612 778 670 826 et
689 769 1006 829 considerat
1037 770 1300 841 templum
1330 768 1473 842 ejus.
1505 768 1661 825 Nunc
1688 769 1794 825 sibi
1822 782 1918 824 rex
1943 775 2029 823 est
2050 807 2066 833 ,

462 862 681 937 quando
721 865 919 931 recipit
956 866 1120 921 etiam
1154 866 1182 895 ⁸
1225 865 1401 922 filium
1447 864 1769 922 Gratianum
1792 907 1807 931 ,
1841 872 1897 921 et
1941 862 2071 919 Pul-

464 957 748 1028 eheriam,
773 959 1092 1017 dulcissima
1134 960 1239 1016 sibi
1286 960 1515 1031 pignora
1539 1001 1555 1027 ,
1585 975 1705 1030 quae
1733 958 1823 1013 hic
1868 958 2070 1014 amise-

464 1061 584 1120 rat,
617 1052 840 1124 quando
868 1052 921 1109 ei
950 1068 1046 1109 sua
1079 1051 1343 1108 Flaccilla
1383 1051 1659 1119 adhaeret,
1689 1049 1863 1106 fidelis
1890 1049 2069 1105 anima

466 1146 610 1214 Deo;
638 1145 859 1217 quando
880 1154 1093 1218 patrem
1115 1145 1220 1201 sibi
1242 1145 1518 1201 redditum
1547 1144 1876 1217 gratulatur,
1901 1158 2073 1214 quan-

462 1238 535 1293 do
587 1238 1009 1295 Constantiuob
1041 1238 1309 1296 adhaeret.
1390 1239 1492 1294 Cui
1544 1238 1675 1294 licet
1726 1236 2073 1308 baptismatis

465 1330 641 1402 gratia
665 1330 719 1387 in
751 1331 959 1388 ultimis
984 1332 1290 1388 constituto
1318 1331 1501 1387 omnia
1528 1337 1748 1401 peccata
1779 1326 2069 1393 dimiserit,

468 1436 649 1481 tamen
680 1425 829 1497 quod
874 1424 1086 1497 primus
1123 1425 1521 1497 imperatorum
1554 1421 1824 1491 credidit,
1868 1430 1923 1478 et
1954 1430 2080 1492 post

467 1535 529 1576 se
559 1520 937 1577 hazreditatem
971 1520 1099 1578 fidei
1146 1520 1488 1593 principibus
1532 1518 1865 1589 dereliquit,
1896 1517 2077 1587 magni

468 1613 651 1668 meriti
678 1613 864 1674 locum
902 1613 1127 1684 reperit.
1161 1613 1329 1684 Cujus
1360 1612 1703 1683 temporibus
1744 1609 2078 1681 completum

473 1715 562 1762 est
604 1706 734 1762 illud
767 1706 1149 1779 propheticum
1178 1725 1190 1761 :
1221 1706 1289 1761 In
1329 1707 1425 1761 illo
1470 1705 1556 1760 die
1604 1706 1731 1772 erit,
1760 1703 1899 1772 quod
1927 1719 2081 1775 super

2163 485 2417 544 Christus
2443 485 2513 543 de
2558 494 2804 543 stercore
2842 485 3047 543 levavit
3075 485 3143 542 ad
3178 500 3441 557 regnum,
3468 484 3776 542 secundum

2164 581 2311 656 quod
2338 581 2603 653 scriptum
2631 589 2750 638 est:
2786 580 2923 648 Quia
2956 580 3174 636 suscitat
3196 579 3262 634 de
3283 588 3422 634 terra
3446 579 3694 650 inopem,
3727 589 3780 635 et

2166 678 2231 731 de
2267 686 2494 732 stercore
2520 675 2674 747 erigit
2696 690 2981 746 pauperem
3008 672 3205 747 (Psal.
3230 688 3362 741 cxn,
3395 671 3485 744 7).

2238 770 2335 826 45.
2370 769 2532 826 Venit
2550 783 2684 840 ergo
2706 768 2935 836 Helena,
2956 767 3123 838 etrapit
3150 767 3393 824 revisere
3415 766 3535 823 loca
3560 776 3777 831 sancta.

2169 862 2371 920 infudit
2400 863 2448 919 ei
2480 862 2714 934 Spiritus
2742 870 2802 916 ut
2836 860 3044 933 lignum
3085 859 3267 916 crucis
3297 859 3642 931 requireret,
3682 875 3783 916 ac-

2170 957 2340 1014 cessit
2379 955 2448 1011 ad
2494 955 2763 1027 Golgotha
2785 996 2799 1021 ,
2832 965 2887 1010 et
2913 954 3019 1008 ait:
3049 951 3195 1009 Ecce
3236 953 3393 1009 locus
3423 968 3645 1024 pugna),
3682 953 3780 1007 ubi

2171 1059 2255 1106 est
2283 1046 2556 1104 vietoria?
2582 1049 2781 1115 Quaero
2813 1047 3075 1102 vexillum
3116 1046 3312 1102 salutis
3334 1088 3348 1112 ,
3391 1056 3449 1103 et
3477 1062 3585 1102 non
3628 1048 3785 1103 inve-

2174 1144 2286 1199 nio.
2320 1142 2471 1214 Ego,
2506 1141 2716 1213 inquit,
2748 1141 2802 1198 in
2827 1141 3043 1212 regnis,
3073 1148 3130 1196 et
3157 1154 3295 1196 crux
3330 1138 3546 1196 homini
3576 1140 3632 1195 in
3658 1140 3786 1212 pul-

2173 1237 2343 1296 vere?
2388 1237 2407 1275 ί
2455 1253 2557 1310 ego
2599 1238 2653 1294 in
2697 1237 2906 1303 aureis,
2939 1247 2994 1293 et
3030 1236 3084 1291 iu
3116 1235 3293 1292 ruinis
3337 1234 3544 1291 Christi
3587 1235 3788 1291 trium—

2176 1329 2352 1403 phus?
2382 1329 2477 1386 ille
2506 1329 2684 1385 adhuc
2716 1329 2883 1397 latet,
2915 1338 2970 1384 et
3002 1328 3134 1385 latet
3163 1327 3341 1398 palma
3366 1325 3496 1382 vita:
3524 1328 3789 1383 aeterna-il

2177 1422 2467 1491 Quomodo
2491 1437 2580 1479 me
2605 1421 2942 1493 redemptam
2965 1421 3226 1490 arbitror,
3253 1420 3298 1475 si
3327 1418 3641 1492 redemptio
3670 1419 3790 1491 ipsa

2181 1532 2294 1575 non
2319 1518 2598 1574 cernitur?

2252 1613 2344 1669 44.
2378 1612 2552 1669 Video
2594 1610 2723 1683 quid
2762 1610 2980 1682 egeris,
3018 1610 3276 1678 diabele,
3318 1618 3377 1666 ttt
3419 1607 3638 1681 gladius
3677 1623 3790 1680 quo

2185 1715 2502 1778 peremptus
2532 1720 2593 1762 es
2613 1747 2629 1774 ,
2662 1704 3061 1760 obSIrueretur.
3096 1714 3121 1752 ες
3154 1702 3261 1761 Sed
3286 1702 3439 1758 Isaae
3470 1702 3793 1759 obstructos

473 1802 685 1871 frenum
736 1799 879 1871 equi,
929 1808 1165 1854 sanctum
1215 1798 1439 1853 Domino
1488 1797 1831 1868 omnipotenti
1879 1795 2076 1869 (Zaeh.

2207 1804 2256 1860 Ib
2282 1801 2607 1874 alienigenis
2636 1812 2837 1872 puteos
2877 1800 3190 1856 eruderavit
3211 1842 3226 1867 ,
3260 1814 3361 1855 nec
3390 1798 3565 1854 latere
3592 1812 3793 1869 aquam

476 1907 592 1962 xrv,
640 1890 764 1964 20).
797 1891 955 1960 Quod
984 1892 1078 1947 illa
1120 1899 1326 1948 sancta:
1356 1891 1641 1948 memoriae
1668 1889 1872 1946 Helena
1911 1898 2084 1946 mater

476 1985 595 2057 ejus
616 1983 801 2042 infuso
831 1985 937 2041 sibi
965 1985 1063 2042 Dei
1094 1986 1301 2056 Spiritu
1333 1985 1627 2042 rcvelavit.

544 2076 639 2133 41.
684 2078 886 2134 Beatus
912 2075 1306 2135 Constantinus
1332 2078 1425 2133 tali
1454 2086 1686 2149 parente
1707 2120 1721 2146 ,
1749 2095 1871 2151 quae
1915 2082 2086 2152 impe-

478 2170 624 2227 ranti
671 2169 787 2227 lilio
817 2170 985 2226 divini
1024 2170 1271 2228 muneris
1301 2181 1324 2210 ο
1351 2172 1612 2243 quaesivit
1643 2174 1944 2243 auxilium,
1982 2189 2091 2246 quo

481 2265 628 2321 inter
664 2264 852 2336 praelia
899 2280 1119 2337 quoque
1162 2275 1310 2322 tutus
1340 2266 1662 2334 assisteret,
1696 2277 1753 2324 et
1782 2268 2088 2339 periculum

485 2376 594 2416 non
616 2360 855 2418 timeret.
890 2359 1085 2430 Magna
1116 2360 1317 2417 femina
1338 2402 1354 2429 ,
1386 2376 1509 2433 qua:
1538 2362 1713 2418 multo
1741 2362 1979 2433 amplius
2004 2363 2091 2418 in~

483 2455 637 2512 venit
688 2454 836 2527 quod
890 2455 1210 2526 imperatori
1254 2455 1563 2522 conferret,
1618 2472 1779 2528 quam
1828 2458 1974 2529 quod
2024 2458 2095 2513 ab

488 2548 822 2619 imperatore
870 2548 1170 2620 acciperet.
1233 2548 1408 2604 Anxia
1462 2556 1637 2605 mater
1696 2564 1796 2619 pro
1835 2548 1979 2617 lilio,
2010 2551 2096 2605 cui

490 2654 721 2710 regnum
759 2638 908 2696 orbis
938 2639 1172 2696 Romani
1200 2649 1475 2707 cesserat,
1523 2639 1807 2697 festinavit
1838 2640 2096 2698 Hieroso-

491 2732 695 2806 lymam
720 2774 736 2801 ,
762 2741 818 2789 et
841 2741 1081 2789 scrutata
1110 2740 1196 2790 est
1225 2734 1404 2790 locum
1429 2733 1726 2790 Dominiere
1750 2735 2044 2805 passionis.

561 2827 653 2883 42.
688 2826 717 2864 ἀ
746 2827 1114 2885 Stabulariam
1146 2828 1289 2885 hanc
1317 2829 1495 2901 primo
1519 2830 1689 2886 fuisse
1712 2837 1998 2894 asserunt,
2020 2828 2100 2885 sic

492 2922 767 2995 cognitam
817 2919 1142 2978 Constantio
1184 2923 1432 2989 seniori,
1482 2923 1574 2993 qui
1632 2932 1824 2994 postea
1870 2935 2099 2995 regnum

492 3018 724 3089 adeptus
771 3026 879 3075 est.
911 3017 1059 3073 Bona
1107 3017 1446 3084 stabularia,
1496 3033 1617 3089 quae
1663 3026 1771 3073 tam
1812 3018 2105 3089 diligenter

2185 1912 2385 1968 passus
2412 1904 2498 1952 est
2531 1893 2696 1966 (Gen.
2729 1910 2887 1962 xxvr,
2919 1892 3051 1965 18).
3086 1892 3337 1949 Tollatur
3382 1890 3551 1963 igitur
3597 1890 3757 1946 ruina
3778 1930 3792 1954 ,

2187 1998 2247 2045 ut
2272 1988 2382 2044 vita
2412 1997 2703 2059 appareat:
2738 1995 3027 2058 promatur
3051 1985 3268 2057 gladius
3286 2026 3302 2053 ,
3329 2000 3438 2056 quo
3462 1983 3581 2039 veri
3619 1982 3796 2045 Goliae

2187 2093 2353 2154 caput
2382 2090 2468 2138 est
2512 2088 2853 2154 amputatum
2883 2079 2943 2152 (Ι
2970 2077 3101 2152 Reg.
3154 2095 3294 2145 xvn,
3322 2080 3460 2152 51):
3513 2078 3799 2148 aperiatur

2190 2176 2412 2242 humus,
2445 2184 2506 2231 ut
2546 2174 2694 2231 salus
2716 2174 2922 2246 fulgeat
2948 2172 3129 2247 (Esai.
3163 2188 3287 2239 xnv,
3314 2171 3406 2243 8).
3427 2165 3580 2239 Quid
3606 2171 3792 2243 egisﬁ,

2191 2269 2446 2337 diabole,
2497 2280 2555 2325 ut
2608 2267 2979 2325 absconderes
3026 2266 3272 2338 lignum;
3327 2266 3432 2321 nisi
3478 2274 3538 2320 ut
3597 2264 3799 2321 iterum

2193 2362 2529 2420 vincereris?
2562 2361 2702 2418 Vicit
2733 2369 2785 2417 te
2814 2359 3017 2427 Maria,
3049 2373 3174 2431 quin
3208 2358 3400 2431 genuit
3427 2355 3801 2427 triumphato-

2196 2473 2337 2525 rem,
2362 2472 2489 2528 qua:
2515 2456 2635 2512 sine
2661 2454 3043 2511 imminutione
3063 2452 3420 2523 virginitatis,
3447 2451 3619 2508 edidit
3638 2466 3764 2507 cum
3784 2491 3801 2513 ,

2197 2551 2289 2622 qui
2320 2548 2619 2605 crucifixus
2656 2548 2903 2604 vinceret
2951 2556 3004 2603 te
3026 2587 3041 2611 ,
3073 2555 3128 2602 et
3159 2554 3408 2601 mortuus
3449 2543 3799 2615 subjugaret.

2199 2641 2449 2699 Vinccris
2473 2650 2530 2699 et
2559 2640 2721 2697 hodie
2739 2682 2753 2707 ,
2779 2648 2839 2696 ut
2862 2639 3060 2697 mulier
3091 2649 3209 2695 tuas
3245 2638 3470 2695 insidias
3495 2637 3803 2709 deprehen.

2198 2739 2312 2795 dat.
2339 2737 2439 2793 Illa
2461 2737 2613 2808 quasi
2638 2744 2825 2794 sancta
2856 2735 3141 2791 Dominum
3167 2732 3428 2806 gestavit,
3447 2747 3558 2805 ego
3577 2746 3802 2788 crucem

2199 2832 2318 2903 ejus
2344 2830 2727 2901 investigabo:
2759 2829 2850 2884 illa
2881 2837 3205 2900 generatum
3235 2826 3452 2894 docuit,
3481 2841 3587 2899 ego
3622 2840 3805 2883 resus-

2201 2927 2465 2982 citatum:
2497 2924 2588 2980 illa
2617 2923 2753 2979 fecit
2778 2932 2838 2979 ut
2870 2922 3018 2980 Deus
3049 2922 3194 2977 inter
3216 2921 3468 2978 homines
3495 2919 3801 2987 videretur,

2203 3033 2306 3090 ego
2326 3017 2393 3073 ad
2425 3026 2737 3073 nostrorum
2758 3014 3060 3072 remedium
3094 3025 3442 3087 peccatorum
3465 3013 3709 3071 divinum
3735 3014 3803 3070 de

491 3126 741 3182 praesepe
784 3110 1000 3167 Domini
1050 3112 1361 3182 requisivit.
1405 3111 1555 3167 Bona
1597 3112 1936 3181 stabularia,
1983 3127 2106 3184 quae
2204 3110 2381 3167 ruinis
2407 3109 2637 3166 elevabo
2660 3108 2939 3165 vexillum.

493 3204 857 3261 stabularium
891 3219 999 3260 non
1037 3204 1317 3275 ignoravit
1345 3204 1494 3260 illum
1521 3247 1537 3273 ,
1571 3206 1663 3276 qui
1689 3206 1917 3262 vulnera
1948 3221 2106 3261 cura-
2131 3204 2176 3267 C
2276 3204 2367 3261 45.
2404 3202 2594 3276 Aperit
2619 3202 2803 3274 itaque
2831 3202 3090 3270 humum,
3121 3202 3332 3259 decutit
3355 3203 3674 3275 pulverem:
3705 3202 3806 3258 tria

501 3300 581 3354 vit
608 3313 640 3353 a
671 3296 980 3356 latronibus
1027 3298 1300 3354 vulnerati
1333 3297 1499 3370 (Luc.
1546 3314 1601 3365 χ,
1634 3299 1701 3355 54
1722 3298 1763 3371 ).
1797 3300 1947 3356 Bona
1990 3311 2103 3357 sta-

500 3389 711 3447 bularia
735 3431 751 3456 ,
783 3399 806 3428 ε
833 3405 957 3462 qua:
988 3390 1182 3446 maluit
1206 3392 1468 3448 mstimari
1495 3401 1770 3463 stercora,
1804 3396 2018 3467 1210
2044 3404 2104 3451 ut

573 3546 601 3574 ει
640 3535 762 3592 Vet.
788 3533 948 3602 edit.,
967 3534 1136 3603 ﬁlium
1160 3531 1500 3604 Gratianum,
1524 3544 1572 3588 et
1604 3534 1823 3604 pulchra
1839 3539 1955 3604 jam
1984 3535 2102 3591 dul-

499 3608 739 3674 cissima;
760 3606 922 3662 Rom.
952 3605 1110 3678 edit.,
1134 3606 1302 3678 lilium
1326 3603 1658 3678 Gratianum,
1684 3616 1731 3661 et
1758 3603 2105 3678 pulcherrima

505 3697 568 3738 ac
617 3679 956 3734 dulcissima:
998 3677 1288 3749 sicietiam
1317 3677 1507 3746 scripti
1547 3678 1672 3733 cod.
1720 3689 1951 3749 excepto
1979 3678 2100 3734 Vat.

505 3766 645 3817 uno,
677 3748 894 3805 Thuan.
928 3758 984 3804 et
1011 3747 1191 3812 Belv.,
1220 3748 1274 3803 in
1303 3748 1530 3819 quibus,
1562 3750 1728 3818 [ilium
1758 3747 2067 3805 Gratianum
2087 3793 2100 3816 ,

499 3834 551 3882 et
577 3821 915 3877 Pulclieriam
940 3820 1239 3875 dulcissima
1259 3862 1273 3884 ,
1303 3828 1409 3875 etc.
1440 3819 1723 3888 Quomodo
1753 3832 1934 3877 autem
1967 3822 2104 3877 Gra-

499 3898 681 3951 tianus
702 3891 1000 3948 Theodosii
1027 3890 1172 3945 filius
1195 3891 1301 3946 dici
1328 3891 1595 3961 potuerit,
1620 3907 1649 3946 a
1672 3893 1826 3948 nobis
1849 3893 1915 3948 ad
1936 3893 2099 3961 epist.

504 3966 569 4022 51
598 3963 928 4034 explicatum
956 3970 1064 4018 est.
1099 3962 1155 4019 Si
1190 3971 1371 4017 tamen
1414 3962 1611 4033 aliquis
1643 3973 1766 4033 post
1808 3964 2102 4019 Baronium

504 4033 784 4094 existimet
810 4033 1128 4090 Gratianum
1155 4034 1299 4089 hunc
1322 4048 1451 4090 vere
1474 4049 1537 4088 ac
1562 4036 1786 4105 proprie
1808 4035 2103 4090 Theodosii

504 4108 676 4164 lilium
705 4105 969 4176 appellari
991 4146 1008 4169 .
1041 4105 1143 4175 ipsi
1178 4106 1370 4161 saltem
1401 4114 1590 4161 contra
1627 4106 1877 4161 eumdem
1909 4106 2104 4162 Cardi-

503 4180 684 4235 nalem
709 4175 1001 4232 dieendum
1040 4176 1146 4231 erit
1176 4176 1330 4231 illum
1371 4177 1690 4232 Gratianum
1739 4192 1846 4231 non
1880 4192 1911 4232 e
1949 4177 2107 4233 Flac—

504 4251 661 4313 cilla,
686 4248 772 4304 cui
803 4258 914 4304 tres
938 4248 1137 4304 liberos
1162 4247 1458 4318 Gregorius
1481 4246 1642 4319 Nyss.
1673 4249 1724 4302 in
1750 4248 1869 4319 ejus
1892 4248 2102 4313 funebri

506 4322 757 4377 oratione
809 4319 1334 4389 tantnmrassignat,
1362 4319 1605 4388 genitum
1656 4333 1810 4385 esse,
1850 4334 2041 4375 verum
2074 4335 2105 4375 e

508 4392 662 4450 Galla
712 4390 951 4447 secunda
1003 4388 1248 4459 ejusdem
1298 4390 1558 4459 principis
1609 4405 1812 4453 uxore,
1847 4405 2007 4459 quam
2050 4394 2104 4446 in

509 4467 628 4534 ipso
656 4472 810 4534 partu
843 4461 1046 4534 paucis
1068 4459 1260 4534 diebus
1282 4467 1580 4534 antequam
1612 4460 1704 4534 ille
1752 4460 1818 4515 ad
1867 4460 2107 4534 inferen-

509 4484 524 4518 ι
594 4478 628 4519 o
656 4478 810 4534 partu
843 4478 1029 4529 paucis
1068 4478 1260 4514 etenus
1290 4478 1580 4529 antequam
1612 4478 1704 4515 me
1752 4478 1818 4515 aa
1867 4478 2107 4517 intereu-

508 4478 641 4592 (ruam
670 4533 913 4604 Eugenio
941 4530 1229 4604 bellumin
1282 4529 1490 4604 Italiam
1524 4532 1765 4604 veniret,
1799 4533 2107 4604 exspirasse

511 4605 733 4663 tradunt
758 4600 1027 4657 historici.
1061 4600 1229 4671 Hujus
1250 4617 1415 4670 porro
1443 4600 1615 4657 Gallae
1639 4601 1729 4657 hic
1776 4600 2103 4659 mentionem

513 4692 623 4734 non
649 4676 780 4734 fecit
809 4671 1130 4729 Ambrosius
1152 4714 1168 4739 ,
1202 4672 1344 4729 forte
1379 4672 1525 4743 quod
1554 4687 1676 4728 cum
1717 4673 1942 4729 educata
1974 4674 2107 4731 fuis-

513 4759 599 4805 set
640 4747 782 4817 apud
834 4754 1063 4800 matrem
1105 4742 1405 4817 Arianam,
1445 4742 1649 4817 aliquid
1680 4748 1912 4816 contagii
1943 4760 2012 4803 ex
2041 4762 2102 4802 ea

2208 3298 2447 3371 patibula
2478 3297 2710 3354 confusa
2736 3297 2968 3367 reperit,
3002 3312 3124 3368 qua:
3149 3297 3307 3352 ruina
3329 3304 3674 3364 contexerat,
3707 3296 3808 3352 ini-

2210 3395 2383 3451 micus
2407 3392 2792 3451 absconderat.
2814 3390 2920 3450 Sed
2948 3406 3055 3448 non
3078 3391 3256 3463 potuit
3280 3391 3584 3448 oblitterari
3605 3389 3810 3448 Christi

2206 3543 2384 3590 zatum
2414 3549 2484 3590 ex
2512 3532 2663 3587 Actis
2708 3530 3035 3603 apocryphis
3057 3573 3072 3595 ,
3120 3538 3193 3603 et
3216 3536 3336 3603 quae
3365 3530 3467 3603 ipsi
3503 3529 3581 3603 _in_
3622 3527 3811 3603 multis

2206 3605 2500 3677 depravata
2517 3598 2787 3677 coguntur
2805 3598 3128 3677 agnoscere,
3149 3598 3467 3677 obstinatius
3485 3598 3807 3677 defendant.

2282 3671 2304 3716 ἒ
2345 3671 2622 3732 Habemus
2672 3675 2778 3729 hoc
2829 3675 2992 3729 etiam
3053 3673 3173 3728 loco
3231 3671 3637 3743 venerationis,
3676 3687 3810 3743 qua-

2205 3749 2370 3820 prisci
2400 3746 2685 3820 christiani
2725 3759 2914 3820 sacras
2942 3745 3201 3814 reliquias
3234 3741 3726 3820 prosequebantur,
3757 3751 3813 3799 et

2209 3815 2312 3885 pia:
2357 3818 2567 3874 fiduciae
2613 3832 2774 3888 quam
2798 3816 2852 3872 in
2903 3831 3088 3871 earum
3121 3815 3379 3886 prmsidio
3428 3815 3806 3888 reponebam,

2205 3892 2421 3963 insigne
2477 3886 2869 3963 testimonium.
2904 3888 3033 3963 _Sed
3089 3902 3393 3963 quorsum,
3448 3886 3699 3963 inquies,
3757 3887 3809 3963 in

2207 3957 2501 4019 Theodosii
2548 3961 2862 4016 laudatione
2904 3957 3213 4029 hujusmodi
3244 3958 3516 4029 excursio
3548 3959 3602 4029 in
3632 3957 3812 4012 crucis

2209 4033 2609 4090 inventionem?
2629 4028 3042 4102 Respondemus
3063 4031 3202 4102 satis
3225 4028 3520 4102 Ambrosio
3542 4028 3811 4102 l'atniliare

2209 4121 2332 4161 esse
2362 4121 2392 4161 a
2421 4104 2694 4174 proposita
2735 4100 2962 4174 materia
2993 4101 3240 4173 digredi,
3269 4116 3393 4174 eum
3425 4101 3511 4171 pia
3541 4100 3807 4174 qua-piam

2208 4178 2403 4232 invitat
2422 4171 2649 4231 occasio
2673 4218 2688 4240 ,
2731 4172 2908 4245 qualis
2932 4172 3037 4245 fuit
3060 4171 3281 4245 intentio
3308 4171 3808 4245 constantini,‘qui

2207 4251 2418 4320 primus
2457 4241 2828 4320 C:nsarum_'in
2856 4244 3019 4320 bcl_lis
3048 4244 3231 4320 crucis
3257 4243 3514 4320 vexillum
3566 4241 3808 4320 praeferri

2207 4314 2413 4374 voluit:
2440 4318 2617 4390 quain
2648 4334 2708 4373 re
2734 4317 2908 4386 ipsum
2931 4315 3274 4390 Theodosius
3301 4316 3353 4369 in
3379 4315 3534 4390 bell_o_
3550 4314 3811 4390 adversus

2210 4384 2510 4461 Eugenium
2535 4384 2777 4461 imitatus
2791 4396 2893 4461 est,
2912 4385 3369 4461 quemadmodum
3384 4402 3457 4442 ex
3472 4384 3802 4461 Theodoreti

2212 4456 2377 4528 IibTv,
2392 4476 2513 4529 cap.
2528 4460 2622 4525 24,
2642 4459 2889 4516 etOrusii
2917 4459 3011 4513 lib.
3029 4460 3084 4525 7,
3098 4473 3220 4526 cap.
3239 4456 3648 4527 56,cognoseas
3662 4457 3809 4529 licet.

2283 4530 2309 4569 ἀ
2352 4527 2715 4590 Stabulariam
2743 4530 3064 4586 Ambrosius
3091 4529 3355 4585 Helenam
3384 4529 3549 4596 dicit,
3573 4527 3721 4600 quod
3747 4542 3809 4580 ex

2213 4616 2366 4676 patre
2383 4604 2474 4675 qui
2497 4602 2714 4676 publico
2742 4601 3045 4658 diversorio
3068 4602 3313 4676 hospites
3333 4600 3665 4676 escipiebat,
3687 4606 3812 4676 nata

2210 4669 2546 4732 crederetur.
2578 4673 2765 4743 Neque
2792 4684 2970 4729 tamen
3013 4671 3399 4743 sumusjnescii
3431 4670 3717 4743 Baronium
3746 4669 3812 4723 ad

2212 4764 2303 4803 an.
2336 4746 2441 4803 506
2469 4741 2712 4801 scribere
2753 4756 2984 4800 matrem
3013 4741 3354 4800 Constantini
3385 4742 3552 4797 filiam
3582 4741 3746 4796 unius
3782 4754 3814 4795 e

513 4811 859 4908 contraxerat
884 4858 899 4884 ,
933 4817 1091 4908 unde
1122 4814 1677 4908 ﬁ't‘llesip‘sius..m‘inuls
1707 4811 1913 4908 itheg'ra
1941 4817 2105 4874 habe-
2138 4848 2189 4908 ι)
2214 4819 2421 4901 regulis
2468 4817 3016 4908 Britannum-nomine
3046 4815 3174 4871 Coel
3202 4814 3516 4908 exstitisse,
3536 4812 3710 4908 idque
3746 4811 3816 4866 ab

516 4902 690 4949 retur.
722 4889 909 4960 Neque
934 4889 1096 4960 enim
1130 4885 1510 4960 APhilostorgio
1539 4889 1869 4960 credendum
1904 4905 2109 4957 remur,

515 4964 608 5035 qui
644 4977 764 5035 eam
796 4958 1022 5035 oirtnin_o
1051 4958 1266 5035 Arionis
1320 4959 1566 5028 partibus
1601 4959 1870 5035 addictam
1899 4959 2112 5035 scribit.

516 5029 673 5104 Quod
704 5033 834 5088 vero
860 5030 929 5086 ad
961 5029 1266 5104 Flaccillam
1287 5070 1304 5095 ,
1337 5044 1548 5104 summa
1580 5030 1781 5104 virtute
1808 5045 1871 5085 ac
1895 5032 2118 5101 religio—

517 5099 588 5163 ne
613 5104 893 5177 prteditam
916 5116 1034 5177 eam
1065 5099 1232 5177 fuisse
1253 5101 1652 5177 cognoscimus:
1672 5101 1740 5158 de
1761 5115 1867 5173 qua
1892 5099 2115 5159 consule

519 5170 926 5234 Tliéodoretum
960 5173 1057 5229 lib.
1089 5170 1376 5244 v_Histor‘.,
1403 5188 1522 5244 cap.
1558 5173 1646 5244 l9.

590 5249 618 5287 ι)
658 5248 779 5302 Non
806 5245 981 5318 potuit
1015 5242 1348 5318 Ambrosius
1378 5242 1701 5318 clarioribus
1752 5244 1934 5300 verbis
1961 5259 2115 5318 suam

521 5324 589 5377 de
631 5314 972 5377 Constantini
1014 5314 1284 5386 baptismo
1327 5315 1651 5371 sententiam
1704 5330 1974 5385 promere.
2007 5315 2114 5373 Sed

525 5392 695 5448 nihilo
717 5390 1007 5449 obscurius
1028 5385 1282 5443 eumdem
1313 5387 1608 5457 principem
1634 5386 1689 5441 in
1709 5389 1971 5443 extremis
2000 5397 2117 5443 tan-

523 5473 636 5519 tum
665 5476 733 5518 eo
754 5468 1096 5516 sacramento
1111 5458 1382 5514 initiatum
1408 5472 1530 5514 esse
1548 5457 1637 5512 alii
1666 5460 1960 5529 scriptores
1985 5473 2116 5515 con-

525 5542 815 5600 testantur,
845 5541 903 5586 ut
930 5537 1062 5602 puta
1075 5529 1475 5595 Eusebius,lib.
1500 5543 1555 5602 t_v_
1583 5528 1653 5584 de
1681 5527 1802 5602 Vita
1829 5527 2112 5586 Constant.

523 5617 645 5674 cap.
676 5604 741 5660 61
774 5599 829 5659 et
858 5599 973 5674 62';
992 5600 1369 5674 Hieronymus,
1397 5602 1463 5674 in
1499 5599 1803 5674 Chronico;
1837 5602 2113 5674 Socrates,

529 5671 621 5727 lib.
641 5690 658 5727 ι
678 5674 814 5728 Hist.
840 5688 890 5728 c.
914 5671 1391 5741 59;Sozomenns,
1409 5673 1506 5726 lib.
1527 5687 1585 5735 ιι.
1611 5673 1836 5741 cap.'54;
1864 5672 2117 5729 Theodo-

532 5753 701 5807 retus,
718 5745 812 5797 lib.
838 5759 876 5807 ι,
901 5757 1024 5809 cap.
1049 5739 1122 5796 ’52
1152 5742 1349 5809 etalii;
1375 5751 1432 5798 ut
1449 5742 1645 5798 mirum
1669 5739 1920 5802 videatur
1939 5744 2118 5802 adhuc

530 5805 741 5863 exstare
761 5851 775 5878 ,
800 5805 892 5879 qui
934 5805 1346 5866 Constantinum
1382 5828 1410 5866 a
1456 5812 1744 5878 Sylvestro
1771 5828 1908 5885 papa
1940 5814 2111 5887 bapti‘

2218 4885 2454 4961 antiquis
2483 4888 2660 4956 gentis
2692 4887 2967 4944 historicis
2998 4901 3123 4943 esse
3144 4885 3651 4961 proditumaAtqui
3679 4898 3812 4961 _cum

2217 4956 2408 5018 omnes
2436 4961 2800 5015 Romanarum
2832 4973 3015 5015 rerum
3050 4956 3347 5027 scriptores
3378 4956 3640 5012 Helenam
3672 4956 3812 5012 Con.

2216 5033 2403 5089 stautii
2448 5031 2811 5086 concubinam
2836 5030 3053 5096 dicant,
3081 5039 3138 5084 et
3162 5029 3575 5084 Constantinum
3616 5042 3683 5082 ex
3718 5027 3816 5080 im-

2219 5105 2442 5174 paribus
2502 5102 2703 5172 nnptiis
2750 5113 2935 5174 natum
2983 5099 3462 5174 asserantthanc
3507 5114 3536 5174 a
3581 5098 3815 5174 Duronio

2219 5169 2701 5231 commemoratam
2759 5173 3070 5244 opinionem
3129 5187 3238 5244 pro
3272 5169 3454 5244 fabula
3501 5169 3814 5244 habendam

2219 5246 2485 5303 credibile
2532 5254 2636 5299 est.
2669 5240 2831 5311 Vide,
2880 5244 2925 5298 si
2969 5240 3147 5307 lubet;
3181 5240 3452 5307 Chronica
3500 5241 3721 5296 Eusebii
3764 5250 3815 5294 et

2220 5317 2553 5376 Cassiodori:
2584 5315 2851 5371 Historias
2880 5313 3193 5379 0rosii,lib.
3226 5329 3321 5379 vn,
3353 5330 3474 5382 cap.
3496 5311 3593 5377 16;
3616 5311 3814 5367 Eutro-

2220 5389 2293 5458 pii
2318 5389 2409 5444 lib.
2441 5405 2495 5452 x;
2526 5387 2725 5442 Zozimi
2750 5387 2844 5442 lib.
2869 5402 2933 5458 u;
2953 5385 3363 5458 Nicepliorilib.
3383 5400 3622 5458 vn,’cap.
3647 5384 3743 5449 18;
3767 5393 3817 5458 et

2220 5451 2362 5516 inter
2375 5451 2728 5524 recentiores,
2745 5457 2939 5514 Morini
2954 5457 3046 5511 lib.
3068 5451 3105 5510 Ii
3124 5457 3189 5511 tle
3205 5456 3449 5511 Liberat.
3468 5451 3676 5511 Eccles.
3702 5451 3812 5510 c.6.

2296 5537 2318 5602 ‘f
2359 5531 2494 5602 Reg.
2517 5529 2690 5602 codex
2709 5571 2723 5594 ,
2745 5544 2859 5600 qua:
2888 5529 3065 5583 omnia
3086 5528 3389 5602 aestimavit,
3419 5540 3474 5581 ut
3496 5534 3746 5581 stercora.

2297 5593 2315 5633 ί
2357 5593 2557 5659 Οιιῖηθς
2597 5593 2961 5672 εόίιξεῃοᾼίη
3004 5600 3174 5663 aulis;
3202 5612 3395 5672 omnes
3435 5613 3612 5672 _mss.,
3643 5613 3738 5670 ego
3760 5597 3817 5672 in

2215 5676 2409 5730 aureis.
2432 5672 2538 5729 Sed
2564 5669 2996 5743 subaudiendum
3021 5680 3103 5743 est
3126 5671 3339 5743 palatiis
3365 5670 3452 5725 vel
3480 5669 3817 5743 ornamentis.

2269 5756 2316 5815 ,ϐ
2354 5745 2508 5802 Coll).
2555 5743 2705 5808 cod.,
2757 5741 2864 5798 Sed
2906 5739 3015 5795 [nec
3054 5739 3367 5797 obstructos.
3394 5779 3406 5795 .
3431 5782 3445 5796 .
3472 5781 3485 5797 .
3532 5756 3625 5795 nec
3662 5742 3817 5796 iam»

2219 5835 2402 5887 nquam
2428 5833 2580 5886 passa
2612 5823 2701 5871 est.
