4022 6192
178 300 320 357 1401

1296 300 1383 357 DE
1422 299 1630 357 ODITU
1671 294 2036 358 THEODOSII
2074 299 2360 357 ORATIO.

3349 301 3491 360 “02

173 420 516 492 triumphus.
568 421 778 479 Incerto
798 423 971 478 haeret
1007 439 1020 476 :
1082 421 1250 479 haeret
1271 464 1286 492 ,
1335 429 1395 477 ut
1423 421 1652 488 mulier;
1684 421 1778 478 sed
1806 422 1856 483 A
1886 421 2048 477 dema
2076 421 2306 494 gemmis
2348 420 2689 493 insignitum,
2718 435 2856 494 quas
2886 422 3184 492 pretiosior
3230 423 3379 480 ferro
3409 423 3494 479 in-

175 525 393 571 certam
424 514 740 585 indaginem
767 515 1002 586 Spiritus
1030 525 1258 572 sanctus
1286 515 1521 586 inspirat
1549 531 1616 572 eo
1637 515 1782 587 quod

175 609 294 666 duo
325 608 567 664 latrones
597 623 720 663 cum
768 608 1002 665 Domino
1032 610 1276 666 crucifixi
1328 610 1548 666 fuerint.
1579 611 1785 680 Qumrit

176 719 318 776 ergo
347 702 586 758 medium
616 702 843 773 lignum.
867 704 974 761 Sed
995 713 1208 774 poterat
1231 705 1348 761 fieri
1372 715 1430 761 ut
1450 705 1784 778 patibulain-

177 805 266 852 ter
288 811 349 853 se
377 796 536 851 ruina
561 795 946 863 confunderet,
968 807 992 834 υ
1010 813 1172 853 casus
1202 799 1519 855 inverteret.
1541 799 1699 855 Redit
1715 799 1782 854 ad

177 889 471 960 Evangelii
501 890 826 958 lectionem,
860 892 1068 948 invenit
1093 893 1220 963 quia
1253 893 1307 949 in
1337 894 1519 949 medio
1543 893 1784 963 patibulo

176 983 446 1053 prmlatus
471 981 659 1038 titulus
679 991 829 1039 erat:
853 983 1010 1039 Jesus
1049 983 1357 1040 Nazarenus
1377 1028 1392 1053 ,
1419 984 1533 1041 Rea:
1561 986 1783 1042 Iudaeo-

176 1092 297 1130 rum
328 1074 525 1148 (Joan.
559 1089 679 1144 xix,
712 1075 832 1149 l9).
867 1076 1004 1133 Hinc
1031 1078 1262 1134 collecta
1310 1087 1394 1134 est
1423 1080 1595 1136 series
1637 1081 1782 1136 veri-

177 1168 312 1224 tatis
335 1210 348 1232 ,
385 1167 542 1223 titulo
571 1183 705 1224 crux
744 1173 917 1240 patuit
946 1169 1224 1226 salutaris.
1254 1171 1369 1228 Hoc
1393 1181 1479 1228 est
1518 1173 1660 1243 quod
1690 1189 1785 1245 pe~

181 1259 429 1316 tentihus
475 1260 678 1316 Judacis
729 1262 938 1318 Pilatus
991 1262 1272 1333 respondit
1312 1283 1324 1319 :
1361 1265 1515 1330 Quod
1563 1267 1780 1337 scripsi,

183 1359 397 1430 1211
429 1357 614 1426 scripsi
641 1355 848 1428 (Ibid.,
871 1356 1009 1428 22),
1045 1358 1097 1412 id
1145 1369 1263 1424 est,
1299 1375 1408 1415 non
1451 1375 1514 1416 ea
1563 1361 1782 1431 scripsi,

179 1465 308 1520 qua:
333 1449 488 1505 vobis
519 1449 800 1520 placerent
828 1491 842 1514 ,
888 1451 982 1504 sed
1013 1465 1135 1521 qua:
1165 1461 1298 1506 tetas
1348 1454 1525 1508 futura
1558 1469 1788 1525 cognos-

180 1551 377 1599 ceret:
408 1558 515 1597 non
548 1541 702 1598 vobis
744 1542 936 1612 scripsi
962 1583 977 1608 ,
1004 1543 1099 1598 sed
1124 1544 1465 1614 posteritati;
1493 1560 1788 1617 propemo-

181 1636 316 1690 dum
343 1633 567 1690 dicens:
595 1634 801 1691 Habeat
826 1634 1031 1691 Helena
1063 1637 1207 1707 quod
1238 1636 1410 1709 legat,
1434 1635 1460 1675 δ
1488 1638 1630 1694 unde
1661 1653 1785 1695 cru-

178 1745 301 1787 cem
336 1731 548 1786 Domini
582 1738 965 1800 recognoscat.

1887 529 2056 570 nexas
2087 515 2268 570 crucis
2299 514 2694 587 redemptionis
2715 513 2921 571 divina:
2947 531 3160 587 gemma
3194 528 3495 574 connecte-

1885 614 1992 662 ret.
2014 605 2164 662 Misit
2187 615 2242 662 et
2264 607 2499 663 frenum.
2535 606 2782 677 Utroque
2809 622 2940 663 usus
2965 616 3050 663 est
3071 606 3486 676 Constantinus,

1885 706 1940 753 et
1988 697 2148 754 fidem
2181 699 2478 754 transmisit
2527 697 2592 754 ad
2627 709 2876 770 posteros
2923 715 3100 771 reges.
3146 700 3486 773 Principium

1888 793 2071 863 itaque
2096 792 2439 849 credentium
2471 793 2866 864 imperatorum
2902 804 2925 831 θ
2957 804 3204 852 sanctum
3238 805 3322 851 est
3349 795 3492 866 quod

1887 901 2054 959 super
2088 888 2302 944 frenum
2335 887 2525 959 (Zaeh.
2553 903 2668 955 xtv,
2715 887 2809 959 ΞΟ)
2839 905 2854 946 :
2887 903 2953 944 ex
2987 889 3086 946 illo
3118 889 3276 959 fides,
3302 900 3356 944 ut
3385 905 3502 961 pcr-

1886 983 2097 1038 secutio
2119 990 2384 1049 cessaret,
2409 983 2628 1040 devotio
2669 982 3014 1040 succederet.

1956 1077 2049 1133 48.
2087 1075 2105 1115 τ
2141 1077 2436 1149 Sapienter
2464 1078 2692 1144 Helena,
2715 1094 2836 1150 qua:
2868 1094 3086 1136 crucem
3119 1079 3172 1136 in
3196 1081 3374 1150 capite
3401 1097 3488 1138 re-

1885 1184 2050 1242 gnum
2085 1170 2316 1238 locavit;
2351 1179 2408 1227 ut
2436 1186 2566 1227 crux
2600 1170 2798 1228 Christi
2832 1172 2884 1227 in
2935 1171 3158 1243 regibus
3207 1171 3488 1230 adoretur.

1886 1263 2005 1318 Non
2029 1263 2319 1319 insolentia
2354 1265 2480 1333 ista,
2507 1265 2601 1320 sed
2633 1265 2807 1335 pietas
2833 1273 2918 1320 est
2941 1280 2956 1332 ;
2981 1281 3106 1321 cum
3137 1263 3386 1321 defertur
3408 1280 3493 1320 sa-

1882 1372 1989 1413 cra:
2018 1356 2400 1428 redemptioni.
2448 1357 2631 1413 Bonus
2677 1357 2860 1428 itaque
2904 1358 3094 1414 clavus
3124 1357 3356 1414 Romani
3387 1360 3489 1413 im-

1886 1451 2042 1522 perii,
2075 1451 2165 1522 qui
2196 1460 2365 1508 totum
2398 1452 2537 1523 regit
2590 1451 2802 1520 orbem,
2852 1466 2916 1507 ac
2963 1450 3130 1508 vestit
3177 1452 3486 1523 principum

1882 1545 2152 1609 frontem;
2183 1553 2241 1599 ut
2266 1544 2376 1600 sint
2406 1542 2818 1614 praedicatores,
2841 1544 2932 1614 qui
2957 1552 3341 1614 persecutores
3365 1558 3487 1598 esse

1884 1645 2308 1693 consueverunt.
2341 1636 2509 1692 Recte
2532 1637 2584 1691 in
2613 1637 2793 1707 capite
2813 1637 3031 1702 clavus,
3059 1645 3119 1692 ut
3154 1636 3244 1694 ubi
3294 1651 3489 1692 sensus

1888 1739 1995 1797 cst,
2022 1729 2094 1784 ibi
2123 1731 2195 1784 sit
2225 1729 2563 1800 prmsidium.
2597 1731 2655 1786 in
2686 1729 2892 1787 vertice
2940 1743 3146 1786 corona
3178 1739 3203 1778 ε
3232 1729 3285 1785 in
3314 1729 3491 1785 mani-

251 1821 344 1878 46.
378 1822 587 1878 Invenit
617 1836 748 1892 ergo
779 1821 1024 1887 titulum,
1057 1822 1260 1893 Regem
1282 1823 1554 1893 adoravit,
1589 1841 1695 1882 uon
1725 1826 1788 1881 li-
1819 1824 1868 1884 B
1895 1823 1994 1879 bus
2023 1823 2257 1880 habena.
2291 1824 2505 1880 Corona
2555 1823 2624 1879 de
2652 1838 2838 1890 cruce,
2862 1833 2920 1877 ut
2951 1822 3087 1879 fides
3132 1822 3314 1879 luceat
3344 1840 3358 1878 :
3393 1821 3492 1876 ha-

177 1931 348 1985 gnum
378 1915 566 1987 utique
593 1932 607 1981 ;
638 1915 764 1987 quia
795 1916 884 1971 hic
915 1918 1134 1988 gentilis
1171 1927 1256 1973 est
1287 1934 1462 1985 error,
1492 1930 1547 1976 et
1575 1923 1787 1977 vanitas

181 2007 514 2077 impiorum:
546 2007 642 2063 sed
691 2008 939 2063 adoravit
981 2009 1154 2076 illum,
1197 2011 1287 2081 qui
1323 2012 1576 2082 pependit
1629 2014 1684 2068 in
1719 2015 1787 2069 li-

178 2115 314 2171 gno,
342 2101 578 2170 scriptus
605 2100 662 2155 iu
695 2103 887 2156 titulo:
932 2102 1084 2157 illum
1119 2104 1360 2175 inquam,
1386 2108 1478 2177 qui
1502 2108 1644 2164 sicut
1667 2125 1784 2166 sca-

181 2193 397 2250 rabteus
451 2194 750 2260 clamavit,
810 2203 868 2249 ut
915 2198 1360 2265 persecutoribus
1415 2199 1576 2254 suisc
1625 2202 1786 2258 Pater

178 2295 404 2358 peccata
435 2286 668 2343 donaret
690 2286 848 2358 (Luc.
875 2304 1031 2355 xxtn,
1064 2289 1175 2360 54;.
1205 2291 1374 2346 Avida
1410 2293 1606 2348 mulier
1636 2294 1788 2350 festi-

180 2381 351 2437 nabat
399 2388 624 2449 tangere
658 2380 965 2436 remedium
1019 2383 1462 2452 immortalitatis,
1513 2389 1789 2445 metuebat

178 2473 405 2529 calcare
441 2482 846 2529 sacramentum
898 2474 1108 2530 salutis.
1140 2475 1292 2532 Laeto
1319 2478 1508 2545 corde,
1537 2491 1592 2536 et
1625 2483 1790 2552 trepi-

184 2565 341 2620 danti
372 2565 624 2637 vestigio,
651 2568 780 2638 quid
817 2568 1040 2632 faceret,
1073 2571 1369 2625 nesciebat.
1401 2571 1684 2630 Pet-tendit
1711 2585 1788 2630 ta-

186 2673 312 2714 men
370 2657 438 2713 ad
491 2659 671 2715 cubile
699 2660 968 2727 veritatis,
1004 2661 1209 2732 lignum
1267 2662 1498 2731 refulsit,
1530 2675 1584 2721 et
1611 2669 1785 2737 gratia

181 2753 397 2809 micuit.
425 2754 495 2809 Et
519 2753 646 2824 quia
669 2753 783 2824 jam
833 2754 1088 2810 feminam
1122 2756 1704 2815 visitaveratCIn-istus
1735 2762 1786 2817 in

183 2847 379 2914 Maria,
403 2847 636 2918 Spiritus
661 2848 712 2903 in
745 2848 948 2904 Helena
979 2850 1221 2904 visitavit
1245 2869 1256 2903 :
1283 2851 1468 2907 docuit
1497 2868 1616 2909 eam
1640 2855 1785 2925 quod

184 2942 386 2996 mulier
411 2941 715 3012 ignorabat,
739 2952 792 2998 et
825 2941 1047 2998 deduxit
1071 2944 1124 3000 in
1151 2943 1493 3016 viam,quam
1535 2948 1787 3004 mortalis

182 3035 330 3092 scire
362 3051 471 3091 non
509 3045 741 3107 poterat.

256 3129 350 3184 47.
384 3129 647 3200 Quaesivit
677 3132 881 3199 clavos,
913 3133 1109 3200 quibus
1147 3134 1442 3189 crucifixus
1491 3146 1574 3190 est
1603 3137 1788 3192 Domi-

186 3239 312 3291 nus,
335 3235 389 3278 et
407 3225 631 3278 invenit.
660 3226 733 3280 De
755 3241 866 3279 uno
891 3227 1045 3280 clavo
1073 3227 1258 3283 frenos
1282 3228 1397 3283 fieri
1427 3231 1704 3300 przecepit,
1721 3231 1788 3287 de

185 3315 360 3371 altero
392 3315 641 3370 diadema
673 3316 941 3371 intexuit:
975 3333 1141 3372 unum
1184 3319 1249 3372 ad
1291 3319 1575 3384 decorem,
1598 3319 1622 3357 ι’
1655 3323 1789 3378 alte-

186 3426 309 3466 rum
351 3409 418 3465 ad
453 3409 800 3465 devotionem
849 3411 1032 3464 vertit.
1080 3410 1310 3466 Visilata
1369 3421 1452 3468 est
1498 3413 1664 3469 Maria
1690 3456 1706 3482 ,
1734 3425 1794 3471 ut

188 3503 364 3558 Evam
396 3503 656 3559 liberaret
687 3521 699 3556 :
731 3503 948 3558 visitata
976 3512 1062 3559 est
1085 3503 1310 3569 Helena,
1341 3514 1398 3560 ut
1430 3507 1790 3577 imperatores

185 3599 614 3656 redimerentur.
643 3598 784 3654 Misit
803 3599 987 3670 itaque
1017 3598 1128 3654 filio
1153 3615 1255 3654 suo
1282 3599 1645 3658 Constantino
1670 3603 1788 3658 dia-

261 3717 289 3744 ⁸
329 3712 529 3770 Omnes
556 3712 712 3775 edit.,
743 3730 896 3766 casus
928 3723 1146 3770 mutaret
1178 3725 1225 3769 ct
1249 3716 1539 3770 inverteret.
1587 3718 1790 3772 Omnes

186 3801 352 3848 mss.,
382 3801 534 3838 casus
560 3785 852 3838 inverteret.

261 3856 288 3894 ιι
313 3854 468 3922 Quod
501 3869 532 3906 a
579 3863 772 3909 sancto
799 3855 1042 3910 Prmsule
1091 3857 1175 3910 hic
1208 3866 1544 3911 memoratur
1573 3857 1788 3914 Domini

187 3941 416 3982 crucem
449 3941 478 3979 a
510 3925 780 3981 latronum
839 3928 1090 3994 patibulis
1152 3928 1311 3982 titulo
1366 3943 1466 3980 suo
1497 3929 1785 3984 discretam

187 4014 338 4062 esse,
378 3996 432 4050 id
462 3996 680 4071 quidem
706 3998 920 4071 videtur
947 3997 1259 4071 discrepare
1282 3999 1349 4052 ab
1371 3999 1597 4071 aliorum
1619 4001 1791 4071 scrip-

190 4080 370 4125 torum
403 4069 693 4122 sententiis
719 4086 732 4132 ;
767 4069 858 4122 alii
888 4068 1088 4136 quippe
1118 4078 1390 4123 mortumn
1420 4070 1484 4124 ad
1512 4071 1674 4124 vitam
1707 4068 1789 4127 rc-

188 4150 467 4201 vocatum,
496 4139 587 4192 alii
620 4139 854 4193 nobilem
899 4139 1153 4192 feminam
1186 4156 1214 4192 a
1255 4141 1444 4196 morbo
1475 4141 1782 4208 liberatam,

189 4213 284 4267 alii
317 4212 553 4279 denique
583 4219 875 4280 utrumque
907 4209 1227 4265 miraculum
1261 4211 1461 4266 indicio
1487 4211 1654 4268 fuisse
1679 4225 1787 4268 tra-

191 4284 348 4348 dunt,
378 4297 486 4353 quo
542 4297 572 4337 e
625 4281 796 4336 tribus
850 4282 1104 4336 crucibus
1142 4298 1261 4351 qua:
1311 4283 1588 4338 Dominica
1618 4294 1786 4350 esset,

191 4356 633 4424 dignosceretur.
678 4354 930 4408 Attamen
968 4353 1094 4407 illud
1139 4353 1417 4409 historicis
1447 4371 1784 4425 nequaquam

191 4437 277 4481 est
304 4426 546 4479 insolens
576 4467 590 4492 ,
625 4433 683 4497 ut
709 4425 956 4480 eamdem
1003 4440 1116 4480 rem
1173 4426 1434 4480 tuemoria
1469 4427 1784 4497 prodentes,

192 4498 284 4551 alii
315 4498 415 4551 alia
440 4497 558 4565 ejus
587 4496 837 4566 adjuncta
867 4506 1428 4557 commemorent.aut
1460 4496 1788 4564 pra'termit-

195 4579 331 4623 tant.
379 4567 651 4623 Caeterum
687 4578 766 4622 tot
815 4569 1144 4638 scriptorum
1193 4569 1520 4624 testimoniis
1550 4571 1790 4624 inventio

1886 1916 2029 1972 bona
2065 1933 2284 1988 quoque
2319 1917 2388 1972 de
2429 1931 2595 1973 cruce
2627 1959 2641 1985 ,
2694 1927 2752 1971 ut
2791 1924 3034 1987 potestas
3085 1925 3234 1986 regat
3274 1915 3488 1985 :sitque

1881 2010 2024 2079 justa
2059 2009 2404 2065 moderatioh
2450 2025 2558 2065 non
2612 2009 2815 2080 injusta
2859 2009 3176 2080 prmceptio.
3247 2007 3489 2064 [labeant

1891 2104 2100 2174 1212
2136 2101 2239 2158 hoc
2279 2103 2445 2157 etiam
2498 2103 2772 2173 principes
2803 2102 3002 2158 Christi
3031 2101 3133 2156 sibi
3164 2100 3491 2156 liberalitate

1885 2209 2227 2256 concessum,
2252 2204 2311 2248 ut
2332 2194 2402 2248 ad
2429 2195 2788 2250 imitationem
2821 2192 3038 2248 Domini
3065 2191 3360 2247 dicaturde
3387 2191 3487 2246 im-

1888 2295 2144 2357 peratore
2170 2287 2417 2342 Romano
2449 2305 2462 2340 :
2491 2286 2724 2342 Posuisti
2753 2287 2807 2341 in
2831 2287 3002 2356 rapite
3023 2287 3135 2358 ejus
3157 2301 3403 2340 coronant
3425 2286 3490 2340 de

1892 2383 2071 2455 lapide
2098 2385 2320 2454 pretioso
2353 2382 2472 2453 (Ps.
2501 2401 2591 2450 xx,
2619 2383 2698 2454 5).

1955 2479 2044 2535 49.
2064 2479 2138 2534 Ex
2155 2477 2562 2548 illogratulatur
2581 2472 3486 2542 Ecclesia,erubescitJudzeusznec

1880 2567 2061 2624 solum
2097 2569 2504 2636 erubescit,sed
2536 2569 2701 2625 etiam
2733 2567 3212 2639 torquetur;quod
3238 2567 3356 2641 ipse
3383 2566 3489 2624 sibi

1882 2675 2076 2720 auctor
2104 2664 2438 2720 confusionis
2469 2673 2573 2721 est.
2597 2665 2732 2718 Dum
2759 2663 2980 2718 insultat
3005 2661 3250 2728 Christo,
3273 2659 3490 2716 confes-

1884 2772 1976 2813 sus
1997 2767 2218 2814 esteum
2241 2773 2422 2828 regem
2447 2774 2459 2810 :
2478 2757 2604 2812 dum
2629 2771 2811 2828 regem
2833 2755 3147 2812 Judaaorum
3161 2752 3482 2826 appellavit,

1885 2851 2234 2922 sacrilegium
2263 2850 2548 2922 suum,qui
2579 2864 2686 2904 non
2707 2848 2962 2916 credidit,
2982 2849 3296 2903 confitetur.
3321 2843 3484 2910 Ecce,

1883 2944 2158 3015 inquiunt,
2177 2943 2552 2999 crucifixituus
2581 2943 2806 3007 Jesum;
2840 2952 2897 2995 ut
2943 2939 3253 3004 christiani,
3283 2945 3340 2994 et
3367 2947 3490 3007 post

1887 3047 2117 3095 mortem
2136 3045 2506 3108 resurgant,et
2523 3036 2724 3092 mortui
2743 3033 3106 3107 regnent.Nos
3122 3031 3491 3090 crucifiximus

1889 3146 2055 3200 quem
2083 3146 2242 3202 rcges
2263 3129 2531 3185 adorant:
2563 3145 2724 3200 quem
2752 3145 2858 3183 nou
2882 3127 3202 3193 adoramus,
3226 3125 3329 3195 ipsi
3355 3123 3491 3179 ado-

1895 3225 2190 3282 rant.Ecce
2211 3235 2266 3280 et
2282 3226 2466 3281 clavus
2493 3225 2547 3279 in
2562 3223 2867 3280 bonorecst
2885 3239 2898 3288 ;
2916 3233 2970 3279 et
2993 3236 3155 3293 quem
3173 3219 3242 3276 ad
3256 3229 3490 3275 mortem

1895 3320 2293 3392 impreSsimus,
2344 3318 2648 3375 remedium
2680 3317 2872 3372 salutis
2900 3324 3004 3383 est,
3040 3323 3202 3386 atque
3235 3310 3496 3369 invisibili

1891 3413 2125 3484 quadam
2159 3420 2432 3483 potestate
2452 3411 2735 3466 daemones
2765 3417 3002 3480 torquet.
3034 3407 3367 3462 Putabamus
3392 3419 3494 3458 nos

1891 3508 2112 3576 vicisse,
2139 3507 2235 3562 sed
2269 3507 2444 3562 victos
2469 3505 2724 3563 fatemur.
2774 3503 2976 3560 lterum
3026 3499 3279 3556 Christus
3317 3512 3495 3554 resur-

1891 3601 2053 3669 rexit,
2073 3609 2127 3656 et
2150 3597 2519 3656 resurrexisse
2548 3612 2672 3652 eum
2702 3595 2980 3667 principes
3009 3601 3370 3663 agnoverunt.
3394 3590 3501 3645 lte-

1896 3714 2185 3770 memorari
2241 3712 2309 3766 ab
2355 3719 2576 3764 auctore
2619 3709 2780 3778 hujus
2815 3705 3086 3778 Orationis
3119 3704 3491 3778 superstitiosa,

1892 3787 2208 3841 vehementer
2226 3782 2600 3837 contumeliosa
2613 3782 2664 3832 in
2687 3773 2924 3833 incritum
2942 3775 3156 3836 Christi,
3177 3773 3224 3827 et
3250 3790 3368 3826 cum
3389 3773 3494 3841 ﬁde

1894 3852 2311 3928 pugnantiased
2331 3854 2449 3905 istis
2475 3852 2869 3928 hominibusca
2902 3847 3079 3901 omnia
3098 3861 3228 3928 cum
3262 3844 3366 3898 fide
3395 3859 3492 3914 pu-

1889 3920 2058 3999 gnant
2087 3941 2208 3994 quae
2241 3925 2454 3999 illorum
2487 3921 2765 3999 perfidiam
2795 3920 3131 3999 impugnant.
3271 3987 3302 3999 μ’

1962 3997 1987 4034 ά
2020 3985 2153 4066 Reg.
2171 3995 2340 4050 codex
2363 3985 2524 4058 unus,
2543 3992 2764 4045 alterum
2783 3993 2850 4066 ad
2875 3985 3145 4066 tuitionem
3174 3987 3342 4066 vertit.
3374 3985 3488 4066 Cte-

1893 4079 2067 4126 terum
2102 4057 2247 4134 ‘qua:
2299 4065 2384 4121 hic
2423 4057 2713 4118 narrantur
2766 4063 2832 4134 de
2861 4060 3030 4116 sacris
3079 4059 3272 4134 clavis,
3300 4057 3489 4114 eadem

1895 4146 2056 4196 etiam
2090 4130 2400 4195 referuntur
2443 4151 2470 4189 a
2523 4135 2742 4198 Ruliuo,
2777 4133 2868 4187 lib.
2902 4148 2959 4198 ιι,
2988 4146 3107 4201 cap.
3137 4130 3171 4186 8
3199 4148 3212 4194 ;
3241 4130 3488 4188 Socrate,

1895 4214 1930 4267 Ι.
1959 4231 1997 4278 ι,
2024 4228 2074 4269 c.
2113 4211 2216 4274 t7;
2263 4209 2589 4278 Sozomeno.
2613 4207 2647 4259 Ι.
2678 4221 2738 4268 ιι,
2776 4205 2885 4278 εἰ]
2918 4222 2930 4266 ς
2975 4201 3340 4268 Ἰ“Ιιι·οι]οι“ριο,
3381 4202 3418 4257 1.
3453 4217 3492 4268 ι,

1897 4301 1946 4339 c.
1985 4276 2075 4343 i8.
2107 4293 2157 4338 et
2182 4281 2407 4335 Paulino
2428 4277 2640 4355 _Aq_ui|.,
2677 4278 2788 4355 l.xt
2817 4276 3032 4355 llistpr:
3123 4346 3134 4355 _
3215 4345 3226 4355 _
3268 4352 3276 4355 Δ
3403 4343 3415 4355 υ

1973 4366 1994 4391 ο
2021 4355 2382 4422 Hieronymus
2427 4349 2479 4404 iu
2508 4345 2654 4422 hunc
2705 4349 2880 4422 locum
2911 4346 3186 4422 Zacharite
3215 4345 3372 4400 istam
3403 4345 3488 4397 in-

1899 4417 2337 4496 terpretationem
2369 4423 2439 4477 ita
2464 4421 2669 4496 rejicit:
2697 4420 2882 4496 Audiri
2903 4439 2933 4473 (ι
2955 4417 3178 4496 quodam
3212 4431 3319 4496 rem
3341 4430 3488 4496 sensu

1897 4486 2106 4566 quidem
2135 4494 2465 4570 piogdiclaﬁm,
2515 4486 2630 4570 ἱράΔ
2662 4486 2976 4558 ridiculum,
3006 4490 3178 4570 clavos
3203 4486 3491 4541 Dontinicm

1899 4563 2066 4625 crucis
2088 4587 2114 4624 e
2132 4563 2314 4640 quibus
2359 4563 2731 4640 Constantinus
2757 4574 3020 4640 angustus
3035 4563 3212 4640 frenos
3239 4572 3490 4640 equolam

195 4639 496 4712 salutifera:
533 4639 714 4696 crucis
741 4627 1026 4703 asserit'ur,
1051 4650 1110 4712 ut
1139 4641 1564 4712 vixvquidquam
1599 4642 1794 4696 habeat
1821 4636 1872 4694 D
1900 4643 2098 4712 fecerit,
2128 4627 2361 4712 sanctum
2395 4627 2907 4712 Dominittppetla'ri.
2926 4627 3132 4712 Quilnts
3163 4630 3339 4712 teritis
3363 4627 3491 4681 Atu-

197 4711 444 4766 historiie
475 4713 644 4778 magis
673 4721 1036 4779 compertum.
1069 4711 1205 4766 Vide
1233 4711 1490 4782 Cyrillum
1513 4713 1790 4782 llier.,cp.

195 4783 264 4837 ad
321 4782 728 4848 Constantium,
759 4793 814 4836 et
867 4784 1140 4837 catccltesi
1176 4799 1224 4836 tv
1253 4799 1268 4846 ;
1300 4783 1607 4849 Paulinum,
1629 4784 1791 4849 epist.

198 4854 262 4907 ad
310 4854 500 4908 Sever.
537 4895 551 4917 ,
600 4869 752 4907 novae
782 4854 915 4908 edit.
949 4856 1010 4909 5i
1049 4872 1062 4917 ;
1109 4854 1238 4909 Sev.
1269 4854 1588 4922 Sulpitium,
1619 4855 1715 4910 lib.
1759 4871 1793 4910 ιι

197 4925 363 4985 Ilist.,
397 4941 517 4994 cap.
549 4924 657 4988 48;
706 4924 982 4989 Rufinum,
1019 4926 1112 4982 lib.
1166 4941 1227 4992 ιι,
1260 4940 1309 4978 c.
1347 4927 1376 4978 7
1408 4937 1457 4981 et
1490 4925 1523 4979 8
1553 4945 1566 4989 ;
1600 4927 1796 4981 Socra-

197 5010 328 5062 tem,
362 4997 396 5050 l.
430 5013 467 5058 ι.
498 5012 546 5049 c.
584 4997 673 5060 17,
703 5005 758 5050 et
805 4997 963 5052 alios.
1008 4996 1192 5065 Neque
1242 5012 1374 5050 vero
1425 4998 1792 5067 obiiciendum

200 5069 414 5123 Eusebii
445 5069 713 5138 Pamphili
746 5069 1021 5123 silentium
1053 5087 1067 5131 ;
1099 5083 1222 5122 nam
1256 5076 1621 5138 praeterquam
1649 5069 1790 5136 quod

197 5157 314 5211 qua!
348 5140 439 5194 ille
471 5140 506 5192 I.
530 5154 585 5194 ιιι
615 5138 831 5211 όθξνίιτι
859 5139 1146 5195 Constant.
1172 5140 1336 5194 variis
1368 5141 1502 5193 locis
1534 5140 1699 5193 tradit
1725 5141 1792 5193 de

197 5210 432 5279 sepulcri
487 5210 750 5265 Dominici
805 5211 1120 5266 inventione
1146 5251 1160 5275 ,
1194 5225 1509 5279 supponere
1537 5211 1796 5265 videntur

197 5283 375 5337 crucis
406 5282 797 5349 inventionem,
825 5283 986 5337 unius
1010 5283 1238 5337 omissio
1268 5293 1341 5336 t0t
1361 5282 1591 5336 aliorum
1616 5297 1793 5337 asser-

200 5354 331 5408 tioni
356 5353 513 5407 cedat.
542 5368 767 5408 necesse
794 5363 898 5407 est.

273 5438 294 5462 ο
327 5424 486 5477 Pater
515 5425 706 5477 aberat
739 5441 764 5475 a
799 5427 1006 5479 cunctis
1055 5425 1188 5480 edit.
1239 5440 1303 5479 ac
1349 5425 1519 5479 multo
1551 5424 1793 5495 pluribus

199 5512 356 5560 "15s.,
383 5511 542 5565 quam
573 5509 760 5548 vocem
785 5509 847 5548 ex
869 5495 1000 5564 Reg.
1026 5497 1144 5550 cod.
1177 5497 1534 5552 restituimus.
1559 5496 1793 5551 Adverte

201 5578 378 5623 autem
413 5568 516 5619 hoc
542 5565 660 5617 loco
687 5579 870 5618 veram
899 5565 1160 5620 Ecelesim
1190 5568 1473 5622 catholicae
1489 5567 1790 5623 doctrinam

201 5639 268 5692 de
292 5645 495 5691 sancta)
525 5636 704 5689 crucis
726 5644 818 5708 aut
847 5635 1141 5708 imaginum
1167 5639 1313 5691 cultu
1341 5639 1670 5700 exhibendo,
1701 5640 1792 5708 qui

202 5708 454 5762 videlicet
484 5721 588 5759 non
614 5707 934 5781 terminatur
965 5706 1164 5781 in_ip_so
1191 5709 1369 5781 signo,
1393 5711 1486 5765 sed
1519 5711 1584 5766 ad
1625 5706 1794 5781 signi-

203 5781 419 5852 ficatum
444 5786 655 5852 .mente
691 5774 942 5852 refertur.
1002 5777 1221 5852 Et_hinc
1245 5774 1434 5850 'vidcas
1465 5797 1623 5852 quam
1657 5774 1796 5852 bona

207 5851 308 5906 "de
349 5839 611 5920 scriptum
637 5847 792 5906 fuerit
817 5864 844 5903 a
877 5839 1616 5920 Magdehurgcnsilnisinulta
1650 5845 1800 5908 com"!

1901 4699 2139 4768 brosium
2172 4711 2240 4764 ab
2269 4724 2335 4763 eo
2358 4710 2517 4762 tacite
2543 4699 2780 4762 vellicari
2812 4720 2915 4760 non
2937 4699 3486 4772 atnbigimus.\le_rtnu

1900 4785 2001 4838 hac
2039 4796 2266 4838 censura
2298 4779 2431 4852 nihil
2464 4778 2917 4852 obstanteatnulti
2964 4770 3219 4841 deinceps
3254 4770 3489 4852 ﬁmbro-

1897 4857 2106 4910 sianam
2144 4849 2559 4920 explicationem
2609 4848 3120 4920 amplexatiﬂsunt,
3153 4839 3212 4898 ut
3253 4839 3492 4920 Cy_r_illus

1899 4926 2054 4980 Alex.
2081 4925 2131 4978 in
2160 4912 2348 4993 eadem
2380 4919 2660 4993 Zacharias
2690 4912 2884 4993 verba;
2911 4917 3248 4993 Sozotnenth
3272 4930 3286 4977 ;
3309 4912 3488 4993 ’l‘hc_o~

1897 4997 2154 5060 dorctus;
2184 4990 2440 5064 Paulinus
2473 4989 2675 5064 Aq_u_il.,
2711 4989 2892 5043 citatis
2933 4988 3088 5064 loris,
3114 4995 3170 5064 e_t
3198 4984 3492 5064 Gregorius

1897 5057 2148 5133 Tui-om,
2197 5063 2266 5118 de
2311 5061 2494 5117 Gloria
2551 5057 3164 5133 .‘llartyrtnu,_c._6.__St-d
3217 5057 3488 5133 exegesim

1895 5154 2112 5208 quoque
2134 5124 2604 5208 'tnoralem,_quam
2629 5124 2780 5208 sequi
2807 5129 3399 5208 maluitHieronymus,
3423 5124 3491 5178 ab

1895 5200 2184 5265 Ambrosio
2213 5207 2377 5262 etiam
2422 5200 2509 5260 hic
2563 5200 2894 5272 propositam
2918 5200 3164 5254 videmus
3194 5201 3344 5254 hisce
3371 5213 3493 5251 vcr-

1897 5281 1978 5336 bis
2009 5299 2022 5334 :
2055 5280 2161 5335 Sed
2212 5289 2385 5345 qurere
2410 5291 2567 5340 quare
2592 5284 2820 5328 sanctum
2860 5290 3013 5344 super
3034 5275 3269 5345 frenum,
3293 5279 3398 5325 etc.

1971 5351 1989 5389 τ
2021 5352 2148 5406 Mss.
2185 5342 2430 5404 nonnulli
2471 5356 2524 5401 et
2548 5345 2706 5413 edit.,
2732 5342 2987 5415 sapienter
3037 5344 3137 5416 egit
3167 5342 3485 5397 Helena.....

1896 5439 2106 5495 regnum
2135 5421 2336 5495 leuauit.
2396 5490 2407 5495 _
2484 5489 2495 5495 μ
2559 5489 2572 5495 _
2633 5489 2645 5495 Δ
2819 5475 2823 5479 .

1968 5485 1992 5542 t5
2022 5496 2147 5549 Mss.
2181 5493 2340 5561 longe
2359 5489 2596 5560 plurimi,
2627 5489 2679 5543 in
2706 5485 2936 5561 manibus
2958 5487 3321 5561 ﬁdes.Habent
3345 5502 3492 5561 coro-

1896 5583 2015 5620 nam
2045 5565 2106 5620 de
2130 5558 2404 5618 cruce}...
2432 5562 2614 5614 habent
2641 5575 2841 5630 quoque
2862 5558 2924 5612 de
2955 5574 3110 5612 cruce
3133 5576 3151 5624 ;
3181 5560 3275 5614 sed
3301 5559 3494 5613 melius

1899 5638 2015 5701 alii,
2047 5646 2100 5692 et
2123 5651 2315 5692 omnes
2345 5634 2476 5688 edit.
2507 5633 2642 5688 utin
2671 5639 2954 5685 contextu.

1974 5707 2003 5746 ιι
2029 5709 2156 5764 Mss.
2182 5708 2411 5778 aliquot,
2437 5721 2540 5760 non
2589 5705 2780 5776 injuste
2816 5703 3060 5772 precatio.
3111 5703 3178 5760 Ει
3205 5701 3367 5770 infra,
3399 5701 3501 5757 Pu-

1904 5781 2056 5835 suisti
2077 5781 2128 5834 in
2161 5779 2335 5840 capite
2361 5793 2495 5831 men.
