4022 6192
146 270 312 331 uos
785 309 789 312 ~
1481 264 1724 337 armat.
1767 264 2165 339 Aoilonm‘o.
3381 274 3522 348 i406

138 402 267 458 que
314 390 720 460 accesserint,
747 392 995 463 reliquiae
1018 388 1396 462 triutnphales.
1416 390 1538 450 Non
1565 392 1670 448 hoc
1695 400 1820 449 sen-
1843 405 1896 467 Α
1922 392 2107 449 ctabat
2150 392 2316 449 totius
2361 393 2511 450 orbis
2554 393 2962 464 imperatorem,
2992 393 3249 465 stipatum
3280 394 3522 453 exercitu

137 480 218 536 tit
246 479 460 548 Italia,
499 496 643 555 quae
671 484 853 543 claros
872 483 1142 555 spectavit
1170 482 1504 555 triumphus,
1532 498 1652 557 quae
1677 496 1706 541 a
1742 494 1797 558 ty
1920 483 2229 551 Gallicana,
2247 488 2300 540 et
2313 485 2483 542 totius
2508 487 2655 542 orbis
2678 486 2970 543 subnixum
3001 485 3227 542 viribus.
3250 487 3356 545 Sed
3382 504 3526 546 nunc

138 576 368 632 rannis
397 577 631 633 iterum
655 578 1270 646 liberata,concelebrat
1291 591 1406 634 sua:
1427 578 1698 635 libertatis
1718 593 1818 634 au-
1919 578 2036 634 illic
2066 577 2411 635 Theodosius
2458 580 2756 650 potentior,
2799 590 2946 636 nunc
2999 579 3290 652 gloriosior
3332 582 3470 639 redit
3508 600 3522 638 :

138 675 389 724 ctorem
424 685 440 721 :
480 683 610 724 non
643 668 747 725 hoc
774 669 1302 741 ConstantinOpolis,
1330 685 1454 742 quae
1481 670 1722 726 secundo
1748 669 1817 726 ad
1920 687 2078 743 quem
2112 672 2429 743 angelorum
2459 682 2679 728 caterva
2724 673 2969 742 deducit,
3019 682 3178 744 quem
3209 683 3521 731 sanctorum

138 758 478 815 victoriam
513 761 833 833 principem
855 760 1006 819 misit
1029 779 1044 817 :
1064 777 1229 834 quem
1259 777 1382 817 cum
1413 760 1579 819 vellet
1606 771 1815 830 tenere,
1920 765 2074 820 turba
2104 764 2473 836 prosequitur.
2489 764 2654 820 Beata
2675 766 2849 835 plane,
2880 780 3001 837 qua:
3024 766 3257 836 paradisi
3281 766 3516 823 incolam

141 868 270 910 non
306 854 542 925 potuit.
564 855 936 927 Exspectabat
954 856 1177 928 quidem
1196 857 1249 913 in
1278 856 1459 914 reditu
1481 858 1600 929 ejus
1626 858 1818 913 trium-
1918 859 2174 929 suscipis,
2197 867 2252 914 et
2278 858 2634 915 habitatorem
2653 872 2905 930 supernae
2927 858 3073 914 illius
3098 859 3337 917 civitatis
3356 858 3384 899 ι’
3415 872 3515 917 au-

140 944 368 1016 pbales
397 945 895 1016 solemnitates,et
925 948 1114 1006 titulos
1138 949 1493 1007 victorirum
1521 969 1535 1005 :
1570 959 1597 988 ι
1619 965 1817 1022 exspe-
1916 958 2079 1024 gusto
2105 953 2303 1024 sepulti
2332 954 2585 1025 corporis
2615 953 2828 1011 tenebis
2867 952 3129 1024 hospitio.

230 1072 261 1139 fl
297 1062 454 1139 yss.
492 1064 656 1121 Prat.
689 1081 755 1139 ac
797 1065 983 1139 Gem.,
1011 1067 1340 1139 exspectabat
1363 1075 1503 1122 totus
1529 1067 1689 1123 orbis.
1926 1064 2162 1139 sepulcro
2184 1069 2460 1123 marmoi‘is
2483 1068 2699 1135 ;ca3teri
2724 1083 2857 1124 mss.
2886 1076 2941 1123 et
2966 1082 3156 1125 omnes
3178 1067 3311 1125 edit.
3336 1068 3522 1126 nobis-

225 1133 473 1213 h_8dit.
510 1137 744 1193 Amerb.
769 1138 981 1213 _et_duo
1008 1133 1169 1207 mss.,
1222 1150 1441 1213 angusto
1482 1140 1673 1213 sepulti
1703 1155 1819 1194 ιονι-
1925 1133 2073 1213 cum,
2105 1142 2339 1213 faciunt,
2396 1133 2500 1213 nisi
2546 1139 2772 1213 quodin
2796 1139 3016 1196 illorum
3068 1140 3392 1213 quibusdam
3426 1155 3527 1213 pro

145 1207 340 1278 poris,
411 1222 597 1277 mss.,
628 1210 857 1282 sepulcri
905 1214 1180 1282 corporis;
1234 1207 1357 1266 Vit.
1404 1207 1554 1279 cod.,
1600 1220 1819 1283 augusto
1925 1212 2119 1282 sepulti
2137 1213 2304 1269 etiam
2327 1211 2525 1283 legitur
2555 1207 2803 1283 sepulcri.

172 1332 179 1361 ι
682 1334 691 1339 .
1026 1334 1031 1339 .
1938 1334 1949 1341 ,
3046 1336 3051 1339 .

562 1452 684 1540 IN
757 1446 1253 1542 HYMNOS
1328 1454 1751 1541 SANCTI
1824 1442 2385 1540 AMBROSII
2462 1450 3171 1542 ADMONITIO.

1697 1616 2025 1630 —-——

225 1684 623 1743 Ambrosium
682 1684 920 1759 hymnos
973 1683 1333 1743 elucubrasse
1391 1685 1599 1742 nemini
1647 1684 1942 1741 obscurum
1993 1694 2100 1741 est.
2146 1684 2262 1741 Hoc
2292 1699 2534 1757 namque
2563 1686 2682 1756 ipse
2710 1684 2990 1757 signiﬁcat
3028 1699 3292 1742 sermone
3330 1695 3527 1742 contra

142 1778 539 1836 Auxentium
582 1777 635 1833 in
669 1776 788 1833 haec
812 1776 978 1833 verba
1004 1793 1018 1832 :
1047 1775 1379 1849 Hymnorum
1402 1792 1603 1849 quoque
1629 1792 1859 1832 meorum
1888 1775 2203 1832 carminibus
2247 1777 2520 1848 deceptum
2563 1776 2818 1848 populum
2871 1775 3068 1845 ferunt.
3106 1774 3275 1832 Planc
3304 1794 3396 1832 nec
3427 1779 3524 1833 hoc

143 1873 365 1929 abnuo.
389 1870 625 1927 Grande
651 1888 860 1928 carmen
884 1870 1044 1939 illud,
1088 1880 1266 1942 estque
1293 1871 1427 1927 nihil
1457 1871 1739 1942 potentius.
1760 1869 1899 1938 Quid
1924 1871 2060 1925 enim
2089 1872 2372 1939 potentius,
2399 1884 2554 1940 quam
2580 1868 2833 1940 confessio
2860 1868 3158 1936 Trinitatis,
3188 1879 3294 1925 etc.
3328 1868 3526 1940 (Serm.

143 1963 219 2020 de
251 1962 542 2019 Basilicis
568 1976 710 2017 num.
742 1960 859 2034 54).
891 1959 1155 2018 Paulinus
1182 1976 1397 2034 quoque
1429 1963 1564 2019 illud
1595 1970 1829 2020 testatur
1857 1963 1912 2018 in
1945 1960 2066 2019 Vita
2098 1962 2347 2033 ejusdem
2382 1960 2662 2018 Antistitis
2683 2001 2697 2027 ,
2729 1960 2817 2016 ubi
2846 1960 3077 2016 luminae
3118 1972 3308 2016 contra
3350 1964 3529 2033 ipsum

145 2056 526 2115 insanientis
554 2056 994 2127 persecutionem
1025 2071 1291 2124 narrans,
1325 2058 1399 2114 ita
1430 2059 1713 2131 loquitur:
1748 2058 1866 2113 Hoc
1900 2059 1955 2112 in
1996 2068 2222 2129 tempore
2264 2057 2491 2128 primum
2528 2056 2859 2126 antiphouar,
2904 2053 3118 2126 hymni,
3151 2071 3213 2108 ac
3250 2055 3441 2127 vigilite
3470 2056 3527 2111 in

148 2149 425 2206 Ecclesia
464 2147 857 2202 Mediolancnsi
883 2147 1132 2204 celebrari
1159 2157 1444 2220 coeperunt.
1487 2147 1652 2220 Cuius
1693 2148 2008 2205 celebritatis
2049 2147 2256 2203 devotio
2298 2162 2459 2215 usque
2502 2146 2557 2199 in
2599 2144 2912 2200 hodiernum
2948 2145 3088 2199 diem
3126 2159 3230 2199 non
3267 2144 3438 2200 solum
3465 2146 3523 2201 in

146 2243 354 2299 cadent
407 2239 696 2306 Ecclesia,
741 2254 919 2294 verum
959 2255 1051 2312 per
1094 2255 1270 2295 omnes
1300 2237 1596 2295 Occidentis
1638 2238 1907 2295 Ecclesias
1950 2246 2141 2294 manet.
2187 2235 2431 2292 instituti
2476 2234 2637 2305 hujus
2680 2234 2898 2289 initium
2939 2233 3133 2289 eodem
3167 2236 3328 2305 plane
3358 2235 3525 2292 modo

146 2344 408 2392 sanctus
443 2333 828 2405 Augustinus,
861 2334 1019 2390 testis
1056 2334 1311 2390 oculatus
1348 2332 1609 2389 describit
1646 2333 1743 2388 lib.
1775 2349 1830 2388 ix
1857 2332 2091 2404 Confess.
2125 2346 2245 2401 cap.
2281 2331 2334 2395 7,
2368 2330 2457 2400 qui
2490 2338 2546 2384 et
2576 2327 2704 2382 alibi
2738 2325 2899 2400 (Lac.
2931 2327 3073 2399 infra
3099 2327 3226 2395 cit.)
3261 2341 3368 2382 non
3396 2342 3525 2384 raro

147 2429 520 2489 earumdem
554 2429 883 2501 hymnorum
913 2428 1165 2485 versibus
1194 2427 1251 2483 in
1278 2427 1358 2484 rei
1388 2442 1551 2496 quam
1583 2425 1783 2482 tractat
1804 2466 1820 2495 ,
1851 2425 2330 2482 conﬁrmationem
2363 2423 2561 2478 lubens
2590 2420 2784 2477 utitur.

228 2523 495 2581 Constat
532 2521 703 2594 igitur
739 2521 1075 2578 auctoritate
1115 2529 1389 2577 tantorum
1430 2520 1650 2577 testium
1690 2528 1746 2575 et
1781 2517 2152 2575 canendorum
2194 2517 2521 2589 hymnorum
2560 2515 3019 2572 consuetudinem
3061 2516 3117 2571 in
3144 2531 3339 2572 omnes
3376 2517 3523 2573 occi-

154 2616 441 2676 dentales
478 2614 762 2672 Ecclesias
788 2629 820 2671 e
846 2613 1237 2670 Mediolanensi
1269 2626 1393 2669 esse
1424 2620 1776 2683 propagatam
1801 2651 1817 2678 ,
1850 2617 1906 2667 et
1934 2607 2259 2664 eorumdem
2291 2615 2670 2679 argumentum
2701 2620 2765 2661 ac
2795 2607 3078 2662 materiem
3114 2607 3168 2662 in
3199 2606 3520 2679 explicando

153 2711 382 2769 divinae
432 2709 726 2766 Trinitatis
771 2707 1033 2780 mysterio
1071 2706 1280 2763 versari
1327 2708 1697 2762 consuevisse.
1747 2700 1856 2761 Sed
1901 2717 2002 2759 nec
2041 2701 2220 2756 minus
2258 2701 2599 2771 exploratum
2632 2708 2715 2755 est
2745 2697 2887 2754 alios
2917 2699 3081 2755 etiam
3115 2698 3383 2773 hymnos,
3416 2702 3513 2757 ubi

157 2807 200 2860 A
213 2804 385 2861 riana
403 2803 506 2858 illa
531 2810 832 2872 tempestas
850 2800 1039 2855 saevire
1060 2797 1277 2866 desiit,a
1300 2806 1487 2854 sancto
1507 2797 1735 2853 Doctore
1751 2796 2086 2866 compositos
2108 2793 2293 2860 fuisse;
2316 2790 2754 2865 quandoquidem
2780 2794 3072 2868 hocjpsum
3090 2808 3419 2864 cognoscere
3446 2797 3510 2852 li-

157 2906 287 2951 ceat
310 2912 383 2951 ex
417 2892 748 2964 Augustino,
768 2891 1099 2949 Cassiodoro
1117 2890 1262 2965 (Lib.
1288 2891 1353 2946 de
1381 2891 1543 2964 Ofﬁc.
1566 2889 1710 2945 Eccl.
1740 2906 1856 2958 cap.
1878 2886 1956 2961 6).
1975 2887 2201 2953 [sidoro,
2225 2887 2460 2943 concilio
2476 2886 2740 2943 Toletano
2762 2903 2813 2942 ιν
2830 2885 2980 2957 (Cati.
3009 2888 3117 2958 13),
3141 2888 3281 2943 Beda
3297 2900 3349 2943 et
3368 2890 3510 2945 aliis.

237 2990 446 3060 Itaque
476 2986 818 3042 difﬁcultatis
843 2984 1011 3041 cardo
1033 2986 1090 3041 in
1120 2987 1222 3040 hoc
1251 2985 1502 3052 vertitur,
1537 2993 1592 3038 ut
1626 2983 1813 3054 hymni
1844 2997 1974 3038 vere
2004 2980 2352 3037 Ambrosiani
2384 2992 2719 3052 sepouantur
2744 2983 2814 3038 ab
2843 2983 3040 3038 alienis
3061 3024 3076 3050 ,
3105 2984 3172 3039 ab
3204 2984 3311 3040 illis
3340 2985 3495 3042 vide-

162 3083 302 3140 licet
328 3097 484 3155 quos
508 3079 747 3135 Hilarius
774 3079 1131 3136 Pictaviensis
1151 3119 1166 3145 ,
1195 3076 1453 3135 Sedulius
1473 3118 1490 3145 ,
1520 3075 1885 3142 Prudentius,
1914 3074 2248 3131 Fortunatus
2266 3115 2282 3142 ,
2310 3074 2463 3144 Elpis
2492 3073 2661 3148 Boetii
2689 3075 2894 3146 conjux
2924 3116 2938 3142 ,
2970 3074 3303 3147 Gregorius,
3334 3077 3514 3134 Theo—

161 3178 421 3252 dulphus
463 3173 884 3234 Aurelianensis
903 3216 919 3241 ,
954 3172 1219 3230 Alcuinus
1246 3186 1311 3229 ac
1340 3171 1543 3227 Paulus
1569 3170 1838 3227 diaconus
1868 3179 2319 3239 composuerunt.
2353 3168 2610 3225 Gillotius
2635 3168 2726 3240 qui
2766 3170 2975 3239 primus
2999 3170 3243 3226 omnium
3284 3169 3518 3243 hymnos

162 3272 467 3329 Ambrosii
495 3268 717 3325 nomine
737 3268 969 3325 seorsim
994 3268 1277 3338 evulgatus
1307 3267 1361 3322 in
1393 3266 1655 3323 editionis
1681 3282 1794 3322 sure
1824 3265 2127 3337 appendice
2156 3265 2420 3322 collectos
2452 3265 2735 3333 exhibuit,
2769 3266 3047 3324 sexdecim
3081 3276 3357 3339 tamquam
3386 3269 3517 3323 Am-

164 3365 483 3423 brosianos
513 3361 756 3418 admisit.
792 3360 995 3417 Horum
1030 3376 1317 3418 numerum
1346 3361 1547 3417 additis
1576 3360 1879 3417 oclodet'im
1923 3360 2046 3415 aliis
2084 3360 2317 3416 Romani
2349 3360 2590 3417 editores
2621 3363 2895 3418 adauxerc
2922 3379 2937 3417 :
2966 3377 3126 3432 quem
3159 3377 3297 3417 nova
3327 3376 3516 3418 acces-

166 3460 335 3517 sione
363 3459 776 3531 amplilicarunt
802 3467 1099 3529 sequentes
1128 3457 1389 3513 Parisinae
1415 3457 1708 3513 editiones.
1736 3457 1937 3513 Verum
1967 3473 2089 3513 cum
2119 3459 2173 3513 in
2205 3457 2292 3513 his
2318 3459 2573 3515 omnibus
2601 3456 2933 3514 editionibus
2966 3458 3153 3513 inserti
3183 3456 3290 3512 sint
3322 3456 3508 3529 hymni

172 3554 402 3610 Vexilla
431 3552 595 3625 Regis
617 3552 899 3621 prodeunt,
932 3550 1066 3606 Veni
1086 3560 1288 3606 creator
1312 3551 1548 3621 Spiritus
1569 3562 1622 3605 et
1652 3550 1744 3606 alii
1774 3565 1910 3621 quos
1931 3548 2207 3605 Ambrosii
2240 3566 2345 3605 non
2376 3566 2499 3606 esse
2527 3566 2689 3607 nemo
2718 3566 2824 3606 non
2855 3550 3137 3621 agnoscit,
3162 3550 3508 3604 manifestum

170 3656 262 3703 est
291 3649 351 3704 in
382 3660 583 3704 eorum
611 3659 843 3701 censura
869 3644 1141 3702 delectum
1176 3645 1382 3701 nullum
1414 3660 1537 3701 esse
1565 3645 1869 3701 adhibitum
1898 3664 1911 3699 :
1944 3644 2038 3701 sed
2081 3645 2409 3715 quicumque
2453 3645 2638 3717 hymni
2681 3646 2924 3715 ejusdem
2972 3644 3241 3700 Ambrosii
3286 3643 3509 3699 nomine

168 3739 436 3812 insigniti
469 3737 720 3793 venerint
751 3737 804 3791 in
838 3752 1030 3793 manus
1057 3736 1325 3793 editorum
1349 3778 1365 3804 ,
1396 3737 1705 3808 promiscue
1736 3737 2025 3792 admissos.
2063 3737 2142 3792 Re
2174 3737 2391 3806 quidem
2425 3738 2537 3805 ipsa
2568 3753 2741 3806 neque
2768 3737 3043 3801 Gillotins,
3075 3752 3249 3808 neque
3278 3735 3509 3793 Romani

168 3835 378 3893 vadem
410 3834 584 3890 ullum
613 3834 769 3892 nobis
800 3833 1139 3905 producunt,
1167 3833 1324 3904 cujus
1354 3831 1479 3889 ﬁdei
1511 3832 1845 3888 credendum
1873 3826 2189 3904 putaverint
2214 3849 2225 3883 :
2259 3831 2348 3901 qui
2376 3844 2507 3887 vero
2534 3847 2718 3886 curam
2746 3839 3107 3899 susceperunt
3132 3831 3503 3885 Parisinarum

169 3928 494 3985 editionum
515 3970 530 3994 ,
558 3927 627 3983 ab
654 3926 720 3984 iis
748 3926 1054 3985 istiusmodi
1086 3936 1254 3983 testes
1276 3925 1657 3997 proferuntur,
1688 3927 1919 3997 quibus,
1949 3926 1994 3981 si
2024 3926 2224 3982 Beilam
2250 3941 2418 3981 unum
2446 3925 2686 3995 excipias
2708 3967 2722 3991 ,
2751 3926 2898 3980 nulla
2928 3924 3067 3981 ﬁdes
3093 3924 3278 3981 haberi
3311 3926 3504 3995 possit.

170 4018 312 4091 Quis
339 4020 493 4077 enim
518 4018 778 4091 hymnum
808 4017 1107 4089 quemlibet
1139 4025 1426 4089 propterea
1457 4018 1602 4073 inter
1629 4019 2026 4074 Ambrosianos
2050 4027 2276 4075 censeat
2305 4017 2684 4080 referendum,
2713 4018 2855 4086 quod
2898 4019 2980 4074 vel
3024 4020 3075 4074 in
3119 4018 3324 4075 chorali
3366 4034 3504 4088 quo--

170 4113 303 4169 dam
337 4112 717 4183 manuscripto
740 4109 937 4167 iisdem
965 4109 1269 4167 editoribus
1296 4111 1636 4179 occurrerit,
1666 4111 1754 4167 vel
1780 4111 1955 4183 ipsum
1982 4109 2304 4181 Radulphus
2328 4110 2663 4180 Tungrcnsis
2694 4106 2797 4181 (De
2825 4109 3021 4165 observ.
3052 4128 3239 4165 conon.
3275 4109 3500 4181 Propos.

172 4207 275 4274 15)
295 4248 312 4272 ,
344 4204 442 4274 qui
472 4203 693 4259 ineunte
720 4203 923 4259 saeculo
949 4201 1353 4274 quintodecimo
1378 4203 1636 4277 scripsit,
1670 4202 1851 4259 Roma:
1870 4204 1923 4258 in
1946 4203 2234 4275 liymnariis
2260 4202 2487 4273 antiquis
2507 4243 2524 4270 ,
2554 4210 2646 4257 aut
2672 4204 2836 4258 etiam
2865 4204 2919 4256 in
2951 4202 3131 4272 Uﬂicio
3156 4203 3501 4258 Ambrosiano

170 4294 415 4367 reperiri
448 4293 728 4350 afﬁrmet?
754 4292 943 4366 Neque
970 4294 1116 4351 enim
1147 4294 1282 4353 satis
1310 4296 1568 4367 probatur
1599 4295 1808 4352 nullum
1847 4294 2173 4368 hymnorum
2195 4338 2210 4364 ,
2239 4295 2329 4367 qui
2363 4295 2713 4352 continentur
2739 4296 2792 4350 in
2828 4295 2950 4352 istis
2978 4295 3169 4362 libris,
3209 4296 3500 4353 Ambrosio

176 4399 476 4456 perperam
506 4398 631 4440 esse
661 4383 1008 4456 inscriptum.

252 4476 550 4552 Dionysius
577 4475 970 4534 Chartusianus
997 4477 1326 4550 hymnorum
1349 4520 1365 4546 ,
1390 4493 1529 4551 quos
1555 4478 1949 4537 Ambrosianos
1978 4481 2312 4538 existimavit
2335 4522 2351 4549 ,
2380 4481 2690 4555 catalogum
2719 4483 2893 4537 texuit
2921 4480 3209 4557 (Ilyumor.
3237 4478 3457 4549 Enarr.)
3484 4497 3496 4533 :

176 4568 273 4624 sed
303 4584 406 4626 cur
435 4570 657 4626 eosdem
690 4571 909 4627 Doctori
935 4576 1127 4626 nostro
1154 4570 1513 4643 adjudicarit,
1546 4581 1911 4645 praeterquam
1938 4575 2005 4631 de
2034 4577 2237 4649 hymno
2256 4619 2269 4644 ,
2309 4575 2444 4633 Deus
2475 4587 2677 4632 creator
2703 4578 2931 4631 omnium
2952 4619 2965 4641 ,
2997 4578 3262 4633 rationem
3292 4574 3496 4630 nullam

179 4658 238 4716 in
271 4662 518 4720 medium
548 4661 788 4735 profert,
831 4662 935 4720 nisi
972 4664 1116 4735 quod
1159 4664 1433 4721 Ambrosii
1471 4664 1691 4738 phrasin
1730 4675 1786 4721 et
1821 4666 2196 4725 characterem
2232 4668 2287 4724 in
2326 4669 2648 4739 quibusdam
2687 4671 2784 4726 abs
2820 4685 2877 4724 se
2905 4670 3123 4740 agnosci
3157 4668 3494 4725 testiﬁcatur.

177 4745 337 4826 Quod
364 4764 746 4829 argumentum
772 4756 989 4828 quoties
1014 4757 1191 4812 solum
1218 4766 1338 4827 est,
1365 4772 1529 4830 quam
1560 4758 1613 4814 in
1644 4757 1749 4814 hoc
1774 4774 1977 4829 genere
2005 4777 2194 4832 parum
2225 4772 2395 4817 tutum
2424 4763 2493 4816 sit
2514 4803 2530 4830 ,
2560 4761 2719 4817 facile
2746 4762 3041 4833 intelligas.

247 4844 370 4903 Non
406 4846 603 4917 majori
629 4856 782 4905 cura:
812 4846 914 4902 fuit
942 4842 1292 4916 Clicthoveo,
1321 4856 1384 4903 ut
1410 4863 1547 4919 quos
1580 4848 1815 4921 hymnos
1844 4849 1945 4906 sub
1975 4849 2248 4906 Ambrosii
2286 4851 2444 4905 titulo
2472 4863 2756 4908 enumerat
2787 4850 2887 4924 (In
2915 4854 3256 4908 elncidatario
3276 4854 3294 4923 )
3314 4893 3329 4919 ,
3371 4851 3500 4907 illos

179 4939 361 4997 eidem
390 4940 635 4997 vindicet
660 4939 842 4997 allatis
862 4941 1238 5013 argumentis;
1269 4951 1500 5014 excepto
1525 4942 1674 4999 enim
1705 4943 1906 5016 hymno
1925 4985 1939 5006 ,
1967 4942 2187 4999 Afterne
2212 4960 2384 4998 rerum
2412 4945 2669 5013 conditor,
2698 4962 2858 5017 quem
2888 4947 2957 5001 oh
2985 4947 3103 5014 ejus
3130 4963 3254 5003 cum
3285 4947 3499 5004 Hexae-

180 5051 338 5093 mero
368 5040 789 5111 cognationem,
824 5037 1067 5096 indidem
1101 5039 1330 5111 petitum
1361 5039 1678 5108 existimat;
1711 5039 1777 5097 ad
1811 5039 2123 5113 probandos
2150 5040 2288 5096 alios
2320 5055 2427 5096 non
2462 5042 2622 5096 aliam
2655 5044 2921 5097 rationem
2954 5043 3121 5108 citat,
3154 5059 3314 5113 quam
3347 5058 3500 5099 com-

124 5184 133 5190 _
181 5144 409 5186 munem
431 5131 776 5202 opinionem.

252 5221 403 5280 Idem
437 5226 645 5295 pariter
674 5225 1023 5283 statuendum
1053 5236 1139 5284 est
1165 5225 1237 5285 de
1259 5227 1492 5286 Gavanti
1525 5228 1832 5304 (Comment.
1864 5231 1920 5286 in
1944 5228 2138 5297 Rubr.,
2169 5230 2197 5304 §
2226 5230 2282 5293 5.
2314 5248 2432 5302 cap.
2461 5232 2518 5303 6)
2551 5234 2884 5287 auctoritate
2906 5274 2921 5300 ,
2954 5235 3159 5305 quippe
3187 5236 3276 5305 qui
3309 5236 3500 5305 explo-

182 5316 371 5373 randis
387 5316 610 5391 hymnis
639 5318 1019 5376 Ambrosianis
1050 5335 1157 5376 non
1191 5320 1397 5394 lydinm
1430 5323 1670 5394 lapidem
1699 5324 1956 5381 adhibeat
1977 5367 1994 5391 ,
2025 5325 2120 5381 sed
2155 5326 2531 5382 tantununodo
2564 5328 2677 5396 jam
2719 5329 3009 5384 citatorum
3058 5329 3325 5398 lladulphi
3349 5332 3499 5393 Tun-

182 5411 433 5478 grensis,
467 5411 709 5483 Dionysii
737 5411 1126 5480 Chartusiani,
1154 5414 1455 5473 Clicthovci
1480 5458 1496 5484 ,
1527 5418 1816 5475 autetiam
1855 5419 2089 5475 aliorum
2132 5419 2312 5475 adhuc
2349 5420 2448 5476 εενί
2492 5420 2809 5491 posterioris
2846 5421 3111 5491 judicium
3155 5425 3495 5495 sequendum

187 5504 291 5558 sibi
323 5515 620 5577 proponat.

255 5593 528 5655 Habemus
556 5598 836 5670 antiquius
860 5598 929 5656 de
958 5599 1178 5672 hymnis
1211 5601 1463 5661 Doetoris
1492 5607 1665 5662 nostri
1696 5606 2072 5664 testimonium
2104 5608 2159 5664 in
2190 5608 2391 5679 Regula
2424 5609 2573 5667 beati
2605 5609 2887 5667 Benedicti
2915 5629 2929 5679 ;
2962 5611 3050 5668 hic
3081 5614 3232 5669 enim
3275 5625 3497 5674 sanctus

184 5683 310 5741 dum
347 5688 400 5744 in
431 5706 493 5748 ea
525 5691 698 5749 divini
724 5691 904 5751 Ofﬁcii
936 5694 1211 5753 rationem
1236 5698 1352 5755 suis
1385 5701 1693 5770 praescribit
1723 5700 1896 5777 (Cap.
1926 5704 1991 5772 9,
2023 5705 2119 5770 lii,
2158 5704 2224 5761 16
2251 5714 2296 5760 et
2336 5705 2393 5759 l7
2420 5705 2473 5778 ),
2515 5705 2932 5775 Ambrosianum,
2977 5710 3190 5767 scilicet
3232 5726 3453 5769 carmen
3479 5751 3494 5779 ,

185 5781 325 5853 quod
354 5794 409 5843 et
430 5785 535 5844 iam
568 5788 700 5847 alibi
727 5790 975 5865 hymnum
1006 5789 1205 5849 vocitat
1226 5837 1241 5862 ,
1277 5794 1344 5851 ad
1372 5795 1615 5870 singulas
1644 5799 1807 5857 horas
1835 5799 2047 5857 cantari
2071 5799 2246 5873 jubet.
2280 5799 2480 5859 Verum
2513 5810 2693 5861 tamen
2722 5803 2812 5876 qui
2845 5804 3236 5862 commentaria
3268 5808 3508 5880 scripse-
