3982 6248
544 232 687 292 140⁵1
1863 229 2111 290 SANCTI

2295 229 2471 288 ROSII
3809 237 3867 290 lli

540 359 670 408 runt
698 351 754 408 in
796 350 1046 409 eamdem
1077 349 1344 424 Regulam
1366 392 1380 417 ,
1415 364 1606 408 vocem
1635 349 2031 406 Ambrosianum
2057 361 2180 422 post
2206 351 2410 407 dictum
2440 349 2786 422 Radulphum
2818 351 2892 406 ita
2924 351 3470 424 interpretantur,
3509 358 3580 407 ut
3608 365 3710 408 eos
3739 352 3874 423 bynu.

541 445 629 502 vel
669 460 797 516 quos
834 447 1058 517 confecit
1091 445 1429 513 Ambrosius,
1461 447 1538 502 uel
1565 446 1699 503 alios
1727 449 1796 502 ad
1844 447 2187 503 imitationem
2225 449 2691 504 Ambrosianorum
2731 450 3041 522 compositos
3081 449 3435 521 designet.
3476 449 3752 522 Alioquin
3788 451 3872 504 etii:

542 555 651 598 non
684 542 820 598 satis
849 552 1101 609 constat,
1136 560 1204 600 an
1233 543 1398 601 iidem
1426 544 1647 617 hymni,
1679 542 1879 616 quibus
1911 545 1964 601 in
1995 544 2240 603 Ecclesia
2273 545 2547 618 hodieque
2578 546 2805 612 utimur,
2835 545 2946 616 jam
2977 545 3104 602 inde
3145 560 3186 600 τι
3226 551 3545 617 tempore
3576 545 3756 600 sancti
3781 544 3874 598 Bia

547 631 682 690 dicti
706 634 830 690 cani
855 635 1198 692 consuerint.

617 725 676 782 In
707 727 810 783 hac
840 736 988 784 tanta
1019 727 1337 786 diliicullate
1365 729 1689 803 hymnorum
1721 730 2001 788 Ambrosii
2031 732 2204 788 nostri
2235 732 2302 788 ab
2332 732 2530 788 alienis
2559 731 3067 804 distinguendorum
3097 733 3445 805 optimum
3493 746 3634 788 esse
3674 730 3811 787 nobis
3837 733 3874 780 vi

542 835 664 880 sum
693 830 814 891 est,
849 832 908 880 ut
935 838 1032 894 pro
1063 823 1431 880 Ambrosiano
1457 825 1668 880 nullum
1696 825 2086 894 admittamus,
2121 827 2210 898 qui
2243 826 2530 896 locupletis
2555 827 2786 896 alicujus
2817 827 2974 883 testis
3001 827 3388 883 auctoritate
3457 841 3581 882 non
3630 835 3870 881 asserunt;

538 917 712 973 satius
740 916 995 974 videlicet
1022 917 1400 976 existimantes
1443 918 1794 989 paucioribus
1836 927 1892 974 at
1932 918 2265 975 certioribus
2312 919 2414 974 hoc
2459 919 2514 974 in
2555 918 2835 975 volumine
2866 919 3042 975 locum
3074 918 3378 976 tribuere
3402 962 3421 987 ,
3460 934 3646 990 quam
3679 927 3737 973 ut
3760 933 3873 973 corna

542 1025 806 1067 numerus
835 1011 1252 1080 multiplicetur,
1287 1011 1759 1069 indiscriminatim
1791 1027 1951 1069 veros
1980 1027 2104 1068 cum
2136 1012 2289 1068 falsis
2320 1014 2372 1067 in
2406 1029 2572 1068 unum
2603 1013 2968 1070 confundere.

618 1103 864 1160 Primum
894 1120 1086 1162 eorum
1110 1149 1126 1172 ,
1158 1122 1296 1178 quos
1323 1105 1413 1162 hic
1441 1106 1690 1175 edimus,
1717 1107 1843 1178 jure
1871 1107 2102 1164 dicimus
2128 1105 2402 1164 Ambrosii
2431 1123 2573 1163 esse.
2607 1108 2827 1165 Testem
2869 1109 3140 1166 habemus
3179 1123 3252 1164 sa
3266 1120 3498 1165 notum
3534 1110 3869 1180 Augustinum.

545 1199 704 1271 cujus
735 1200 1022 1272 sequentia
1049 1201 1210 1255 verba
1243 1202 1539 1273 leguntur:
1571 1199 1639 1256 In
1669 1203 1767 1255 hoc
1795 1200 1929 1256 libro
1957 1200 2070 1254 dixi
2100 1200 2154 1255 in
2182 1201 2409 1271 quodam
2439 1200 2552 1254 loco
2580 1200 2643 1256 de
2681 1204 2921 1270 apostolo
2970 1199 3160 1268 Petro,
3216 1201 3397 1270 quod
3446 1201 3509 1254 in
3547 1201 3646 1254 illo
3692 1209 3865 1268 tamquam

565 1315 596 1350 n
631 1305 778 1366 petra
809 1296 1030 1366 fundata
1057 1297 1122 1350 sit
1154 1295 1385 1352 Ecclesia
1406 1340 1420 1365 ,
1453 1297 1540 1369 qui
1567 1311 1746 1351 sensus
1775 1297 1931 1351 etiam
1959 1303 2200 1350 cantatur
2232 1310 2322 1348 ore
2350 1294 2628 1347 multorum
2672 1295 2725 1347 in
2768 1293 2998 1350 versibus
3034 1294 3365 1349 beatissimi
3419 1293 3738 1356 Ambrosii,
3765 1293 3864 1344 abi:-

547 1387 702 1445 Gallo
727 1389 1020 1462 gallinaceo
1047 1391 1119 1444 ait
1144 1406 1163 1444 :
1196 1388 1313 1444 Hoc
1342 1391 1459 1462 ipsa
1487 1399 1631 1460 petra
1662 1388 1911 1444 Ecclesia:
1939 1397 2156 1442 canente
2183 1385 2394 1456 culpant
2426 1385 2580 1440 diluit
2612 1384 2765 1455 (Lib.
2796 1402 2813 1440 ι
2844 1385 3074 1442 Retract.
3109 1404 3167 1444 c.
3205 1388 3289 1443 21
3314 1387 3366 1460 ).
3410 1387 3491 1443 Et
3523 1401 3664 1441 sane
3688 1385 3858 1440 cumdie.

548 1488 809 1559 hymnum
839 1502 905 1543 ex
938 1487 1276 1543 llexaemero
1308 1487 1449 1560 (Lib.
1481 1503 1536 1556 v,
1569 1503 1688 1557 cap.
1717 1485 1816 1558 24)
1845 1485 2194 1556 desumptum
2227 1497 2348 1540 esse
2379 1498 2410 1538 a
2441 1482 2629 1539 multis
2657 1482 2978 1539 auctoribus
3013 1490 3137 1553 post
3176 1481 3433 1538 Bedam
3473 1479 3591 1554 (De
3618 1481 3735 1534 Arte
3757 1490 3859 1530 mea

546 1579 918 1636 venerabilem
948 1579 1300 1635 observatum
1330 1590 1437 1637 est.

617 1672 898 1730 Secundus
929 1672 1164 1745 hymnus
1193 1674 1262 1729 ah
1289 1673 1482 1729 eodem
1509 1672 1818 1744 Augustino
1848 1674 2011 1729 etiam
2042 1672 2334 1741 indicatur,
2364 1673 2454 1730 ubi
2483 1688 2640 1729 suum
2669 1674 2739 1729 de
2765 1684 3018 1729 materno
3044 1687 3312 1729 excessu
3352 1672 3589 1728 luctum
3624 1673 3695 1726 ita
3721 1683 3852 1724 meas

541 1778 629 1823 rat
653 1789 666 1823 :
703 1766 861 1821 Eram
881 1807 896 1833 ,
932 1767 1106 1836 inquit
1130 1765 1270 1838 (Lib.
1302 1783 1385 1833 tx,
1415 1784 1533 1836 cap.
1564 1767 1689 1837 η),
1718 1768 1774 1821 iu
1806 1767 1937 1823 lecto
1965 1783 2080 1823 meo
2108 1769 2250 1822 solus
2273 1809 2288 1834 ,
2319 1768 2623 1823 recordatus
2651 1769 2907 1824 veridicos
2936 1783 3112 1824 versus
3139 1768 3455 1823 Ambrosii
3482 1767 3569 1821 lui
3590 1785 3611 1830 ,·
3637 1775 3690 1820 tu
3713 1781 3756 1819 cs
3777 1763 3850 1818 eius

541 1857 684 1914 Deus
710 1868 912 1914 creator
939 1859 1193 1913 omnium.
1225 1858 1396 1926 Quem
1426 1857 1687 1929 hymnum
1719 1859 1883 1914 etiam
1911 1858 2008 1913 lib.
2038 1874 2094 1913 vt
2136 1860 2200 1914 de
2228 1859 2432 1914 Musica
2453 1901 2470 1926 ,
2503 1875 2621 1930 cap.
2657 1859 2692 1914 9
2717 1901 2730 1926 ,
2764 1859 3042 1931 designari
3075 1875 3193 1914 non
3231 1859 3634 1930 ambigimus.

615 1949 808 2007 Tertiii
841 1965 1058 2022 quoque
1091 1951 1277 2023 hymni
1309 1952 1508 2006 citatus
1534 1951 1726 2007 doctor
1757 1953 1830 2007 ita
1863 1951 2112 2008 meminit
2141 1953 2281 2026 (Lib.
2316 1955 2379 2009 de
2409 1952 2541 2008 Nat.
2571 1965 2616 2009 et
2645 1952 2794 2008 Grut.
2825 1971 2872 2008 c.
2903 1952 3036 2026 65):
3083 1953 3274 2021 Quem
3309 1955 3579 2022 spiritum
3618 1933 3874 2026 γηειιιοταω(

542 2046 818 2118 episcopus
843 2045 1000 2100 etiam
1031 2045 1270 2118 precibus
1297 2045 1680 2116 impetrandum
1711 2045 1952 2102 admonet
1977 2085 1992 2100 .
2021 2086 2034 2102 .
2064 2089 2076 2101 .
2106 2088 2120 2102 .
2141 2047 2230 2102 ubi
2261 2048 2318 2102 in
2346 2047 2540 2120 hymno
2570 2064 2666 2102 suo
2696 2048 2823 2102 dicit
2851 2064 2869 2102 :
2910 2048 3152 2120 Votisquc
3184 2058 3435 2121 praestet
3464 2046 3665 2102 sedulis
3691 2053 3844 2098 sanctis
3871 2035 3874 2106 ἱ

546 2138 734 2193 mereri
762 2136 1042 2210 Spiritum.
1075 2138 1171 2210 llic
1201 2137 1436 2210 hymnus
1464 2138 1723 2194 similiter
1752 2137 1990 2195 refertur
2019 2139 2160 2194 inter
2193 2119 2589 2195 Ambrosianos
2615 2154 2644 2193 a
2673 2138 2974 2195 venerabili
3005 2119 3147 2195 Beda
3185 2119 3387 2212 (Loco
3415 2136 3545 2210 cit.)
3564 2180 3578 2202 ,
3616 2146 3666 2192 et
3690 2133 3840 2188 habent

543 2249 670 2290 cum
701 2235 754 2290 in
788 2233 1083 2290 Breviariis
1101 2218 1604 2304 Cistersiensibus,
1653 2242 1765 2290 tum
1815 2234 1868 2291 in
1916 2233 2122 2290 ultimis
2168 2233 2506 2289 editionibus
2553 2231 2819 2289 Parisinis
2865 2231 3103 2303 Operum
3149 2230 3724 2292 Ambrosianorum,
3757 2222 3840 2278 undi

550 2329 704 2387 illum
744 2329 849 2385 huc
883 2329 1283 2386 transtulimus.

625 2427 699 2482 De
721 2436 917 2498 quarto
947 2427 1149 2499 hymno
1171 2427 1422 2484 dubitare
1447 2441 1558 2483 non
1582 2425 1753 2498 magis
1783 2425 1948 2493 licet,
1974 2441 2134 2498 quam
2159 2425 2227 2481 de
2253 2425 2427 2480 tribus
2447 2423 2847 2496 superioribus.
2872 2421 3111 2478 Primam
3139 2421 3280 2492 ejus
3311 2420 3598 2492 stropheu
3621 2417 3670 2472 in
3688 2408 3836 2484 Synna?

553 2519 802 2576 Romana
843 2535 909 2575 ex
951 2520 1240 2576 Baluziana
1278 2519 1618 2576 Collectione
1656 2534 1801 2576 anno
1837 2519 1944 2576 430
1983 2519 2262 2575 celebrata
2301 2517 2597 2574 Ambrosio
2638 2518 2930 2588 ascriptam
2972 2516 3343 2588 reperimus,
3395 2531 3506 2570 nec
3544 2527 3648 2568 non
3673 2503 3832 2562 abiicie-

552 2621 768 2690 phunsv»
799 2619 874 2674 De
902 2617 1111 2690 Perpet.
1143 2618 1344 2690 Virgin.
1375 2617 1550 2672 Beata:
1571 2615 1760 2671 Maria:
1785 2631 1890 2671 non
1920 2615 2090 2671 semel
2125 2614 2458 2685 propositam
2489 2631 2502 2669 :
2535 2623 2784 2684 quartam
2815 2627 2948 2668 vero
2980 2627 3087 2667 non
3117 2612 3300 2667 modo
3336 2610 3492 2681 apud
3521 2601 3832 2693 Cassiodotufﬁ

553 2711 646 2785 (In
675 2712 820 2769 Psal.
847 2731 938 2768 vut
968 2716 1020 2768 in
1041 2714 1220 2769 Coucl.
1248 2724 1296 2768 et
1322 2714 1375 2766 in
1403 2711 1552 2767 Psal.
1585 2713 1730 2780 but)
1754 2753 1769 2778 ,
1793 2710 1888 2766 sed
1920 2709 2087 2766 etiam
2116 2708 2258 2779 apud
2281 2709 2542 2764 Fausutm
2573 2708 2899 2778 ltegiensem
2927 2707 3078 2778 legas
3101 2747 3115 2772 ,
3139 2706 3242 2778 qui
3278 2706 3592 2776 episc0pus
3619 2698 3681 2755 de
3704 2691 3828 2750 cadam

555 2805 643 2862 hi»
674 2809 858 2862 verbis
884 2808 993 2878 agit
1025 2805 1220 2879 (Epist.
1252 2807 1319 2860 ad
1345 2805 1412 2860 (ἒ.
1442 2805 1656 2874 Diac.):
1691 2805 1878 2876 Accipe
1901 2805 2057 2859 etiam
2082 2804 2135 2858 in
2165 2805 2353 2874 hymno
2385 2804 2551 2857 sancti
2590 2804 2838 2857 antistitis
2879 2810 2928 2856 et
2969 2803 3298 2871 confessoris
3345 2796 3616 2856 Ambrosii
3634 2835 3648 2862 ,
3669 2804 3782 2863 quem
3802 2786 3827 2833 in

555 2902 721 2957 natali
749 2901 1025 2956 Dominico
1051 2917 1142 2971 per
1169 2917 1342 2954 omnes
1370 2898 1543 2954 Italia!
1569 2909 1614 2954 et
1641 2896 1831 2953 Gallia:
1859 2899 2094 2970 regiones
2124 2897 2375 2968 persultat
2410 2895 2644 2950 Ecclesia
2666 2915 2683 2950 :
2715 2895 2950 2951 Procede
2979 2895 3044 2949 de
3073 2894 3324 2950 thalamo
3352 2904 3479 2958 tuo,
3510 2899 3616 2947 etc.
3860 2887 3864 2912 π

629 2995 863 3061 Quintus
892 2993 1162 3048 indicatur
1190 3010 1219 3047 a
1249 2991 1582 3049 Cassiodorn
1603 3037 1618 3059 ,
1651 2992 1781 3048 dum
1811 2993 1892 3049 sic
1922 2993 2166 3064 loquitur
2193 2990 2285 3063 (In
2317 2990 2468 3045 Paul.
2499 2991 2687 3063 Lxxtv)
2713 3009 2726 3044 :
2759 2990 2828 3046 Ut
2858 2993 3041 3046 latices
3071 2990 3307 3063 fontium
3342 2989 3592 3043 ruborem
3619 2978 3733 3043 vini,
3757 2989 3823 3025 nu-

557 3092 664 3138 tata
693 3082 978 3152 qualitate,
1015 3083 1364 3152 susciperent,
1395 3099 1546 3153 quem
1575 3093 1758 3137 natura
1786 3100 1887 3137 non
1913 3082 2112 3138 habuit.
2148 3082 2300 3138 Unde
2326 3082 2505 3137 beatus
2531 3083 2833 3138 Ambrosius
2859 3084 2914 3138 in
2942 3084 3133 3155 hymno
3159 3093 3375 3138 sancta:
3407 3074 3704 3150 Epiphania
3722 3067 3821 3121 mira-

561 3173 731 3228 biliter
757 3174 1065 3226 declamauit
1093 3174 1517 3241 splendidissima
1545 3177 1660 3229 luce
1685 3175 1973 3230 verborum.
2021 3177 2098 3231 Ex
2142 3176 2358 3248 hymnis
2386 3187 2569 3232 autem
2599 3177 2817 3234 duobus
2846 3179 3043 3250 quibus
3075 3181 3426 3252 mysterium
3463 3167 3748 3245 Epiphania:
3767 3171 3819 3212 ce-

561 3265 830 3320 lebratum
860 3267 1024 3319 etiam
1059 3281 1202 3320 nunc
1234 3267 1489 3332 habetur,
1522 3269 1662 3324 alter
1691 3285 1852 3340 quem
1883 3271 1938 3325 in
1969 3270 2090 3341 ejus
2118 3271 2225 3327 diei
2270 3271 2466 3328 Ollicio
2512 3272 2663 3328 canit
2710 3273 2958 3330 Ecclesia
2983 3313 2999 3339 ,
3051 3273 3270 3330 Sedulii
3314 3281 3405 3331 est
3435 3290 3449 3326 :
3500 3269 3636 3323 alter
3669 3273 3763 3314 vero
3790 3253 3818 3303 ili

561 3355 864 3412 Breviariis
888 3354 1108 3410 Ordinis
1135 3355 1524 3412 Cisterciensis
1546 3400 1560 3424 ,
1595 3375 1696 3415 nec
1725 3375 1831 3415 non
1859 3359 1912 3415 in
1942 3363 2233 3433 postremis
2260 3363 2744 3421 Ambrosianornm
2773 3365 3012 3435 Operum
3040 3365 3393 3422 editionibus
3423 3367 3618 3420 exsmt.
3647 3354 3693 3408 lu
3713 3357 3816 3420 quem

562 3464 688 3504 cum
721 3448 1003 3520 aptissime
1032 3449 1304 3520 quadrent
1331 3451 1497 3508 citata
1528 3455 1696 3510 verba
1725 3454 2041 3512 Cassiodori
2065 3499 2079 3524 ,
2111 3473 2218 3513 non
2249 3456 2614 3516 dubitavimus
2654 3461 2905 3518 eumdem
2949 3461 3093 3516 inter
3133 3461 3433 3532 legitimos
3475 3453 3604 3513 tanti
3639 3437 3815 3503 Doctatis

564 3543 709 3600 fetus
738 3543 1054 3600 admittere.

632 3637 856 3695 Sextum
891 3640 1148 3712 hymnum
1179 3651 1271 3696 aut
1303 3643 1486 3714 potius
1517 3643 1703 3716 hymni
1735 3644 2097 3718 fragmentum
2124 3647 2451 3704 auctoritate
2480 3648 2727 3720 ejusdem
2759 3648 3072 3706 Cassiodori
3098 3648 3200 3723 (In
3229 3650 3392 3705 Psal.
3419 3645 3508 3718 Cl)
3537 3634 3812 3710 τερταξεθηιθ

568 3746 690 3787 mus
711 3775 724 3800 ,
755 3733 875 3803 ejus
906 3735 1105 3804 quippe
1134 3735 1200 3792 de
1232 3735 1328 3790 illo
1359 3738 1732 3793 testimonium
1762 3739 1993 3820 legimus
2025 3741 2078 3795 in
2112 3740 2229 3795 lucc
2259 3741 2422 3796 verba
2452 3760 2464 3796 :
2497 3741 2635 3796 Hinc
2667 3745 2822 3798 etiam
2852 3745 3018 3801 sancti
3049 3745 3318 3800 Ambrosii
3350 3739 3630 3798 secundum
3653 3727 3809 3815 Aposlt'

566 3825 675 3880 lum
702 3826 846 3880 hora:
870 3838 1027 3882 sextw
1054 3844 1232 3882 roseus
1261 3829 1484 3900 hymnus
1511 3831 1599 3885 ille
1626 3833 1854 3889 redoluit
1878 3850 1896 3900 ,'
1927 3835 1999 3887 ait
2027 3835 2163 3888 enim
2187 3850 2205 3888 :
2232 3834 2407 3889 Orabo
2433 3848 2600 3891 mente
2626 3834 2907 3892 Dominum
2930 3882 2944 3905 ,
2978 3847 3084 3896 etc.
3111 3838 3307 3910 Neque
3335 3851 3472 3892 vero
3500 3833 3579 3886 his
3605 3822 3810 3910 Senatorii

571 3918 819 3974 laudihus
850 3919 939 3974 hic
970 3921 1204 3992 hymnus
1235 3921 1488 3994 indignus
1515 3934 1630 3989 est,
1664 3925 1711 3980 si
1742 3926 2121 3981 tantummodo
2151 3937 2428 3998 spectetur
2457 3944 2689 3996 sensus;
2723 3942 3096 3988 verumtamen
3131 3933 3186 3988 in
3210 3906 3450 3988 dubium
3480 3940 3584 3981 non
3612 3906 3806 3974 immeriti

567 4014 814 4069 revocari
838 4023 1025 4085 potest
1041 4057 1055 4079 ,
1086 4031 1212 4070 num
1238 4031 1367 4072 vere
1390 4019 1459 4073 ab
1481 4018 1770 4074 Ambrosio
1795 4019 1957 4075 luerit
1977 4023 2337 4091 compositus,
2363 4038 2484 4078 cum
2515 4025 2567 4080 in
2594 4025 2787 4080 eodem
2813 4028 2961 4099 leges
2983 4029 3246 4084 carminis
3277 4038 3506 4099 prorsus
3529 4013 3805 4099 n88'583"f""

567 4106 785 4163 Etenim
815 4122 882 4163 ex
912 4109 979 4163 iis
1007 4110 1295 4178 omnibus,
1325 4110 1395 4166 de
1421 4112 1617 4182 quibus
1642 4112 1755 4182 jam
1783 4121 1909 4168 ante
1937 4128 1965 4166 a
1994 4113 2139 4168 nobis

2236 4123 2380 4170 ctum
2409 4126 2491 4172 est
2509 4159 2522 4181 ,
2552 4117 2698 4172 clare
2725 4119 3038 4174 ostenditur
3063 4120 3383 4190 peritiorem
3407 4110 3661 4172 exstitisse
3683 4100 3724 4154 in
3742 4092 3802 4146 δοῖ

569 4214 772 4271 genere
797 4210 1045 4256 sanctum
1073 4202 1392 4259 Antistitem
1417 4243 1432 4270 ,
1461 4218 1622 4272 quam
1650 4213 1707 4258 ut
1733 4212 1841 4259 tam
1869 4205 2070 4261 crebro
2095 4206 2440 4278 impingeret.
2471 4209 2578 4264 Sed
2607 4208 2919 4266 Cassiodori
2947 4226 3054 4266 non
3085 4212 3403 4282 putavimus
3431 4195 3703 4275 negandum
3729 4191 3807 4238 ευθλ

573 4295 782 4351 toritati
807 4338 822 4361 ,
852 4305 911 4351 ut
939 4297 1083 4351 inter
1108 4297 1383 4352 Ambrosii
1414 4298 1589 4352 nostri
1615 4299 1855 4354 carmina
1882 4300 2268 4355 suavissimum
2314 4301 2449 4357 illud
2488 4305 2821 4373 poematium
2851 4305 3168 4376 recipiatur.

646 4388 878 4458 δυνιίπιῑ
909 4391 1093 4462 hymni
1129 4391 1340 4460 primus
1367 4393 1676 4448 versiculus
1702 4392 1776 4446 ita
1804 4401 2140 4447 memoratur
2171 4393 2313 4463 apud
2344 4394 2544 4450 Bedam
2579 4395 2679 4467 (De
2706 4397 2830 4451 Arte
2858 4397 3033 4468 metr.)
3060 4415 3073 4453 :
3105 4397 3214 4454 Sed
3244 4410 3291 4453 et
3324 4382 3640 4452 Ambrosiani
3669 4391 3714 4430 ιο
3734 4382 3805 4468 ηιξ-⁸

570 4484 710 4537 sime
739 4494 956 4535 currtmt
981 4499 1000 4536 :
1029 4480 1295 4562 Splendor
1323 4493 1558 4555 paterna
1584 4483 1789 4556 gloriae.
1818 4480 1916 4538 Cui
1948 4484 2226 4540 versiculo
2256 4485 2348 4541 ubi
2379 4485 2612 4556 subjecit
2649 4486 2860 4556 primos
2899 4453 3184 4544 treslalios
3225 4487 3388 4543 trium
3427 4453 3800 4562 hymnorumv‘fl‘?

572 4576 770 4648 quibus
796 4577 910 4645 jam
941 4559 1184 4648 egimus,
1216 4576 1318 4632 hoc
1352 4577 1514 4634 modo
1543 4579 1896 4649 prosequitur
1923 4596 1934 4631 :
1965 4577 2032 4632 Et
2060 4580 2233 4634 cancri
2263 4581 2555 4651 perplures,
2589 4581 2641 4635 in
2679 4583 2861 4653 quibus
2881 4583 3230 4652 pulcherrimo
3260 4591 3333 4638 est
3365 4581 3543 4634 decore
3576 4559 3802 4633 composit”

572 4674 796 4745 hymnus
820 4672 1090 4728 beatorum
1118 4684 1408 4746 martyrum
1433 4691 1450 4729 :
1478 4674 1702 4730 ZEterna
1724 4672 1918 4731 Christi
1945 4692 2160 4731 munera
2179 4719 2193 4743 ,
2223 4687 2329 4733 etc.
2361 4677 2476 4733 Non
2503 4678 2721 4734 videtur
2745 4689 2928 4736 autem
2955 4681 3314 4737 commodiori
3343 4689 3502 4733 sensu
3529 4659 3671 4732 accipi
3693 4656 3797 4748 Ροξὲέ

577 4768 681 4823 hoc
708 4769 1106 4837 testimonium,
1129 4785 1290 4840 quam
1316 4771 1362 4826 si
1389 4769 1644 4827 eumdem
1671 4769 1932 4842 hymnum
1958 4769 2254 4826 Ambrosio
2280 4787 2376 4842 per
2404 4771 2538 4826 illud
2567 4771 2789 4827 attribui
2817 4771 3238 4842 interpretemur
3258 4791 3272 4831 :
3295 4785 3403 4843 quo
3427 4761 3626 4835 quidem
3647 4746 3800 4807 mimi"e

575 4861 754 4932 ipsum
781 4861 1104 4919 admisimus
1134 4872 1330 4920 octavo
1358 4865 1498 4919 loco.
3667 4932 3696 4937 _
3722 4929 3731 4937 ,

647 4956 893 5027 Nonum,
918 4958 1190 5016 decimum
1214 5001 1228 5026 ,
1256 4970 1419 5030 atque
1442 4959 1797 5016 undecimum
1828 4961 1984 5016 nobis
2013 4960 2276 5017 indicavit
2303 4960 2624 5017 llincmarus
2653 4961 2952 5017 Remorum
2979 4961 3264 5032 cpiscopus
3291 4958 3390 5030 (De
3414 4967 3508 5008 non
3528 4946 3646 5039 trimi

575 5051 733 5119 cujus
763 5051 1144 5106 auctoritatem
1177 5051 1278 5105 hac
1310 5051 1362 5106 in
1395 5066 1454 5106 re
1481 5051 1820 5121 sequendam
1851 5067 1917 5106 eo
1949 5066 2122 5122 usque
2152 5049 2400 5106 ducimus
2424 5093 2437 5116 ,
2471 5061 2744 5123 quatenus
2774 5051 2856 5106 vel
2889 5050 3076 5120 hymni
3107 5059 3260 5106 tanto
3287 5045 3496 5104 nomine
3519 5027 3645 5102 digni

577 5152 685 5208 tur,
718 5145 799 5199 vel
836 5143 983 5198 nulla
1021 5144 1159 5198 ratio
1190 5152 1247 5197 ut
1275 5143 1346 5198 ab
1375 5143 1494 5214 ejus
1517 5143 1840 5198 recedamus
1858 5141 2149 5209 sententia,
2170 5143 2412 5197 animum
2441 5142 2689 5212 impellit.
2723 5140 2879 5206 Nam,
2907 5140 3147 5212 exempli
3173 5139 3365 5210 gratia,
3399 5134 3631 5205 hymnum
3654 5130 3665 5167 :

578 5247 756 5290 sancte
782 5236 928 5290 nobis
962 5236 1193 5304 Spiritus
1216 5277 1230 5301 ,
1270 5237 1362 5306 qui
1401 5237 1620 5291 canitur
1655 5236 1724 5291 ad
1763 5238 1952 5290 horam
1994 5234 2207 5290 tertiam
2235 5275 2250 5300 ,
2285 5235 2355 5289 ab
2393 5234 2690 5289 Ambrosio
2725 5231 3029 5304 profectum
3071 5247 3193 5287 esse
3223 5230 3374 5286 nobis
3411 5236 3509 5279 non

577 5342 700 5384 eum
729 5330 987 5386 videlicet
1015 5329 1176 5383 alium
1209 5328 1505 5384 habeamus
1528 5368 1544 5394 ,
1576 5343 1736 5400 quem
1769 5344 1799 5383 a
1831 5337 2024 5384 sancto
2053 5327 2292 5382 Prassulc
2312 5367 2327 5393 ,
2361 5335 2420 5381 ut
2449 5326 2514 5380 ad
2547 5325 2794 5381 eamdem
2829 5327 3019 5379 horam
3048 5325 3442 5380 concineretur,

575 5422 964 5492 compositum.
1006 5421 1202 5478 Caneri
1244 5436 1376 5478 vero
1415 5437 1648 5492 quorum
1693 5419 2027 5486 versiculos,
2067 5429 2160 5474 aut
2205 5419 2369 5474 etiam
2409 5418 2664 5487 strophas
2706 5427 2979 5488 tamquam
3013 5415 3395 5472 Ambrosianus
3417 5387 3785 5510 subiti"?

571 5528 678 5573 iam
711 5518 920 5572 crebris
950 5516 1167 5573 mendis
1200 5516 1469 5587 inquinati
1503 5524 1651 5580 sunt,
1683 5522 1742 5568 ut
1772 5514 1841 5569 ab
1871 5513 1989 5583 ejus
2021 5511 2125 5566 viri
2155 5511 2426 5581 elegantia
2459 5511 2620 5579 longe
2649 5508 3021 5566 abhorreant:
3051 5505 3294 5594 nonnulli
3315 5478 3770 5607 etiatn'jlﬁfifzgz:

573 5611 762 5668 uitatis
793 5612 930 5668 nihil
962 5610 1283 5682 praeferunt,
1306 5625 1428 5680 quae
1459 5607 1686 5678 singulis
1710 5607 1961 5663 versibus
1982 5604 2227 5675 singulos
2243 5616 2438 5659 sensus
2459 5603 2527 5659 ab
2549 5602 2841 5659 Ambrosio
2870 5600 3072 5658 includi
3103 5589 3448 5706 consueviss:
3465 5572 3782 5706 Beda-ftejﬂ‘;

648 5701 681 5706 -
788 5704 796 5706 _
1160 5701 1214 5706 __
1434 5699 1504 5706 --
1708 5699 1721 5706 -
2056 5696 2068 5706 .
2374 5697 2385 5706 .
2573 5697 2587 5706 .
2715 5696 2728 5706 .
2942 5696 2954 5706 .
3129 5689 3132 5692 .
3343 5691 3376 5706 ,ν
3455 5685 3624 5706 --.κη

648 5664 985 5778 υιιοιιεοίιῃὶτ
1014 5664 1386 5777 cognitionem
1417 5664 1682 5778 debevmus
1708 5699 1870 5756 beato
1901 5664 2266 5768 lldeplionso,
2296 5697 2386 5768 qui
2420 5697 2590 5778 semel
2620 5711 2684 5752 ac
2713 5696 2994 5778 iterum-in
3029 5679 3284 5756 sertnttne
3313 5669 3381 5744 de
3405 5669 3628 5778 Partur‘ifz
3649 5664 3686 5778 ξε

651 5729 967 5778 νιιυυυυιιιμ
1014 5729 1386 5777 υυιςιιιιιγιισιιι
1417 5729 1682 5778 υςνῠιιιιιυ
1709 5729 1870 5756 υῦᾱιυ
1902 5729 2266 5768 Ιιυυμιιυιιθυ.,
2296 5729 2386 5768 ll“!
2420 5729 2590 5784 §CIIICI
2620 5729 2684 5785 illa
2714 5729 2806 5776 "Pl
2822 5729 2911 5752 uul
2943 5729 2994 5781 l."
3029 5729 3281 5780 Ρῠιιιιγιιυ
3314 5729 3379 5744 νῦν
3405 5729 3427 5741 ⁵
3450 5729 3513 5737 ""
3554 5764 3564 5776 .
3601 5739 3608 5748 ι
3712 5729 3784 5795 ’,δέ

577 5788 766 5848 ri‘ﬂmt.
805 5793 864 5847 η.
901 5793 1089 5847 Marlar
1129 5793 1272 5863 Virg.
1305 5793 1536 5864 primum
1571 5783 1818 5862 ejusdem
1853 5793 2038 5862 hymni
2085 5790 2363 5858 stropham
2411 5776 2685 5862 tamquam
2720 5783 2787 5845 ab
2818 5787 3106 5846 Ambrostio
3151 5782 3487 5857 compositum
3521 5763 3628 5824 NW
3649 5753 3662 5812 ί
3686 5757 3710 5800 ⁰
3837 5814 3839 5866 Ι

3695 5913 3841 6114 Α

3505 6115 3680 6146 Α”Λ

3859 2713 3865 2860 ἱ
