4022 6192
549 188 685 248 Mli

619 316 645 345 α
676 300 985 360 Procedens
1011 297 1080 353 de
1112 293 1347 350 thalamo
1376 304 1498 359 suo,

549 375 777 435 Pudoris
806 371 927 426 aula
964 367 1109 438 regia
1130 409 1145 434 ,

549 448 791 507 Gemina:
812 442 974 513 Gigas
995 437 1312 513 subs_tanti:e
1330 478 1344 503 ,

550 517 763 578 Alacris
792 523 851 570 ut
880 510 1064 567 currat
1088 510 1254 565 viam.

627 590 891 661 Egressus
911 583 1032 661 ejus
1062 582 1281 661 a_Patre
1304 620 1319 645 ,

551 654 854 733 Regressus
876 656 994 726 ejus
1014 654 1081 709 ad
1101 655 1320 733 Pateem
1340 665 1355 715 ;

553 724 825 791 Excursus
854 724 1116 798 usquead
1151 724 1376 798 it_tt'e_ros,

554 806 832 862 Recursus
858 798 925 854 ad
940 794 1139 854 sedent
1174 794 1291 849 Dei.

628 871 878 946 Equalis
908 878 1124 946 aeterno
1141 866 1288 925 Patri

554 940 747 1007 Carnis
778 953 985 1014 tropteo
1015 940 1300 1014 accingere

559 1020 776 1077 Infirma
809 1010 979 1069 nostri
1006 1010 1255 1082 corporis

560 1092 770 1147 Virtute
801 1090 1022 1140 lirmans
1052 1079 1285 1151 perpeti.

632 1163 884 1227 Praesepe
904 1156 1016 1226 jam
1046 1154 1209 1224 fulget
1236 1159 1385 1209 tuum
1407 1189 1423 1215 ,

560 1236 877 1303 Lumeuque
906 1242 1013 1284 nox
1040 1227 1214 1303 spirat
1245 1235 1442 1303 novum
1466 1262 1480 1287 ,

559 1304 714 1373 Quod
744 1294 891 1373 nulla
922 1314 1025 1373 nux
1061 1294 1390 1365 interpolet,

559 1370 801 1447 Fideque
823 1370 939 1444 jugi
967 1371 1163 1425 luceat.

880 1510 1168 1569 HYMNUS
1205 1508 1271 1565 ν.

635 1660 953 1719 Illuminans
976 1653 1293 1711 Altissimus

564 1734 872 1791 Micantium
900 1740 1168 1781 astrorum
1197 1722 1413 1795 globos,

561 1806 673 1861 Pax
694 1846 707 1869 ,
737 1805 842 1857 vita
866 1842 880 1864 ,
904 1800 1083 1853 lumen
1102 1839 1123 1869 ,Α
1145 1795 1375 1860 veritas,

565 1867 701 1933 Iesu
726 1879 840 1928 fave
866 1867 1236 1941 precantibus.

638 1945 746 2002 Seu
772 1939 1000 2015 mystico
1028 1939 1354 2015 baptismate

566 2020 795 2075 Fluenta
822 2012 1075 2070 Iordanis
1104 2020 1250 2065 retro

566 2091 841 2144 Conversa
874 2077 1340 2155 quondamulerlio

568 2162 845 2218 Prmseutc
873 2150 1105 2213 sacraris
1131 2150 1240 2206 die.

641 2231 749 2288 Seu
772 2227 926 2283 stella
954 2233 1165 2296 partum
1198 2221 1433 2293 Virginis

567 2302 723 2359 Casio
752 2300 957 2355 micans
987 2296 1316 2365 sigttaveris;

570 2377 638 2430 Et
666 2375 765 2429 hac
789 2370 1073 2426 adoratum
1097 2365 1188 2421 die

569 2447 825 2513 Praesepe
855 2438 1309 2513 Magosduxeris.

644 2516 744 2570 Vel
762 2510 982 2585 ’hydriis
1009 2510 1185 2585 plenis
1215 2523 1371 2585 aquae

573 2588 699 2644 Vini
728 2579 977 2657 saporem
1012 2579 1277 2657 inl‘uderis
1301 2598 1316 2634 ε

575 2660 763 2715 Hausit
792 2652 1039 2711 minister
1065 2652 1318 2719 conscius
1338 2692 1353 2715 ,

572 2730 727 2800 Quod
760 2730 875 2798 ipse
908 2741 1014 2800 non
1046 2724 1387 2800 impleverat.

648 2794 831 2872 Aquas
858 2798 1093 2872 colorari
1122 2794 1335 2859 videns,

576 2868 851 2929 Inebriare
885 2868 1108 2925 (lumina
1129 2883 1144 2933 ;

578 2945 780 3000 Mutata
812 2942 1082 2999 elementa
1110 2945 1331 3007 stupent

580 3015 837 3071 Transire
863 3014 917 3068 itt
951 3024 1083 3067 usus
1106 3011 1329 3065 alteros.

650 3087 740 3143 Sic
769 3085 1007 3155 quinque
1039 3082 1286 3155 millibus
1305 3076 1439 3155 viris

577 3159 716 3213 Dum
740 3149 975 3226 quinque
998 3167 1166 3226 panes
1179 3149 1405 3226 dividis,

581 3221 871 3283 Edeutium
888 3221 1008 3279 'sub'
1022 3221 1276 3278 dentibus

577 3299 639 3356 In
667 3315 762 3354 ore
783 3296 1066 3351 crescebat
1091 3294 1265 3349 cibus.

655 3367 1113 3437 Multiplicabatur
1141 3365 1311 3435 magis

581 3441 879 3512 Dispendio
910 3440 1064 3512 panis
1093 3451 1233 3512 suo:

639 3502 800 3586 222
828 3502 962 3578 Quis
983 3508 1100 3586 base
1118 3506 1309 3586 videns
1330 3502 1614 3563 mirabitur

615 3580 979 3656 [igtETtteatus
1002 3580 1269 3656 fontium?

658 3651 799 3712 inter
824 3669 1016 3711 manus
1045 3651 1404 3722 frangentiutn

580 3729 747 3786 Panis
775 3728 981 3798 rigatur
1012 3724 1254 3798 prolluus
1279 3741 1293 3776 :

581 3802 788 3856 Intacta
815 3794 935 3870 tina:
967 3811 1073 3870 non
1104 3794 1401 3870 fregerant,

589 3865 917 3943 Fragmenta
946 3865 1249 3938 subrepunt
1272 3865 1425 3923 viris.

897 4010 1184 4071 IIYMNUS
1222 4010 1309 4069 Vl.

658 4159 838 4217 Orabo
863 4167 1047 4221 mente
1079 4157 1368 4225 Dominum
1390 4195 1403 4220 ,

589 4232 769 4289 Orabo
796 4231 958 4289 simul
980 4229 1205 4301 spiritu;

587 4305 666 4360 Ne
692 4319 798 4359 vox
823 4300 937 4357 sola
969 4300 1078 4357 Deo
1105 4308 1263 4356 canat
1280 4339 1295 4362 ,

589 4377 906 4445 Sensusque
937 4383 1122 4429 uoster
1153 4370 1280 4427 alibi

589 4449 818 4511 Ductus,
849 4445 1065 4500 aberret
1092 4445 1383 4505 ﬂuctuans,

585 4518 754 4577 Vanis
784 4522 1092 4589 praeventus
1116 4512 1355 4570 casibus.

894 4656 1179 4721 HYMNUS
1208 4653 1322 4713 VII.

664 4802 935 4875 Splendor
960 4802 1209 4875 Paterna:
1236 4798 1425 4871 glorias
1444 4840 1459 4867 ,

600 4878 678 4934 De
707 4873 826 4932 luce
852 4875 1027 4931 lucem
1052 4873 1334 4945 proterens
1352 4913 1370 4940 ,

1733 165 1979 228 SANC’I'I
2016 160 2345 237 AMBROSII
2391 156 2627 219 HYMNI.

1680 289 2001 348 Primordiis
2022 286 2163 343 lucis
2186 295 2340 339 novre

1686 361 1836 418 Diem
1867 362 1985 417 dies
2015 357 2346 414 illuminans.

1757 432 2039 502 Verusque
2067 430 2149 485 sol
2175 425 2399 502 illabere
2417 461 2432 484 ,

1685 506 1889 561 Micans
1921 495 2099 559 nitore
2125 495 2357 571 perpeti,

1685 577 1961 647 Jubarque
1988 566 2160 647 sancti
2188 566 2425 647 spiritus

1685 638 1914 707 Infund'e
1942 643 2144 702 nostris
2164 638 2434 707 sensibus.

1764 720 1912 775 Votis
1936 731 2191 771 vocemus
2217 722 2269 768 et
2304 719 2543 769 Patrem,

1692 794 1906 850 Patrem
1935 787 2192 861 perennis
2220 780 2439 861 gloriae,

1690 866 1908 922 Patrem
1934 852 2377 932 potentisgratiw
2392 891 2409 917 ,

1691 937 1916 1011 Culpam
1934 925 2143 1011 releget
2169 925 2452 1011 lubricam:

1764 1004 2024 1061 Informet
2055 1010 2209 1056 actus
2239 1004 2513 1065 Strenuos,

1696 1080 1898 1135 Dentes
1921 1072 2180 1131 retundat
2203 1066 2400 1131 invidi,

1692 1149 1863 1207 Casus
1891 1144 2153 1203 secundet
2183 1150 2406 1211 “peros
2424 1177 2437 1201 ,

1700 1221 1872 1281 Donet
1898 1216 2121 1290 gerendi
2152 1214 2404 1285 gratiam.

1772 1283 2003 1347 Mentem
2032 1283 2301 1360 gubernet
2328 1289 2382 1336 et
2410 1283 2595 1350 regat,

1696 1363 1860 1420 Casto
1898 1360 2045 1416 lldeli
2085 1369 2337 1428 corpore,

1699 1436 1862 1492 Fides
1892 1433 2074 1490 calore
2101 1425 2307 1484 ferveat
2326 1466 2341 1485 .

1702 1506 1928 1562 Fraudis
1953 1515 2158 1558 venena
2182 1496 2408 1573 nesciat.
2462 1563 2472 1573 .

1770 1577 2127 1644 Christusque
2156 1570 2320 1644 nobis
2337 1564 2407 1644 sit
2429 1562 2584 1619 cibus
2606 1599 2621 1626 ,

1702 1652 1975 1719 Potusque
1996 1638 2181 1700 noster
2200 1638 2446 1719 _sit_ﬁdes,

1702 1720 1835 1779 Laeti
1865 1712 2114 1776 bibamus
2140 1712 2374 1783 sobriam

1706 1790 2033 1849 Ebrietatem
2065 1785 2319 1857 Spiritus.

1776 1865 1958 1929 Laetus
1986 1860 2104 1915 dies
2132 1857 2223 1913 hic
2248 1857 2519 1929 transeat,

1706 1934 1886 1997 Pudor
1914 1926 1984 1999 sit
2010 1939 2067 1986 ut
2097 1926 2395 1987 diluculum
2414 1963 2429 1989 ,

1705 2005 1867 2063 Fides
1908 2004 2055 2076 velut
2093 1999 2375 2060 meridies,
2458 2062 2471 2076 .

1705 2075 2099 2148 Crepusculum
2131 2084 2287 2141 mens
2325 2071 2552 2148 neeeiat.

1778 2136 1986 2204 A'urora
2013 2159 2207 2201 cursus
2239 2136 2516 2212 provehit,

1708 2224 1921 2278 Aurora
1941 2227 2086 2274 totus
2109 2214 2336 2286 prodeat

1706 2294 1765 2348 In
1796 2292 1957 2353 Patre
1984 2284 2129 2349 totus
2153 2284 2325 2345 Filius

1709 2364 1779 2419 Et
1807 2372 1955 2421 totus
1978 2364 2032 2417 in
2065 2357 2247 2414 Verbo
2270 2356 2452 2412 Pater.

1997 2498 2285 2561 HYMNUS
2318 2497 2457 2555 VIII.

1782 2650 2014 2707 [Eterna
2034 2644 2237 2703 Christi
2262 2656 2490 2699 munera
2508 2681 2522 2707 ,

1713 2723 1780 2779 Et
1806 2731 2101 2779 martvrum
2138 2714 2423 2775 victorias,

1712 2794 1927 2851 Laudes
1949 2785 2191 2848 Ierentes
2220 2785 2431 2842 debitas
2448 2826 2462 2849 ,

1713 2866 1877 2922 Laetis
1903 2875 2164 2919 canamus
2191 2858 2485 2914 mentibus.

1787 2936 2152 2993 Ecclesiarum
2180 2928 2457 3001 principes
2470 2965 2487 2994 ,

1717 3009 1851 3065 Belli
1875 2999 2248 3074 triumphales
2263 2999 2453 3066 duces,

1716 3078 1967 3136 Caelestis
1998 3073 2136 3131 aulae
2164 3073 2384 3137 milites,

1718 3153 1785 3206 Et
1809 3164 1936 3205 vera
1967 3146 2151 3203 mundi
2180 3144 2404 3201 lumina.

1786 3223 2025 3276 Terrore
2054 3220 2197 3275 victo
2226 3213 2443 3279 surculi,

1720 3292 1929 3367 1223
1951 3290 2273 3360 Spretisque
2291 3278 2464 3367 pretiis
2480 3278 2749 3354 corporis,

1716 3358 2097 3420 massam
2122 3358 2468 3431 compendio,

1718 3437 1895 3492 Vitam
1923 3436 2135 3489 beatam
2166 3430 2471 3501 possident.

1789 3505 2101 3563 Traduntur
2132 3504 2242 3572 igni
2276 3510 2569 3572 martyres,

1719 3580 1788 3637 Et
1819 3577 2115 3634 bestiarum
2142 3572 2398 3631 dentibus
2418 3612 2434 3637 ,

1719 3654 1940 3708 Armata
1971 3650 2126 3704 saevit
2157 3645 2371 3718 ungulis

1720 3723 1967 3779 Tortoris
1997 3721 2173 3776 insani
2201 3730 2396 3772 manus
2415 3756 2430 3781 ,

1792 3794 2001 3850 Nudata
2035 3790 2272 3862 pendent
2293 3788 2501 3862 viscera
2516 3824 2532 3850 ,

1723 3866 1957 3937 Sanguis
1984 3858 2227 3937 sacratus
2250 3858 2494 3937 tunditur
2511 3898 2525 3921 ,

1724 3929 2182 4007 Sed-permanent
2207 3929 2515 4007 immobiles

1726 4004 2154 4078 Vitae—perennis
2178 4004 2375 4077 gratia.

1800 4072 2003 4136 Devota
2031 4072 2345 4133 sanctorum
2372 4072 2539 4137 ﬁdes,

1725 4153 1925 4208 InviCta
1964 4165 2091 4220 spes
2118 4145 2499 4220 credentium;

1729 4224 1971 4279 Perfecta
1998 4218 2203 4277 Christi
2236 4218 2507 4282 charitas,

1726 4294 1907 4351 Mundi
1932 4294 2229 4363 triumphat
2253 4289 2574 4363 principem.

1799 4365 1860 4421 In
1890 4365 1975 4420 his
2004 4365 2237 4420 Paterna
2264 4362 2470 4432 gloria,

1727 4438 1787 4493 In
1819 4438 1901 4491 his
1933 4436 2185 4491 voluntas
2212 4432 2359 4498 Filii,

1730 4507 1977 4564 Exsultat
2001 4507 2057 4562 in
2086 4506 2171 4561 his
2197 4504 2433 4576 Spiritus
2453 4543 2468 4570 ,

1725 4579 1935 4636 Caelum
1966 4578 2211 4649 repletur
2237 4574 2471 4649 gaudiis.

1798 4650 1876 4707 Te
1890 4648 2051 4718 nunc,
2069 4648 2756 4718 Redemptor,qu:esumus,

1727 4722 1798 4781 Ut
1820 4723 2064 4794 ipsorum
2084 4723 2364 4777 consortio

1728 4788 1933 4868 Jungas
1960 4802 2244 4868 precantes
2270 4788 2539 4868 servulos,

1731 4868 1789 4924 In
1815 4863 2146 4939 scmpiterna
2172 4863 2395 4923 saecula.
2424 4863 2617 4927 Amen.

593 5035 608 5045 ”
669 5040 695 5069 ⁸
725 5037 954 5096 Faustus
976 5036 1255 5117 ﬁegiensis
1274 5053 1289 5092 :
1311 5032 1542 5099 Prorede
1560 5032 1627 5097 de
1647 5030 1874 5090 thalamo
1892 5046 2005 5086 suo.

3756 143 3911 217 NII

3128 262 3412 323 HYMNUS
3446 262 3544 321 IX.

2892 410 3100 468 Somno
3128 409 3347 465 refectis
3374 406 3612 464 artubus
3630 447 3648 476 ,

2822 483 3021 553 Spreto
3047 481 3213 538 cubili
3239 480 3513 553 surgimus
3529 521 3544 546 ,

2824 551 3013 621 Nobis,
3045 553 3228 619 Pater,
3258 551 3586 611 canentibus

2825 627 3035 693 Adesse
3066 633 3122 680 te
3146 624 3511 695 deposcimus.

2898 697 2978 754 Te
3010 696 3191 767 lingua
3222 693 3453 767 primum
3482 693 3800 767 concinat,

2825 769 2903 825 'I‘e
2929 764 3129 824 mentis
3160 764 3325 823 ardor
3352 764 3592 835 ambiat;

2824 840 2897 899 Ut
2924 848 3140 896 actuum
3172 839 3513 910 sequentium

2825 911 2931 980 Tu,
2959 919 3167 972 sancte.
3200 909 3276 966 sis
3300 909 3612 965 exordium.

2898 984 3107 1040 Cedant
3132 981 3375 1037 tenebrae
3398 980 3614 1046 lumini,

2830 1053 2899 1110 Et
2920 1069 3028 1110 nox
3047 1053 3248 1110 diurno
3267 1052 3464 1116 sideri;

2831 1125 2900 1182 Ut
2924 1125 3086 1195 culpa
3113 1140 3278 1196 quam
3307 1139 3415 1181 nox
3441 1121 3655 1189 intulit,

2830 1196 2996 1263 Lucis
3025 1196 3266 1255 labascat
3292 1210 3539 1261 munere.

2900 1266 3199 1324 Precamur
3229 1267 3389 1329 iidem
3420 1264 3742 1334 supplices,

2830 1339 3011 1396 Noxas
3042 1349 3101 1394 ut
3128 1353 3322 1395 omnes
3348 1346 3639 1408 amputes;

2829 1410 2911 1469 Ne
2936 1426 3034 1467 ore
3065 1421 3119 1467 te
3142 1409 3457 1466 canentium

2832 1482 3096 1539 Lauderis
3127 1482 3179 1537 in
3211 1492 3553 1552 perpetuum.

2910 1555 3131 1619 Pra-sta,
3163 1552 3329 1609 Pater
3354 1553 3600 1623 piissime
3622 1592 3640 1619 ,

2842 1626 3096 1687 Patrique
3121 1639 3347 1687 compar
3382 1624 3574 1687 unice,

2896 1639 2986 1680 ιιι-ι
3029 1641 3096 1682 ne
3121 1639 3243 1681 com
3319 1641 3347 1680 r
3382 1639 3574 1687 ualeo,

2896 1641 3062 1777 22%
3082 1694 3216 1752 Cum
3245 1639 3448 1768 gfﬁritu
3476 1693 3759 1777 ρει-ξιοιίιο

2886 1765 3090 1842 ῖέῆειῆε
3115 1782 3212 1840 per
3234 1765 3396 1824 omne
3424 1765 3719 1824 sarculum.

3163 1909 3444 1971 HYMNUS
3477 1909 3549 1967 Χ.

2908 2057 3151 2125 Consors
3180 2054 3388 2125 paterni
3414 2053 3663 2120 luminis,

2912 2123 3029 2187 Lux
3057 2123 3355 2196 ipse’lucis,
3385 2134 3441 2181 et
3466 2124 3586 2181 dies
3602 2166 3619 2189 ,

2911 2204 3133 2256 Noctem
3162 2196 3411 2253 canendo
3440 2196 3781 2267 rumpimus,

2744 2254 2753 2257 ’
2842 2254 3051 2341 Assiste
3081 2267 3505 2341 postulantibus.

2916 2339 3096 2397 Aufer
3114 2340 3368 2396 tenebras
3398 2340 3666 2396 mentium
3688 2378 3704 2403 ,

2848 2412 2992 2481 Fuga
3022 2421 3269 2468 catervas
3295 2410 3603 2466 daemonum
3635 2428 3649 2461 :

2848 2483 3071 2554 Expelle
3100 2482 3517 2554 somnolentiam
3543 2524 3559 2548 ,

2846 2553 3272 2626 Ne’pigritantes
3297 2553 3514 2626 obruat.

2918 2623 3031 2691 Sic,
3060 2624 3300 2690 Christe,
3331 2624 3490 2681 nobis
3516 2623 3781 2681 omnibus

2848 2696 3134 2768 Indulgens
3155 2695 3537 2768 αφάωὲἱῇωέ

2849 2770 2917 2826 Ut
2942 2766 3112 2839 prosit
3138 2766 3514 2837 uorantibus,

2848 2840 3001 2909 Quod
3035 2840 3397 2912 praecidentes
3423 2839 3730 2910 psallimus.

3155 2979 3441 3047 IIYMNUS
3476 2981 3571 3041 XI.

2924 3126 2969 3184 0
2997 3126 3111 3182 Lux
3140 3125 3297 3183 beata
3328 3124 3599 3194 Trinitas,

2855 3199 2922 3254 Et
2950 3197 3268 3270 principalis
3284 3200 3493 3270 punitas,

2851 3269 2969 3327 Jam
3002 3271 3086 3326 sol
3116 3269 3324 3329 recedit
3350 3269 3543 3341 igneus
3566 3308 3585 3334 ,

2853 3342 3084 3398 Infunde
3115 3341 3299 3398 lumen
3320 3339 3600 3399 cordibus.

2924 3412 3003 3469 Te
3033 3426 3194 3473 mane
3224 3411 3441 3471 laudum
3471 3408 3747 3477 carmine,

2854 3484 2932 3542 Te
2952 3485 3321 3555 deprecamur;
3336 3496 3566 3555 vespere
3581 3522 3599 3547 ,

2856 3557 2935 3614 Te
2961 3553 3149 3613 nostra
3176 3553 3394 3625 supplex
3419 3553 3593 3625 gloria
3614 3592 3630 3616 ,

2857 3628 2961 3685 Per
2998 3636 3195 3685 cuncta
3225 3623 3405 3685 laudet
3429 3623 3660 3681 Saecula.

3143 3767 3437 3831 HYMNUS
3472 3767 3592 3825 XII.

2930 3912 3020 3969 Fit
3046 3919 3205 3984 porta
3233 3910 3439 3970 Christi
3470 3910 3695 3984 pervia,

2858 3985 3077 4042 Relerta
3112 3985 3269 4055 plena
3294 3984 3472 4055 gratia
3495 4025 3511 4050 ,

2859 4054 3186 4126 Transitque
3224 4054 3342 4113 Rex
3364 4098 3382 4122 ,
3413 4064 3471 4112 et
3499 4062 3811 4125 permanet,

2859 4128 3081 4196 Clausa,
3108 4135 3170 4185 ut
3194 4126 3321 4195 fuit,
3350 4142 3448 4197 per
3472 4126 3695 4184 secula.

2930 4198 3116 4256 Genus
3141 4198 3366 4269 superni
3393 4199 3613 4255 luminis
3629 4239 3646 4264 ,

2861 4270 3135 4327 Processit
3164 4270 3295 4341 auia
3322 4270 3577 4341 virginis,

2861 4341 3129 4414 Sponsus,
3162 4340 3500 4414 redemrttor,
3532 4340 3775 4399 conditos
3796 4378 3812 4407 .

2868 4411 2990 4484 Sita:
3021 4414 3179 4484 gigas
3203 4411 3489 4471 Ecclesiae.

2942 4483 3126 4540 Ilonor
3153 4485 3345 4547 matris
3368 4493 3426 4539 et
3439 4483 3727 4556 gaudium,

2870 4555 3143 4613 lmmensa
3171 4569 3303 4625 spes
3324 4554 3671 4613 credentium
3688 4596 3705 4624 ,

2869 4628 2973 4699 Per
3000 4636 3120 4699 atra
3150 4627 3341 4684 mortis
3367 4628 3596 4699 pocula,

2867 4697 3118 4756 Resolvit
3146 4705 3339 4756 nostra
3363 4697 3618 4756 crimina.
